3134 5252
345 393 410 455 214
463 383 468 390 ’
698 407 935 453 ornnounczmr
951 394 1123 464 nuperus.

344 571 475 635 invento
500 569 587 634 dicto
611 564 704 652 Rege
728 564 877 650 pluribus
903 565 1000 635 dietis
1025 564 1112 632 infre
1135 571 1260 632 terram
1276 565 1471 650 inpartibus
1565 627 1566 630 ,

343 676 513 757 Romanis,
537 696 636 759 super
660 675 838 742 embaxetu
852 674 914 740 sibi
933 675 1082 758 exposite
1096 695 1155 758 pro
1170 679 1266 758 purte
1283 681 1403 754 nostre,
1418 695 1465 739 re·

344 805 500 867 sponsum
516 786 641 865 hebuit,
659 785 746 869 quod
762 783 912 857 dominus
928 783 1002 849 Rex
1018 783 1061 849 ob
1076 803 1220 849 umorem
1237 789 1386 849 nostrum
1402 803 1472 848 oon-

343 898 453 959 tentus
469 898 521 959 est
535 894 642 958 vivere
658 893 693 957 in
708 911 790 975 pace
816 895 849 956 et
873 891 1019 957 amicitie
1038 912 1110 956 cum
1126 889 1212 956 dicto
1228 888 1341 971 Beno;
1363 909 1472 956 verum

343 1000 563 1084 conqueritur,
580 997 668 1083 quod
683 997 790 1064 dictus
806 996 930 1080 Bsnus,
940 1005 1132 1082 occupatam
1146 997 1211 1063 sibi
1225 999 1332 1063 tenuit
1341 1004 1375 1064 et
1384 1003 1472 1064 tenet

344 1106 510 1189 quandam
524 1111 649 1172 terram
675 1105 737 1171 sibi
762 1105 802 1170 de
828 1107 899 1172 iure
916 1111 1136 1190 spectantem
1160 1111 1193 1170 et
1208 1095 1295 1188 quod
1312 1126 1372 1188 pro
1387 1104 1469 1170 bono

344 1212 463 1294 quietis
489 1219 522 1278 et
547 1214 637 1297 pacis
662 1211 769 1295 vellet,
795 1209 882 1297 quod
905 1212 969 1297 ipsi
995 1213 1125 1280 domino
1139 1210 1233 1278 Bano
1250 1213 1398 1295 placeret
1413 1213 1471 1279 sibi

343 1340 415 1384 eam
431 1321 614 1401 restituere,
628 1321 717 1388 velut
731 1341 801 1386 rem
818 1342 919 1387 suum.
944 1319 991 1385 ut
1007 1323 1035 1385 si
1051 1320 1091 1386 de
1108 1321 1168 1386 hoc
1190 1319 1315 1385 fuceret
1330 1318 1470 1401 dubium,

342 1432 551 1494 contentetur
575 1429 644 1511 ipse
669 1428 751 1506 Rex,
776 1426 863 1512 quod
888 1428 929 1493 de
952 1428 1077 1494 iuribus
1102 1428 1246 1511 partium
1273 1448 1370 1510 super
1385 1427 1468 1493 lacto

343 1533 430 1600 dicte
453 1543 541 1601 terre
566 1557 624 1619 per
649 1535 778 1620 aliquos
804 1541 1027 1620 cognoscetur,
1049 1535 1203 1602 <lentibus
1218 1534 1369 1620 pertibus
1387 1533 1470 1600 suffi-

342 1643 464 1708 cientes
488 1649 521 1708 et
545 1643 688 1726 ydoneus
713 1643 874 1726 plenarius
899 1641 938 1709 de
964 1642 1174 1723 observando,
1198 1642 1284 1708 sicut
1308 1662 1368 1724 per
1384 1643 1468 1726 ipsos
1539 1625 1544 1638 ¹

342 1747 442 1813 fuerit
467 1751 687 1815 terminatum.
713 1748 759 1816 Et
782 1751 810 1814 si
836 1750 921 1815 forto
948 1748 1055 1815 dictus
1079 1747 1193 1830 Bonus
1209 1749 1310 1827 nolet,
1326 1749 1416 1832 quod
1431 1749 1471 1816 sd

244 1857 254 1868 ‘
341 1875 474 1939 presens
491 1863 741 1940 cognosceretur
757 1857 828 1938 hoc;
844 1863 1054 1921 contentetur
1068 1855 1230 1940 ipseRex,
1241 1855 1328 1939 quod
1337 1861 1471 1940 treugne

343 1965 430 2029 inter
444 1965 532 2048 ipsos
547 1963 674 2049 Regem
698 1971 732 2030 et
756 1963 887 2032 Beuum
911 1964 994 2030 fiunt
1008 1964 1051 2030 ed
1066 1971 1192 2031 certum
1207 1969 1336 2047 tempus
1350 1963 1471 2029 biennii

342 2070 395 2136 vel
410 2070 551 2154 triennii,
571 2078 609 2138 ut
625 2072 797 2153 videbitur,
822 2079 856 2137 et
881 2071 968 2155 qnod
992 2071 1086 2137 umbe
1101 2079 1212 2155 partes
1227 2075 1375 2155 prestent
1389 2069 1470 2135 suffi-

342 2177 465 2243 cientes
481 2180 640 2246 oeutellas
657 2187 690 2245 et
704 2180 866 2263 plenarias
891 2178 932 2246 de
956 2201 1022 2245 non
1046 2176 1308 2263 dampnifiosndo
1324 2198 1359 2242 se
1374 2177 1468 2243 alter-

239 2339 241 2346 ,
341 2289 451 2350 utrum
466 2287 554 2351 intre
571 2287 696 2354 dictum
711 2294 848 2371 tempus,
865 2293 899 2352 et
914 2287 954 2353 de
964 2286 1165 2353 observando
1175 2291 1208 2351 et
1217 2307 1283 2352 non
1292 2283 1470 2369 rumpendo

287 2477 288 2484 ἵ
342 2395 500 2476 treuguas
526 2392 593 2459 ullo
617 2394 723 2461 modo.
747 2396 795 2463 Et
819 2399 995 2479 propterea
1009 2394 1070 2459 hec
1084 2393 1147 2460 sibi
1161 2392 1380 2460 amicabiliter
1394 2397 1469 2457 note

342 2497 490 2582 facimus,
505 2505 544 2565 ut
559 2501 650 2583 sciet,
666 2501 745 2586 quid
761 2502 863 2568 hebet
877 2499 986 2568 lucere
1001 2502 1035 2567 in
1050 2501 1226 2586 premissis.

432 2641 468 2704 (A
481 2642 620 2693 velenczei
634 2641 762 2695 ›Secertu
774 2645 889 2696 Consilii
901 2644 1150 2711 Borestorum-bol
1160 2643 1217 2696 nit.
1230 2642 1265 2694 A.
1278 2643 1334 2694 vol.
1349 2643 1384 2704 1.)

871 3041 946 3106 201.

337 3201 370 3262 Α
386 3197 537 3263 udenczei
562 3200 839 3287 lcormdoytaoctcs
862 3201 1059 3288 mepeupedi,
1082 3201 1165 3284 hopy
1180 3221 1203 3263 a
1217 3198 1314 3284 pytri
1339 3199 1464 3282 pre'pcst

340 3328 398 3391 cyp
411 3306 559 3370 coruscat
575 3329 598 3371 a
608 3306 818 3394 lctiztrtrcciccip
829 3309 981 3375 birtolcdc
992 3306 1146 3372 euocet
1156 3305 1363 3370 coaetaneos
1377 3305 1465 3370 1346.

445 3463 546 3530 Anno
561 3461 821 3536 MOOOXLVI.
837 3468 889 3533 die
904 3463 1062 3535 XXVII.
1079 3464 1286 3532 Novembris.
1305 3461 1464 3547 Capta:

339 3569 437 3657 Quod
451 3572 691 3657 respondeatur
706 3574 846 3643 Domino
863 3575 988 3658 Pudue,
1003 3573 1218 3660 regreciundo
1233 3572 1264 3638 ei
1274 3573 1414 3639 multum
1427 3570 1464 3635 de

338 3678 556 3760 solicitudine,
580 3701 678 3764 quum
703 3681 819 3748 habuit
834 3689 867 3748 et
880 3683 983 3752 hebet
997 3683 1031 3748 in
1047 3680 1252 3766 quibuslibet
1276 3679 1398 3745 nostris
1414 3677 1464 3742 ho-

338 3786 492 3867 noribue3
524 3792 558 3854 et
583 3787 670 3871 quod
693 3789 869 3856 intellectis
894 3791 1013 3856 litteris
1037 3791 1104 3856 suis
1130 3789 1171 3854 (le
1194 3788 1284 3885 lecto
1308 3786 1464 3852 transitus

338 3893 504 3979 Prepesiti
519 3894 544 3961 J
545 3896 713 3978 curiensis,
729 3904 762 3962 et
786 3899 874 3965 illius
899 3899 1012 3967 cleriei
1027 3899 1085 3981 sui,
1102 3897 1159 3980 qui
1174 3896 1380 3980 premittitur
1396 3912 1464 3958 cum

338 4022 430 4087 equo,
446 4025 555 4069 sumus
571 4006 729 4087 contenti,
754 4006 841 4090 quod
864 4013 933 4072 tem
947 4007 1019 4090 ipse
1035 4006 1238 4091 Propositus,
1261 4022 1362 4086 quem
1379 3999 1463 4066 cleri·

338 4131 395 4176 cus
409 4111 576 4195 predictus
600 4113 726 4197 possint
750 4113 852 4179 libere
877 4115 1019 4180 transire
1034 4135 1093 4198 per
1109 4119 1257 4179 nostrum
1281 4109 1463 4176 districtum

339 4235 469 4299 secure;
493 4227 526 4286 et
549 4219 725 4287 mittantur
749 4222 780 4288 ei
804 4223 914 4288 littere
939 4225 979 4291 de
1004 4243 1117 4290 securo
1142 4222 1303 4289 conductu
1320 4239 1380 4302 pro
1396 4236 1463 4300 pre-

320 4361 321 4366 *
339 4322 436 4389 dictis
451 4323 626 4411 Prepesito
641 4336 675 4395 et
690 4331 807 4395 clerico
823 4332 962 4399 veliture
977 4353 1036 4416 per
1052 4333 1122 4400 dies
1138 4327 1210 4400 XV
1225 4333 1364 4396 tuntum.

423 4467 460 4535 (Δ
472 4469 609 4521 velenczei
623 4472 751 4526 »Secreta
763 4475 878 4526 Consilii
896 4475 1145 4542 Rogatus-amomi
1156 4477 1212 4529 Irit.
1226 4476 1258 4526 A.
1272 4485 1326 4534 vol.
1344 4487 1380 4548 l.)
