3134 5252
393 347 456 424 178
748 372 981 421 υπηοκΑοῑιΑῐ
998 361 1164 419 smenon.

388 537 516 616 illustri,
542 537 630 618 quod
654 538 725 620 ipse
741 536 803 600 hoe
833 556 918 599 anno
952 533 993 598 ed
1025 533 1175 614 Regnum
1210 529 1321 598 Sicilie
1338 527 1497 613 predictum

387 645 631 728 quomodolibet
654 667 718 724 uon
742 644 894 722 accedat3
921 643 948 706 si
964 644 1059 707 iuxta
1074 647 1254 706 tractatum
1276 636 1454 703 huiusmodi
1467 636 1498 701 alr

390 773 522 818 accessu
533 759 567 818 et
578 752 770 836 eggresione
781 752 885 834 Regni
904 749 1041 833 predicti
1057 771 1114 814 ros
1130 749 1173 814 ad
1189 771 1236 827 eo,
1247 769 1310 829 que
1321 748 1354 812 in
1364 743 1496 828 predictis

389 862 596 925 continentur
611 860 739 942 litteris,
756 858 943 924 nullatenus
968 857 1164 942 procedatis
1181 853 1217 921 Si
1243 875 1320 920 vero
1345 853 1415 918 Rex
1428 851 1496 916 idem
1538 881 1539 884 ¹

391 967 433 1032 od
449 963 599 1050 Regnum
616 967 721 1050 ipsum
738 967 902 1048 accedere,
926 966 975 1031 vel
990 965 1073 1030 illud
1089 963 1226 1048 aggredi
1248 960 1389 1028 forsitan
1403 980 1496 1044 procu·

391 1081 492 1154 reret,
503 1095 544 1138 ne
560 1074 622 1140 hoc
637 1095 715 1140 casu
724 1071 876 1157 Regnum
893 1074 998 1158 ipsum
1009 1079 1138 1140 careret
1152 1071 1270 1138 idoneo
1288 1069 1495 1150 defensoread

389 1181 602 1262 prestandum
619 1181 783 1246 licentiam
799 1188 832 1247 et
857 1202 1048 1246 consensum
1073 1201 1112 1246 ao
1144 1179 1417 1262 dispensationem
1438 1197 1496 1261 pre

390 1288 512 1353 dictam
527 1288 619 1354 iuxta
635 1296 782 1355 tenorem
798 1289 983 1354 litterarum
1006 1287 1242 1370 predictarum,
1266 1291 1363 1369 prout
1378 1285 1496 1369 pruden-

391 1395 435 1458 tie
452 1403 559 1461 vestre
576 1396 740 1463 videbitur
772 1395 967 1478 faciendum,
991 1417 1063 1461 cum
1089 1393 1239 1478 requisiti
1254 1392 1390 1473 fueritin,
1405 1414 1495 1476 proce

392 1502 488 1568 datis.
505 1502 667 1569 Primitus
688 1510 797 1569 tamen
823 1505 955 1588 proviso
982 1503 1165 1586 diligenter,
1191 1501 1345 1598 ordinatp
1362 1507 1396 1567 st
1410 1505 1496 1580 csutq

390 1611 478 1692 quod
494 1631 575 1693 puer
592 1610 725 1678 inclitus
742 1608 1045 1677 Caroluseiusdem
1061 1610 1199 1694 Regino,
1210 1617 1242 1675 et
1259 1599 1349 1675 clare
1364 1608 1495 1676 memorie
1539 1691 1540 1694 Ἴ

390 1717 525 1783 Andree
541 1717 644 1802 Regis
661 1717 771 1784 Sicilie
788 1720 847 1783 viri
865 1719 916 1783 sui
931 1719 1177 1801 primogenitus,
1194 1719 1241 1782 sic
1258 1717 1319 1784 sub
1335 1723 1414 1799 tuto,
1425 1714 1494 1779 lelici
1530 1739 1533 1749 ·

391 1830 424 1888 et
443 1823 580 1908 provida
596 1824 744 1890 custodie
761 1832 795 1890 ct
811 1846 891 1891 cure
906 1824 993 1891 fideli
1010 1846 1049 1891 ec
1080 1823 1222 1891 sollicita
1238 1826 1405 1892 nutrietur
1418 1829 1449 1888 et
1460 1831 1496 1886 te
1539 1847 1540 1850 ¹

389 1937 507 1997 nector
526 1931 678 1998 decenter
694 1933 785 1998 iuxta
812 1941 957 1999 tenorem
982 1933 1205 2014 articulorum,
1237 1951 1319 2016 quos
1345 1939 1389 2015 tu,
1411 1931 1496 1996 freter

388 2037 553 2122 Episcopo
569 2039 736 2120 Paduane,
752 2041 791 2106 de
809 2042 930 2106 nostris
946 2039 1097 2106 menibus
1114 2041 1284 2123 recepisti,
1301 2040 1386 2124 quod
1396 2039 1495 2105 nullius

390 2145 520 2210 sinistre
537 2147 729 2229 suspicionis
753 2149 894 2213 materie
917 2146 1024 2213 locum
1048 2147 1169 2213 habeat
1194 2148 1245 2213 vel
1270 2147 1391 2214 habere
1406 2147 1494 2213 relect
1538 2155 1539 2160 ’

389 2252 635 2332 quomodolibet
651 2254 683 2318 in
699 2253 762 2319 hac
787 2263 899 2338 parte3
923 2276 962 2318 ao
986 2254 1214 2320 nichilominus
1238 2255 1323 2321 inter
1353 2256 1494 2338 Reginam

389 2358 588 2441 predictam,
615 2369 648 2425 et
672 2361 746 2426 illos
772 2361 812 2428 de
839 2363 934 2428 domo
959 2369 990 2427 et
1017 2364 1172 2446 progenie
1195 2363 1319 2446 Regia,
1342 2363 1494 2447 presertim
1565 2445 1567 2456 Ι

390 2465 523 2533 dilectos
564 2466 649 2532 filios
690 2468 815 2535 nobiles
856 2471 972 2536 viros.
999 2519 1037 2534 ..
1072 2470 1257 2555 Principem
1291 2472 1494 2552 Tarentinum,
1565 2471 1567 2480 ⁴

390 2580 447 2638 et.
471 2625 478 2638 .
502 2627 509 2641 .
533 2575 660 2643 Ducem
687 2576 832 2660 Duratii,
857 2581 1064 2662 ipsorumque
1094 2577 1223 2660 fratres,
1248 2588 1280 2644 et
1311 2581 1393 2645 inter
1421 2580 1493 2663 ipsos
1565 2581 1567 2616 ³

388 2683 487 2749 etium
502 2685 637 2750 invicem
654 2687 751 2770 plene
767 2687 943 2752 concordia
968 2688 1170 2754 reformetur.
1192 2684 1249 2753 Sic
1265 2688 1365 2772 igitur
1379 2692 1493 2762 mature,

387 2790 533 2855 consulte
550 2813 588 2856 ec
604 2793 737 2875 provide
754 2795 845 2858 iuxta
860 2795 1074 2860 intentionem
1091 2802 1239 2861 nostram
1264 2793 1442 2860 huiusmodi
1454 2813 1493 2856 su·

387 2917 447 2979 per
461 2897 618 2979 predictis
634 2899 782 2966 omnibus
800 2905 962 2966 eteorum
978 2902 1114 2985 singulis
1139 2923 1194 2968 vos
1211 2903 1343 2984 geretis,
1360 2901 1440 2983 quod
1452 2920 1491 2963 re·
1563 2913 1564 2918 ’

387 3011 457 3069 stro
483 3007 586 3086 possit
611 3012 644 3071 et
669 3007 787 3073 debeat
818 3008 935 3074 exinde
960 3008 1111 3076 discretio
1138 3011 1254 3076 merito
1286 3006 1492 3077 commendari

386 3109 509 3178 Datum
525 3111 689 3178 Arinione
706 3113 805 3184 XVI.
823 3114 980 3182 kalendas
1006 3115 1149 3201 Augusti
1174 3117 1390 3184 Pontificatus
1407 3113 1492 3182 nostri

385 3240 469 3283 anno
487 3221 610 3302 quinto.

701 3385 758 3446 (VI.
773 3386 904 3435 Kelemen
918 3387 991 3451 pepe
1005 3387 1191 3450 regestdibdl.)

918 3871 989 3934 174.

427 4027 547 4092 Dusae
564 4029 676 4094 Islodn
693 4031 779 4093 szerb
794 4030 978 4117 lcc'rdlynalc
994 4032 1116 4097 klioetei
1136 4033 1351 4102 Velenczc'ben.
1370 4038 1455 4100 1346.
1559 4075 1560 4082 1

489 4187 588 4253 Anno
606 4187 862 4258 MOCOXLVI.
879 4191 931 4256 die
948 4191 1090 4258 XXIX.
1119 4195 1144 4259 J
1147 4194 1213 4259 ulii.
1236 4195 1397 4280 Capta:
1413 4189 1493 4278 Quod

381 4295 619 4376 respondeatur
636 4297 926 4364 Ambassatoribus
942 4300 1066 4365 domini
1082 4302 1185 4386 Regis
1201 4303 1318 4386 Rexie,
1333 4301 1492 4385 regratian-

383 4400 424 4463 do
442 4401 471 4464 ei
497 4403 536 4465 de
562 4403 649 4468 bono
670 4404 837 4470 voluntate
864 4411 896 4469 et
922 4426 1043 4490 magna
1058 4407 1237 4490 affectione,
1254 4433 1351 4493 quem
1367 4407 1490 4474 ostendit

384 4509 427 4572 ad
442 4516 590 4575 nostrum
608 4513 774 4592 honorem,
789 4533 860 4577 cunr
878 4513 945 4578 illis
962 4517 1084 4598 pulcris
1096 4517 1213 4596 verbis,
1226 4539 1288 4600 que
1298 4519 1491 4592 videbuntur;
