3220 5248
633 381 726 445 135e.
1175 391 1238 453 tot

109 555 197 621 ratio
221 556 318 621 reddi
343 557 448 640 debet,
475 564 506 623 et
532 559 618 641 quod
642 583 700 643 per
727 563 833 645 ipsum
867 561 1031 630 domiuum
1056 566 1183 633 Ducem
1208 575 1241 636 et

110 685 268 749 sequaces
285 688 357 732 cum
372 667 480 747 terris,
495 667 576 732 locis
592 674 624 732 et
641 667 778 734 subditis
795 670 863 735 suis
879 677 911 736 et
926 693 984 756 per
1000 695 1058 739 nos
1074 682 1107 739 et
1118 698 1240 744 succes-

110 793 200 839 sores
225 780 364 853 nostroe,
388 775 507 858 prelati
530 775 727 842 adherentes
752 782 785 841 et
811 797 968 858 sequaces
992 781 1094 863 ipsius
1118 783 1239 851 domini

109 881 212 946 Ducis
228 887 262 946 et
277 872 527 948 Communitatis
543 905 616 947 cum
631 884 736 964 terris,
752 884 834 950 locis
850 892 883 951 et
899 886 1038 954 subditis
1055 890 1120 955 suis
1145 893 1240 959 resti-

109 995 246 1055 tuantur
261 991 295 1055 in
312 1011 350 1055 eo
366 996 463 1074 statu,
479 998 513 1057 et
529 993 576 1056 sie
593 997 775 1058 tractentur
791 994 944 1078 dulciter,
960 998 1179 1065 amicabiliter
1203 1007 1238 1066 et

99 1084 263 1180 benigne,
287 1104 321 1163 et
344 1099 377 1163 in
403 1120 443 1164 ea
466 1121 549 1183 pura
565 1121 604 1166 ac
620 1102 746 1167 sincera
767 1101 989 1170 benivolentia
1014 1112 1046 1171 et
1071 1129 1191 1189 amore,
1207 1115 1241 1174 et
1319 1149 1322 1154 ·

110 1205 170 1272 sub
187 1205 255 1270 illis
270 1204 437 1272 favoribus
454 1215 487 1273 et
502 1207 719 1292 libertatibus,
730 1209 848 1294 quibus
858 1219 995 1280 erantet
1012 1217 1241 1284 tractabantur

110 1320 188 1380 ante
212 1313 405 1381 adheeiones
421 1314 576 1400 prefatae,
593 1324 626 1383 et
642 1319 725 1382 sicut
741 1319 767 1384 si
783 1339 949 1404 nunquam
974 1323 1071 1388 alicui
1096 1325 1240 1408 partium

110 1421 327 1506 adhesissent,
343 1424 420 1508 ipsis
435 1445 530 1490 versa
545 1427 611 1490 vice
627 1425 830 1492 facientibus.
853 1426 1011 1494 Preterea
1035 1433 1240 1500 convenimus

109 1538 143 1596 et
168 1529 345 1597 concordes
370 1531 498 1612 fuimus,
516 1533 603 1616 quod
620 1554 729 1598 omnes
746 1540 779 1599 et
795 1535 916 1618 singuli
941 1537 1034 1618 eirea,
1059 1537 1181 1605 subditi
1207 1547 1240 1607 et

107 1639 223 1704 fideles
240 1639 328 1705 ldieti
353 1638 476 1706 domini
490 1640 593 1707 Ducis
609 1649 640 1706 et
657 1639 910 1709 communitatis
926 1642 1153 1732 Veneoiarum,
1181 1649 1238 1716 ha·

107 1747 225 1813 bentes
251 1747 372 1833 domoc,
395 1756 501 1815 terras
530 1756 587 1815 aut
611 1751 695 1816 alias
731 1751 894 1835 quaslibet
927 1757 1148 1838 possessiones
1177 1757 1240 1823 sibi

108 1855 356 1938 quomodolibet
381 1857 581 1940 pertinentes
605 1859 640 1923 in
654 1857 818 1943 aliquibus
844 1861 1038 1943 civitatibus,
1064 1866 1164 1929 terris
1189 1864 1239 1930 vel

106 1965 192 2029 locis
208 1964 450 2048 presentialiter
466 1966 515 2030 vel
531 1965 566 2030 in
580 1965 726 2032 futurum
752 1967 891 2034 subditis
908 1968 1081 2037 Maiestati
1105 1971 1238 2055 Nostro,

1 2115 2 2118 =
108 2094 168 2138 seu
185 2094 296 2138 earum
306 2073 529 2155 Districtibus,
544 2075 625 2159 ipsis
642 2077 794 2160 guadere,
811 2077 859 2143 uti
874 2083 907 2144 et
923 2076 989 2144 frui
1003 2080 1129 2164 possint
1137 2080 1240 2146 libere

106 2181 247 2266 pacifice
263 2188 296 2248 et
313 2184 422 2265 quiete
438 2183 508 2248 sine
525 2184 783 2251 contradictione
799 2185 849 2250 vel
865 2187 1017 2253 molestia
1035 2188 1189 2268 alicuius3
1207 2192 1240 2253 et

108 2289 262 2356 similiter
286 2291 347 2356 fiat
371 2291 492 2356 nostris
508 2313 566 2375 per
581 2314 645 2372 eos,
661 2313 699 2358 eo
716 2299 860 2376 excepto,
880 2294 966 2376 quod
992 2293 1035 2360 ad
1058 2295 1239 2362 tollendum

1 2453 3 2461 ,
107 2421 205 2466 omne
230 2397 420 2464 scandalum
443 2398 492 2464 illi
508 2399 639 2480 Veneti,
654 2401 711 2484 qui
726 2399 886 2466 baberent
902 2402 1015 2468 domos
1041 2404 1091 2469 vel
1115 2424 1240 2487 posses-

107 2509 218 2572 siones
233 2507 321 2573 intra
337 2527 445 2573 muros
462 2507 643 2573 Oivitatum
658 2514 843 2574 nostrarum
859 2509 965 2577 Jadre
981 2517 1015 2577 et
1030 2509 1133 2595 Nona,
1151 2511 1239 2595 ipsas

106 2613 193 2680 dare
220 2620 391 2680 teneantur
417 2620 449 2678 et
474 2614 615 2682 debeant
633 2637 691 2699 per
707 2616 948 2683 extimationem
973 2619 1058 2685 iusto
1086 2626 1120 2685 et
1143 2618 1238 2702 largo

105 2722 206 2789 modo
221 2722 362 2788 fiendam
377 2745 435 2806 per
451 2724 532 2790 duos
548 2722 633 2790 viros
648 2724 790 2808 ydoneos
806 2725 974 2811 eligendos
989 2748 1048 2811 pro
1064 2733 1160 2811 parte
1184 2749 1239 2792 no·

106 2837 192 2910 stra,
207 2836 238 2897 et
254 2828 334 2896 duos
350 2830 513 2913 eligendos
534 2853 594 2915 pro
610 2838 705 2917 parte
721 2853 842 2914 eorum,
857 2832 1041 2901 iuramento
1058 2833 1239 2917 astringen-

105 2938 188 3020 doe;
215 2957 313 3020 quam
329 2937 574 3004 extimationem
590 2960 649 3004 sen
667 2939 812 3023 precium
837 2941 1058 3008 extimationis
1081 2941 1238 3007 faciemus

1 3061 2 3065 ’
105 3048 158 3111 eis
184 3045 264 3110 solvi
288 3043 376 3110 inire
401 3045 483 3113 duos
507 3066 632 3111 menses
658 3053 834 3130 postquam
858 3049 932 3131 ipsa
955 3049 1124 3115 extimatio
1150 3048 1239 3116 facta

104 3153 209 3219 fuerit
224 3176 296 3219 cum
312 3154 511 3236 integritate,
527 3173 590 3237 que
607 3154 740 3234 quidem
756 3156 984 3224 extimationes
1004 3156 1073 3221 fieri
1098 3155 1239 3222 debeant

104 3261 187 3327 hinc
210 3261 253 3325 ad
276 3282 332 3327 sex
357 3282 481 3326 menses
505 3261 739 3345 computandos
756 3285 776 3328 a
792 3263 846 3328 die
862 3263 1014 3330 datarum
1038 3267 1239 3349 presentium

104 3374 303 3440 litterarum.
330 3370 489 3436 Similiter
506 3372 606 3436 etiam
623 3376 838 3454 convenimus,
855 3371 950 3458 quod.
961 3373 1088 3439 duobus
1114 3373 1238 3439 civibus

103 3481 337 3560 Jadrensibus,
363 3481 417 3563 (pri
443 3478 537 3544 modo
564 3486 639 3568 stunt
662 3478 826 3565 Veneriis,
862 3482 1013 3548 videlicet
1038 3482 1171 3549 Marino
1197 3484 1238 3549 de

105 3588 278 3656 Canaruto
304 3593 337 3654 ct
354 3588 441 3654 Zove
457 3588 496 3653 do
513 3587 636 3669 Pizolo,
653 3589 868 3655 restituantur
883 3591 1012 3673 integre
1024 3591 1134 3656 omnia
1150 3591 1238 3657 bona

103 3719 177 3775 sua,
203 3718 264 3780 que
289 3695 449 3762 baberent
464 3695 498 3759 in
514 3695 621 3760 Jadra
637 3696 688 3760 vel
705 3696 771 3761 alia
794 3697 908 3781 aliqua
923 3704 1017 3780 part-e
1042 3700 1147 3764 nostri
1172 3697 1240 3764 Do·

104 3805 212 3886 minii,
227 3811 260 3870 et
276 3805 362 3888 quod
379 3805 458 3889 ipsis
475 3803 629 3886 gaudere,
644 3805 692 3870 uti
708 3811 740 3870 et
755 3804 819 3871 frui
835 3806 961 3888 possint
976 3805 1079 3872 libere
1103 3806 1239 3890 pacifice

51 3931 55 3934 ·
105 3921 142 3980 et
158 3915 265 3997 quiete
282 3914 405 3997 absque
421 3912 652 3998 impedimento
668 3913 718 3980 vel
734 3915 921 3980 turbatione
936 3914 1136 3998 cuiusquam,
1148 3915 1239 3979 dum·

105 4022 205 4088 modo
230 4044 303 4088 curn
328 4022 475 4106 personis
501 4022 568 4086 suis
593 4025 681 4087 stent
708 4027 740 4087 et
767 4020 918 4086 habitent
942 4025 1036 4086 extra
1061 4018 1238 4086 Civitatem

103 4132 131 4198 J
134 4131 215 4197 adre
239 4136 272 4195 et
297 4131 366 4196 eius
382 4130 587 4196 Districtum.
608 4127 682 4213 Que
699 4130 810 4195 omnia
835 4136 869 4195 et
894 4128 1024 4212 singula
1043 4129 1233 4212 supradicta

102 4261 167 4325 per
190 4260 249 4304 uos
274 4244 307 4303 et
323 4259 523 4305 successores
540 4245 679 4316 nostros,
696 4245 728 4303 et
745 4257 854 4303 omnes
870 4237 1072 4321 pertinentes
1098 4237 1141 4303 ad
1165 4259 1234 4322 nos,

103 4345 328 4432 promittimus
344 4351 377 4410 et
392 4344 570 4411 iuravimus
587 4367 660 4410 cum
676 4343 892 4427 infrascriptis
908 4341 1030 4410 nostris
1046 4343 1235 4414 Beronibus

105 4455 151 4520 ad
162 4451 286 4519 Sancta
296 4452 359 4517 Dei
369 4453 553 4536 Evangelia
561 4454 660 4518 tactis
672 4452 851 4535 scripturis,
861 4450 1091 4518 inviolabiliter
1102 4460 1135 4517 et
1150 4454 1237 4521 bona

104 4561 171 4634 fide
187 4559 326 4652 [servare
352 4569 385 4628 et
399 4561 507 4631 iacere
523 4561 700 4644 observari,
717 4567 750 4626 et
769 4582 834 4626 non
851 4562 1078 4632 contravenire
1094 4582 1154 4650 per
1178 4583 1236 4631 nos
