3134 5252
587 373 681 436 1³46.
1131 378 1195 439 213

10 555 12 630 ξ
86 549 181 634 dimus,
196 551 281 634 quod
305 550 436 618 reoedst
461 549 578 616 deinde
602 549 835 634 proveniendo
851 548 1009 618 Venetiae
1025 553 1192 620 occasione

10 673 12 730 i
86 659 261 742 presentium
278 678 446 740 novorum,
462 677 535 724 oum
550 656 727 724 habeamus
752 676 925 742 personam
942 677 1034 724 suem
1051 679 1113 744 pro
1129 681 1195 725 uno

10 785 12 874 ',
85 767 138 832 alio
151 771 258 833 nostro
275 766 422 832 exercitu
438 771 534 850 perte
549 763 603 844 ibi,
619 785 718 848 quum
735 764 775 830 de
791 765 864 850 ipso
880 765 1024 849 gerimus
1040 765 1194 832 fidueiem

9 891 12 956 l
85 874 250 957 pleniorem

173 982 339 1066 Oepts:
365 979 574 1046 Examinetis
606 979 724 1044 litteris
755 978 900 1045 Nicolini
933 977 1066 1047 Noterii
1098 977 1197 1049 Ourie

9 1065 11 1090 ³
84 1089 218 1156 Dominio
248 1091 357 1156 missis
388 1109 486 1171 super
511 1086 599 1153 fsoto
624 1086 786 1154 concordii
812 1086 888 1152 fecti
919 1089 1005 1154 inter
1036 1085 1198 1156 Comitem

83 1197 246 1264 lsssdinum
262 1219 301 1262 ex
318 1203 412 1280 parte
428 1216 503 1276 uns,
529 1203 562 1261 et
586 1195 752 1261 dominum
767 1192 898 1262 Beuum
916 1193 1054 1262 Bossine
1070 1204 1104 1263 et
1120 1195 1195 1268 illos

9 1313 11 1380 l
84 1304 151 1371 duos
165 1304 298 1371 Selsvos
315 1324 356 1370 ex
372 1301 496 1382 altere3
513 1309 546 1368 et
556 1302 728 1368 intellectis
741 1302 858 1383 verbis,
874 1323 937 1387 que
953 1309 1124 1370 moventur
1139 1326 1197 1389 per

9 1409 11 1508 ,
84 1409 227 1480 Comitem
252 1411 441 1503 Mlsdinum
465 1409 658 1494 predictum,
685 1431 747 1494 que
773 1416 850 1476 sunt
864 1409 1009 1476 turbatio
1028 1410 1109 1477 dieti
1124 1433 1199 1477 eon·

9 1511 11 1540 ¹
84 1520 170 1587 cordii
186 1526 302 1586 eontra
316 1519 359 1602 id,
376 1518 465 1602 quod
489 1518 641 1602 promisit
658 1517 764 1584 fecere
780 1539 940 1602 expresse,
956 1523 990 1584 et
1005 1526 1136 1602 possent
1150 1521 1198 1584 in-

9 1613 12 1634 ’
83 1631 185 1698 ducere
209 1631 366 1696 maiorem
391 1627 638 1708 discensionem,
666 1648 764 1712 quam
790 1627 896 1712 prims
913 1634 1002 1710 eret;
1026 1628 1199 1696 consulunt

8 1732 10 1764 ¹
83 1741 236 1823 sepientes,
254 1735 344 1821 quod
359 1735 521 1802 scribatur
536 1735 624 1802 dioto
651 1731 770 1802 Oomiti
786 1733 945 1818 Mledlno,
962 1736 1122 1820 quomodo
1139 1759 1198 1822 per

82 1846 194 1914 litteras
208 1845 286 1914 dieti
302 1843 447 1911 Nioolini
463 1843 684 1912 intelleximus
700 1845 907 1911 concordium
918 1853 1096 1913 trsotutnm
1112 1848 1198 1912 inter

82 1955 172 2036 ipsum
198 1959 231 2020 et
254 1954 419 2020 dominum
443 1951 575 2018 Bonum
600 1951 731 2034 Rosiae,
758 1952 846 2036 quod
861 1953 955 2019 nobis
971 1953 1066 2020 uelde
1081 1953 1198 2038 placet

82 2059 136 2128 Sed
158 2065 236 2146 quis
259 2061 489 2142 intelleximus,
516 2059 603 2144 quod
628 2061 698 2144 ipse
719 2081 784 2126 non
800 2064 1007 2126 contentetur
1023 2059 1063 2126 <le
1078 2061 1198 2127 instru-

83 2175 177 2236 mento
193 2167 386 2248 distineri,
412 2165 556 2250 sigillato
581 2187 640 2232 suo
666 2167 784 2251 sigillo,
800 2175 833 2233 et
848 2173 1025 2251 propterea
1040 2187 1105 2233 nou
1121 2167 1199 2234 velit

83 2274 175 2342 lesere
190 2275 260 2344 lieri
276 2295 370 2342 suum
385 2277 635 2339 instrumentum
661 2272 805 2340 (lendum
825 2271 931 2339 eidem
946 2271 1077 2340 domino
1093 2271 1198 2354 Bene,

81 2403 130 2449 neo
143 2383 339 2450 relnxsverit
363 2387 553 2460 eeroerstos,
578 2381 634 2464 qui
660 2386 736 2446 sunt
761 2379 960 2462 Sehordone,
976 2386 1013 2446 ut
1028 2381 1196 2466 promisit3

81 2510 219 2574 rogemus
235 2493 342 2576 ipsum
358 2493 527 2572 instanter,
552 2493 714 2573 quatenus
730 2489 792 2554 sibi
808 2488 939 2574 pleoest
955 2487 1135 2573 adimplere
1152 2487 1196 2570 id,

82 2600 156 2680 qood
172 2606 352 2666 tractatum
371 2603 429 2679 est,
444 2619 517 2663 oum
533 2595 634 2662 feoist
650 2617 710 2680 pro
727 2598 798 2679 ipso
814 2601 847 2660 et
863 2597 1109 2663 conservatione
1125 2617 1197 2678 sue,

83 2727 114 2771 ee
128 2729 182 2791 pro
197 2707 282 2773 bono
299 2710 390 2769 stetu
406 2702 576 2771 Solevonie
601 2703 723 2769 hebere
739 2723 853 2786 paoem
869 2708 902 2767 et
915 2702 1038 2768 bonum
1053 2723 1197 2769 emerem

82 2835 144 2879 oum
158 2815 286 2880 domino
302 2810 399 2877 Bene
424 2811 562 2878 Bossine
588 2816 620 2875 et
644 2810 717 2877 eliis
744 2808 884 2889 sclavis
909 2809 1083 2893 exquibus
1101 2810 1195 2876 nobis

7 2997 9 3006 ,
80 2921 244 3004 plurimum
259 2919 483 3004 eomplsoebit,
507 2918 713 2984 intendentes
732 2918 873 3000 omnino,
890 2917 976 3001 quod
993 2918 1197 2984 concordium

82 3029 230 3113 inceptum
255 3028 461 3112 compleatur
486 3048 544 3111 per
570 3027 696 3110 ipsum3
720 3031 753 3091 et
778 3046 835 3091 nos
860 3045 919 3109 pro
951 3029 1047 3108 perte
1073 3031 1197 3106 nostre,

82 3141 243 3221 postquem
269 3136 428 3202 ambabus
454 3132 604 3218 pertibus
629 3133 763 3216 placuit,
782 3139 988 3217 eoeeptemus
1004 3137 1037 3196 et
1053 3134 1198 3200 contenti

81 3261 176 3308 sumus
192 3264 300 3309 omnes
317 3240 517 3310 differentias
534 3244 568 3306 et
584 3241 771 3325 questiones
787 3239 932 3324 partium
947 3239 1128 3304 terminari.

155 3387 187 3450 (Δ
199 3388 339 3439 velenezei
354 3388 482 3440 »Semele
494 3385 607 3437 consilii
620 3382 876 3450 Eupatorem-bel.
890 3383 945 3434 nit.
958 3379 992 3433 A.
1003 3383 1057 3434 vol.
1075 3384 1109 3446 1.)

547 3546 707 3554 ffi--u

7 3931 12 4016 l
82 3941 107 4004 Α
123 3944 265 4010 oslenezsi
280 3943 558 4030 tomosytasucs
573 3943 695 4007 Dusae
711 3936 837 4022 quen,
852 3941 941 4006 πανὺ
952 3940 1074 4026 kirtly,
1090 3941 1122 4003 ts
1137 3940 1198 4006 let·

128 4056 184 4116 oen
199 4052 344 4118 tosseim·
361 4051 425 4116 bun
437 4053 513 4116 ls'o'zt
528 4052 712 4137 selloetstqet
728 4051 826 4112 kioctn
843 4047 1023 4134 alapitani.
1041 4047 1137 4112 1346.

175 4210 272 4278 Anno
300 4207 559 4280 MOOOXLVI.
584 4209 635 4276 die
660 4206 764 4274 XXI.
789 4206 993 4272 Novembris
1025 4202 1199 4292 Capta:

84 4318 159 4398 quod
182 4320 341 4387 scribetur
365 4317 518 4385 Nioolino
543 4316 683 4382 Noterio
709 4321 830 4396 nostro,
856 4314 944 4398 quod
969 4314 1070 4380 facist
1085 4322 1197 4380 notum

7 4459 9 4526 ᾗ
83 4443 135 4505 per
146 4425 315 4510 dompnum
331 4425 476 4510 Helyem
501 4426 631 4490 domino
654 4424 750 4490 Bene
775 4422 923 4502 Bossine,
950 4421 1091 4506 qualiter
1107 4425 1198 4489 Nun·

7 4527 12 4620 ᾗ
84 4529 142 4598 eius
164 4541 278 4620 noster,
303 4535 418 4602 missus
444 4531 487 4600 ed
512 4531 639 4620 Regem
663 4529 778 4612 Rexie,
803 4529 901 4596 rediit
932 4530 1086 4612 reserens,
1111 4527 1198 4617 quod
