3166 5256
1 389 3 452 ι
582 321 677 402 lale.
1145 331 1188 402 97

1 501 2 557 l
78 491 151 592 quod
165 505 204 574 ds
218 495 359 594 dampno
375 501 526 578 fidelibus
536 515 658 580 nostris
669 515 711 578 de
726 503 886 597 Sybenico
902 513 997 581 illsto
1013 537 1070 599 per
1086 511 1188 584 Budi-

76 613 203 684 sslsrum
216 613 368 700 Vngnich
383 624 418 683 et
441 621 625 686 comitivam
650 641 742 687 susm
766 621 800 686 in
826 623 894 686 suis
911 620 998 688 villis
1015 628 1048 688 81
1063 623 1188 690 enima-

74 721 155 808 libus,
168 745 230 789 non
245 723 410 792 modicum
426 727 643 809 condolemus,
668 737 702 794 81
730 735 905 813 propterea
932 729 1043 796 circha
1058 750 1190 798 conser-

72 832 221 898 vationem
236 839 270 899 81
286 832 516 902 deffensionem
541 858 643 918 suam,
668 836 814 904 locorum
840 843 873 904 et
897 836 1057 906 bonorum
1085 839 1190 906 inten-

0 963 1 966 ’
20 993 23 998 .
73 938 163 1008 dimus
177 941 359 1024 prouidere,
374 944 460 1022 sicut
474 943 568 1009 nobis
584 943 747 1010 ridebitur
767 943 920 1030 expedire
950 945 1013 1012 stb.

164 1048 326 1133 Capta:
350 1049 449 1135 Quod
473 1051 638 1118 scribatur
662 1053 785 1118 nostris
802 1049 988 1120 Oomitibus
1008 1051 1139 1139 Spoleti
1157 1061 1190 1122 81

1 1175 3 1265 p
72 1153 218 1239 18888811,
244 1159 336 1239 quod
361 1179 426 1224 non
449 1160 647 1243 permittant
664 1159 792 1244 aliquid
806 1160 847 1226 (18
863 1160 953 1226 dicte
967 1161 1072 1245 prede
1086 1143 1121 1229 81
1135 1181 1187 1230 ro·

72 1262 248 1332 1881818818
256 1267 381 1332 nostris
391 1264 543 1334 fidelibus
555 1265 595 1333 de
605 1264 767 1351 Sybcnico
783 1266 903 1334 adduci
919 1268 963 1334 ad
978 1275 1085 1336 188888
1102 1289 1188 1350 suas,

1 1367 2 1398 ³
72 1391 121 1438 nec
142 1375 240 1440 sciam
265 1373 395 1457 aliqniL
411 1375 475 1440 emi
489 1396 548 1462 por
558 1374 701 1460 aliquem
716 1395 809 1442 suum
825 1377 925 1443 ciuem
941 1375 1077 1444 subilli
1090 1397 1190 1462 pene·

71 1499 125 1562 que
138 1477 300 1547 ridebitur
320 1481 382 1549 stb.

226 1678 264 1742 (Δ
279 1678 410 1731 »8888818
423 1677 539 1732 Consilii
551 1679 793 1748 Rogstornnr«bdl
805 1681 854 1734 th
865 1682 899 1733 Δ.
911 1679 965 1732 rol.
982 1683 1016 1744 1.)

545 1947 704 1960 --———-.....

600 2313 650 2376 90(

66 2485 259 2558 lJotaenc
284 2490 414 2557 81881181
430 2489 587 2577 tisstynt
601 2491 761 2576 tudoss'tjc
777 2515 798 2555 a
807 2481 965 2578 florencsi
984 2490 1188 2556 kdztdrsasd·

261 2609 316 2686 981
323 2597 415 2686 fdrje
431 2595 547 2664 1188188
563 2597 676 2685 kirtly
692 2597 867 2663 baldldrdl.
886 2601 981 2664 1345.

161 2776 304 2844 Lattara
320 2775 407 2843 della
423 2775 536 2861 regina
563 2773 744 2856 Giovanna
770 2777 805 2841 in
830 2777 884 2842 cui
900 2775 1083 2842 (188811818
1100 2771 1189 2843 (18118

66 2883 208 2950 mortedi
223 2881 369 2952 Andron
385 2881 588 2967 d’Ungberia
603 2899 662 2949 suo
678 2883 806 2950 marito.

160 2989 341 3059 Nobilibus
357 2995 391 3057 et
405 2989 622 3075 prudentibus
637 2990 715 3057 viris
731 2989 937 3074 Rectoribus‚
954 2989 1111 3074 Consilio,
1126 2985 1190 3056 Po·

65 3097 132 3180 pulo
146 3105 180 3164 et
195 3096 375 3165 Communi
391 3097 566 3178 Florentio,
582 3095 708 3164 dilectis
725 3098 836 3164 amicis
851 3097 982 3164 nostris.

159 3206 186 3272 J
186 3206 322 3273 ohanna
336 3205 401 3272 Dei
417 3208 526 3290 gratia
541 3204 728 3273 Jerusalem
738 3212 771 3272 et
781 3203 892 3272 Sicilie
901 3203 1034 3291 Regina
1050 3203 1191 3272 salntem

65 3320 93 3379 et
105 3315 306 3382 sinceritatis
322 3312 482 3380 effectum.
497 3310 674 3379 Infandum
690 3311 802 3395 scelus,
816 3311 952 3379 sceleste
967 3310 1103 3396 nephas,
1117 3313 1188 3396 pis·
1238 3395 1241 3402 Δ

64 3422 340 3508 culsreflagitinm
350 3421 423 3490 Deo
433 3420 651 3488 abominabile
667 3420 851 3504 mundoque
867 3419 1054 3505 orrendum,
1069 3420 1103 3488 in
1118 3441 1191 3506 per·

65 3551 136 3597 sona
149 3530 296 3600 condam
312 3529 434 3598 domini
449 3531 513 3596 viri
528 3529 633 3596 nostri
649 3550 708 3613 per
734 3529 908 3613 impiorum
933 3527 1081 3596 (18818888
1096 3528 1192 3594 inno·

64 3639 114 3704 scii
130 3639 305 3726 sanguinis
322 3635 477 3704 effusione
501 3642 652 3704 88888188
677 3637 810 3703 immani
835 3637 1011 3703 severitate
1042 3636 1192 3703 commis·

66 3768 138 3833 sum,
154 3745 198 3814 ad
217 3747 369 3813 notitiam
401 3749 544 3810 vestram
574 3749 739 3828 gementes
763 3749 796 3809 et
820 3741 943 3824 flentes,
973 3763 1011 3810 ac
1028 3741 1193 3811 doloribus

65 3853 305 3922 vehementibus
321 3857 438 3934 888818,
451 3851 603 3919 (18818888
627 3850 868 3936 perferendum.
888 3849 978 3919 Dum
994 3849 1126 3937 quidem
1141 3871 1195 3920 oc·

66 3963 224 4032 todecimo
240 3966 338 4031 huius
355 3964 476 4030 mensis
492 3963 563 4048 ipse
580 3961 718 4027 condam
734 3958 883 4028 dominus
900 3962 949 4028 rir
963 3967 1076 4030 noster
1091 3958 1194 4028 tardo

62 4069 138 4142 bora
166 4071 318 4140 intrandi
341 4070 526 4139 cubiculum
552 4069 771 4136 descendisset
796 4065 841 4136 ad
870 4067 1043 4154 quemdem
1058 4087 1196 4154 percum

64 4183 248 4268 contignum
264 4177 363 4267 gnyso
380 4181 454 4246 sule
479 4179 586 4245 nostri
600 4176 733 4262 hospitii
758 4177 792 4243 in
817 4174 955 4258 Aversa,
971 4173 1196 4262 imprudenter

67 4291 250 4372 (11888818,
275 4310 383 4374 ymmo
407 4287 603 4366 iuueniliter‚
627 4286 709 4350 sicut
732 4271 923 4369 frequenter
939 4283 987 4353 ibi
1002 4289 1036 4352 81
1051 4279 1131 4351 alibi
1144 4303 1195 4350 su·

67 4403 183 4481 specta
198 4397 281 4464 hora
297 4395 388 4464 abiro
404 4399 626 4475 consueuerat,
641 4391 762 4458 nullius
772 4393 807 4458 18
822 4392 883 4459 188
898 4389 1108 4478 acquiescens
1122 4411 1197 4460 oon·

61 4505 113 4572 sili
128 4527 157 4586 o,
171 4509 225 4572 set
238 4509 368 4572 tantum
384 4521 523 4589 sequens
538 4504 646 4567 motus
661 4498 835 4584 precipites
846 4499 1036 4587 junentutis,
1059 4517 1126 4566 non
1142 4497 1200 4566 ad·

103 4643 206 4680 888888.
223 4642 306 4682 acro.
322 4642 390 4680 mer.
406 4647 449 4659 -
467 4639 533 4676 sors
549 4639 610 4674 888.
626 4638 658 4672 ιι.
1070 4615 1085 4676 T
