3254 5260
596 355 690 416 1343.
1192 358 1208 408 a

101 551 188 614 mque
211 531 252 595 ad
276 531 452 596 adrentum
480 535 664 596 nostrorum
682 527 890 592 Proviscrum
925 547 1006 618 quos
1032 525 1110 592 illuc
1136 523 1206 588 des-

105 638 269 703 tinavimus.

192 745 349 828 Capta:
366 744 453 810 Item
472 743 644 808 mittantur
662 741 781 808 Gemiti
798 739 958 806 Sibiniehi
974 739 1104 804 curaeio
1120 738 1158 819 h,
1176 745 1211 804 ut

102 854 286 919 eontinentur
311 850 347 919 in
372 851 467 916 dietis
491 851 622 932 litteris,
647 856 680 915 et
704 849 763 914 illa
788 848 955 929 quantitas
997 845 1161 912 sitameuti
1180 853 1214 912 ot

33 1005 34 1010 κ
103 961 301 1041 balistrarum,
321 981 386 1044 que
394 958 546 1042 Domino,
572 957 789 1036 Consiliariis‚
811 952 984 1040 Capitibus
1001 961 1033 1018 et
1050 951 1213 1036 Sapienti·

104 1068 158 1136 bus
172 1067 332 1132 videbitur.

200 1247 231 1310 (A
246 1247 357 1298 ›Mieti‹
385 1247 477 1299 eaimi'r
490 1245 633 1326 velenczei
647 1245 878 1308 allamlrduyvbdl
892 1244 968 1296 XXI.
982 1245 1038 1294 kat.
1054 1246 1095 1292 86.
1107 1243 1171 1306 lev.)

643 1660 672 1720 5.

33 1833 34 1836 ’
112 1817 135 1882 Α
160 1821 300 1884 veleneaei
325 1819 672 1904 kormdrrytaactcaaak
692 1815 910 1902 pdtutueitdaa
927 1817 1107 1881 dalmatiai
1123 1817 1216 1882 diato-

489 1926 540 1988 καί
554 1927 714 1988 ezdmdra.
733 1925 827 1990 1343.

206 2083 297 2149 Auno
330 2083 465 2147 Domini
503 2079 766 2148 MCOOXLIH.
799 2079 852 2145 die
892 2079 1044 2150 XXVII.
1083 2079 1217 2166 Aprilis.

116 2188 257 2273 Capta:
280 2190 387 2274 Quum
404 2189 575 2255 videbatur
592 2189 726 2254 dubium
741 2187 977 2269 Provieoribus,
994 2189 1049 2272 qui
1065 2189 1219 2256 destinati

116 2298 262 2378 nuperime
278 2303 353 2362 sunt
369 2297 404 2362 in
421 2295 636 2376 Sclaveniam,
653 2296 681 2360 si
697 2317 756 2378 per
771 2300 901 2378 partem
916 2295 1023 2378 pridie
1039 2301 1168 2380 captam
1184 2295 1218 2360 in

114 2401 236 2484 Rogatis
250 2404 413 2470 habebant
431 2405 618 2470 libertatem
641 2402 791 2467 movendi
812 2423 974 2486 guerram,
993 2404 1117 2487 absque
1133 2403 1220 2487 quod

116 2507 289 2578 denotarent
313 2511 559 2578 Dominaoioni:
575 2510 666 2575 vadit
690 2531 775 2596 pars,
803 2509 890 2592 quod
907 2510 1091 2576 declaretur
1107 2511 1140 2575 in
1156 2512 1220 2576 isto

117 2613 250 2698 Consilio,
274 2618 359 2702 quod
384 2619 445 2702 ipsi
457 2617 648 2714 Provisores
662 2618 805 2682 habeant
820 2617 949 2700 plenam
965 2617 1152 2684 libertatem
1168 2618 1222 2684 de-

117 2721 246 2790 fendendi
270 2725 381 2790 fideles
406 2732 440 2790 et
473 2725 623 2792 subditos
650 2730 789 2804 nostroe,
806 2730 838 2790 at
855 2727 954 2790 etiam
970 2723 1116 2790 inimicos
1132 2725 1221 2790 intus

33 2913 34 2920 ἵ
118 2835 146 2893 et
160 2837 244 2896 extra
259 2831 452 2915 offendendi,
469 2835 555 2898 siout
571 2835 617 2898 eis
633 2834 683 2898 vel
695 2833 813 2898 maiori
828 2833 918 2918 parti
933 2854 1043 2899 eorum
1058 2832 1221 2899 videbitur

33 2945 34 3004 i
119 2957 169 3018 pre
190 2938 267 3003 bono
293 2940 419 3023 negocii
446 2946 480 3004 et
504 2940 746 3005 conservatione
770 2939 914 3023 ipsorum
938 2946 1123 3005 nostrorum
1148 2937 1223 3003 fide·

118 3042 199 3108 lium:
214 3048 495 3130 committaturque
506 3047 735 3113 Provisoribus
745 3047 888 3131 pratalia,
900 3047 989 3128 quod
1005 3049 1045 3114 de
1070 3048 1223 3127 turribus,

119 3171 190 3232 quas
209 3155 305 3220 habet
327 3156 360 3220 in
387 3155 522 3238 Spalato
542 3155 660 3220 Comes
677 3153 856 3238 Nelipcius‚
873 3176 936 3236 que
953 3160 1028 3219 sunt
1042 3155 1134 3220 iuxta
1149 3175 1223 3238 por-

119 3263 163 3322 tes
184 3267 259 3327 terre
284 3263 438 3346 predicte,
454 3265 641 3329 examinent
660 3268 693 3328 et
708 3264 901 3346 provideant
918 3264 956 3328 de
972 3263 1161 3346 occupando
1176 3265 1223 3348 ip·

119 3383 164 3429 aas
187 3373 214 3432 et
236 3370 322 3434 aliud
347 3371 505 3453 faciendo,
531 3371 614 3436 sicut
640 3369 686 3435 eis
702 3371 753 3435 vel
770 3371 884 3436 maiori
901 3371 988 3456 parti
1004 3372 1148 3457 ipsorum
1164 3393 1224 3456 pro

117 3470 221 3540 honore
243 3486 353 3544 nostro
380 3485 413 3544 et
437 3479 522 3544 bono
548 3478 713 3544 videbitur
744 3480 933 3560 couvenim3
950 3486 983 3545 et
1008 3479 1158 3545 similiter
1182 3479 1223 3544 de

117 3582 245 3648 omuibus
273 3589 390 3652 nostris
421 3587 530 3676 terrie,
546 3591 734 3652 remanente
750 3591 925 3670 propterca
940 3609 1052 3653 eorum
1079 3587 1224 3652 commis·

118 3687 200 3752 sione
218 3693 250 3757 in
273 3717 329 3760 sua
353 3697 508 3762 firmitate
534 3694 736 3762 rescribendi
760 3701 793 3760 et
817 3697 883 3761 alia
908 3695 1057 3777 faciendi,
1076 3701 1174 3780 prout
1190 3696 1225 3761 in

50 3847 54 3852 .
118 3789 182 3872 ipsa
200 3799 379 3867 continetur.

216 3958 245 4020 (ll
258 3963 366 4015 ›uisu‹
381 3966 471 4018 uziruii
496 3967 634 4018 veleuczei
649 3965 876 4030 allamlrituyvbttl
891 3968 967 4022 XXI.
982 3968 1038 4023 kdt.
1054 3969 1096 4016 66.
1111 3967 1177 4030 lev.)
