3220 5248
374 323 438 384 536
732 338 967 386 nrrnouaczrar
984 325 1153 384 nubens.

374 495 645 582 Quadragesime,
671 504 705 564 et
729 497 921 580 declaranit,
947 500 1034 582 quod
1060 497 1330 583 (Bnrtbolomeus
1346 497 1400 581 de)
1415 496 1490 564 Vrso

374 607 473 674 vadat
488 608 595 692 primo
612 606 762 676 Vranam
778 613 839 673 etc.
856 609 940 676 sicut
956 607 990 672 in
1006 607 1085 672 meis
1102 607 1222 672 litteris
1238 610 1426 672 continetur.

480 717 566 784 Item
578 719 711 804 petitur,
721 716 809 800 quod
824 739 877 784 ser
892 719 1024 785 Marino
1041 719 1082 784 de
1099 716 1280 784 Comasuto
1291 719 1492 783 restituantur

373 825 499 910 integre
516 825 625 893 omnia
641 847 700 892 sua
715 825 813 907 bona,
828 835 864 892 vt
880 826 913 890 in
930 848 1011 910 pace
1026 828 1123 910 plene
1142 825 1264 909 legitur
1280 834 1314 892 et
1328 832 1377 892 est
1391 824 1493 892 sunda·

373 941 451 999 tum
466 931 580 1000 Primo
596 933 748 1000 videlieet
764 935 888 1018 petitur
904 935 983 1001 villa
999 935 1136 1018 Mag-
1150 956 1312 1015 --re;
1335 936 1412 999 item
1424 933 1493 998 sitta

374 1042 528 1122 Sasmu03
551 1041 628 1108 item
660 1063 737 1124 pars
768 1040 884 1108 domus
915 1043 939 1109 J
942 1042 1021 1107 edre
1051 1042 1157 1125 posite
1173 1077 1217 1088 -
1234 1079 1278 1088 —
1295 1079 1339 1088 -
1365 1077 1407 1088 -
1428 1041 1490 1106 rico

373 1149 493 1216 Sancte
519 1147 715 1231 Anastasie;
739 1149 818 1215 item
843 1149 958 1216 domus
974 1169 1036 1215 vna
1052 1151 1087 1214 in
1104 1149 1256 1217 Obsonat
1271 1185 1316 1196 -
1332 1184 1376 1196 ·-
1393 1185 1429 1196 -
1444 1157 1494 1228 te;

291 1273 295 1284 ·
372 1261 451 1324 item
477 1257 606 1324 affictus
632 1257 742 1324 decem
767 1257 940 1339 domuum;
964 1261 1041 1324 item
1067 1258 1197 1324 astictus
1222 1265 1257 1324 et
1282 1257 1427 1324 redditus
1441 1277 1497 1320 s-

373 1403 413 1418 -··
432 1399 477 1410 -
493 1397 537 1410 -
554 1399 597 1410 -
622 1363 862 1446 possessionum
888 1361 928 1429 de
954 1369 1098 1447 tempore
1132 1363 1240 1449 pacis;
1272 1363 1422 1430 videlicet
1442 1385 1496 1446 pro

373 1471 479 1555 primo
496 1493 547 1537 om
549 1505 893 1518 ------
909 1471 1020 1537 modia
1045 1469 1147 1536 LVII
1164 1471 1274 1536 viuum
1290 1477 1325 1536 et
1339 1471 1496 1538 modia-

373 1615 416 1627 -
433 1615 476 1627 -
492 1615 536 1626 -
553 1615 595 1626 —
623 1576 758 1644 ordeum
783 1584 817 1644 et
843 1577 1040 1644 frumentum
1068 1613 1353 1626 -----
1378 1599 1496 1663 quoque

374 1686 514 1752 secundo
530 1707 624 1752 atino,

481 1792 586 1878 Super
611 1793 697 1860 facto
722 1793 838 1860 domus
863 1793 984 1860 Sancte
1010 1791 1192 1860 Anastasis
1216 1793 1365 1860 domiuus
1390 1795 1497 1860 Bonus
1593 1807 1595 1866 s

375 1901 454 1986 vult,
469 1900 555 1985 quod
573 1907 751 1966 extruetur.
778 1898 841 1966 Oui
867 1901 959 1984 dixit,
986 1901 1072 1986 quod
1088 1901 1122 1966 in
1139 1921 1219 1984 pace
1235 1900 1282 1966 sic
1298 1922 1364 1967 non
1380 1901 1499 1984 legebe·
1593 1879 1595 1938 ²

371 2017 436 2093 tur,
451 2011 514 2076 imo
530 2008 673 2076 babebat
698 2009 876 2093 capitulum
892 2030 950 2094 per
967 2031 1010 2090 se,
1026 2008 1114 2094 quod
1131 2015 1262 2092 poterat
1287 2010 1430 2093 gaudere
1445 2015 1498 2078 etc

374 2116 481 2202 Super
505 2116 580 2181 aliis
607 2116 691 2181 dixit
715 2123 877 2200 oretenus,
902 2124 936 2183 vt
950 2118 985 2182 in
1000 2118 1080 2182 meis
1102 2117 1226 2183 litteris
1242 2123 1293 2184 est
1308 2117 1499 2183 denotatum

481 2222 566 2290 Item
592 2223 751 2291 animalia
775 2227 903 2290 minute
929 2222 1110 2291 OGCOLX
1132 2246 1204 2291 cum
1220 2223 1299 2290 XII
1315 2225 1440 2290 bovinis
1454 2223 1501 2288 rel

372 2333 469 2413 circu,
485 2355 547 2416 que
562 2333 692 2400 fuerant
718 2333 781 2400 sibi
808 2334 921 2401 ablata
938 2333 978 2398 de
995 2333 1102 2400 insula
1128 2333 1304 2399 Pisehman
1320 2355 1379 2416 per
1393 2331 1500 2399 Abba-

372 2449 437 2508 tem
454 2441 494 2506 de
509 2440 660 2525 sagena
677 2447 711 2507 et
726 2446 842 2526 postea
852 2463 912 2525 per
922 2441 1085 2526 Regimen
1101 2441 1126 2507 J
1127 2440 1208 2506 edre
1218 2439 1307 2506 sacta
1315 2461 1405 2524 pace.
1420 2441 1500 2506 Iteru
1594 2431 1596 2510 Ξ

373 2548 461 2631 quod
476 2546 566 2615 facta
581 2570 662 2634 pace
691 2571 767 2614 suns
793 2548 985 2616 barehosius
1012 2548 1112 2614 tuerit
1138 2557 1292 2632 acceptus
1309 2555 1342 2615 et
1358 2549 1500 2614 venditus
1595 2583 1597 2652 ᾗ

376 2677 436 2738 pro
452 2655 613 2740 Regimen
629 2654 744 2722 Jadre.

482 2762 534 2828 De
550 2763 748 2830 animalibus
765 2777 798 2829 et
813 2763 984 2831 barchosio
1001 2763 1174 2831 constabat
1185 2763 1247 2829 sibi
1257 2763 1356 2830 fuisse
1372 2771 1502 2848 accepta

374 2880 522 2954 tempore
538 2892 664 2954 guerre.

480 2978 567 3044 Item
583 2980 715 3064 petitur,
732 2979 819 3064 quod
830 2979 1014 3064 specialiter
1031 2981 1249 3047 restituantur
1258 2981 1387 3066 integre
1398 2983 1503 3047 omnia

374 3108 433 3152 sua
458 3085 543 3152 bona
567 3085 659 3153 Zone
685 3086 726 3152 de
754 3085 870 3153 Picolo
896 3094 956 3153 etc.
981 3087 1096 3153 Primo
1112 3089 1264 3154 videlicet
1278 3089 1401 3171 petitur
1417 3089 1501 3174 quod

373 3195 587 3260 restituantur
612 3193 674 3260 sibi
699 3194 787 3260 mille
815 3195 904 3278 capri
929 3203 962 3260 et
987 3195 1136 3278 pecudes,
1162 3196 1320 3261 animalia
1346 3197 1426 3275 VII,
1443 3217 1503 3280 que

377 3301 519 3369 babebat
543 3303 576 3367 in
601 3302 711 3368 insula
737 3301 777 3367 de
803 3300 1001 3381 Sestereurn,
1026 3304 1060 3368 in
1086 3301 1220 3370 Simano
1245 3311 1279 3369 et
1294 3304 1328 3368 in
1345 3303 1503 3370 Simisina.
1585 3321 1597 3393 ‚t

374 3408 448 3494 Qus
462 3410 619 3495 animalia
635 3408 768 3477 fuerunt
788 3419 922 3495 accepta
939 3431 997 3496 per
1015 3431 1067 3476 ser
1084 3411 1258 3494 Vnrbegna
1273 3411 1313 3476 de
1330 3410 1503 3488 Materiam,
1595 3393 1597 3408 ἶ

374 3526 407 3583 et
423 3519 527 3586 socios
542 3519 694 3585 Rectoris
718 3521 743 3586 J
745 3519 823 3584 edre
848 3519 938 3586 sacta
963 3542 1043 3603 pace
1059 3541 1132 3585 cum
1149 3518 1259 3584 decem
1276 3519 1470 3586 animalibus
1485 3545 1503 3586 a
1596 3501 1597 3510 ¹

373 3630 514 3694 sostenis
531 3627 577 3714 (Ρ)
595 3637 627 3694 et
644 3651 706 3694 vno
724 3630 827 3695 asino,

482 3732 643 3802 Dominus
669 3737 782 3802 Bonus
807 3735 887 3802 dicit
909 3757 1007 3822 super
1023 3737 1111 3804 t'acto
1128 3738 1327 3822 animalium,
1344 3739 1430 3822 quod
1446 3738 1503 3803 sibi
1595 3779 1597 3788 ‹

374 3850 512 3926 constet,
529 3851 664 3928 accepta
680 3843 780 3910 fuisse
796 3851 941 3930 tempore
957 3866 1085 3928 guerre.

484 3954 570 4020 Item
596 3953 732 4020 ducatos
758 3953 865 4020 LXX
892 3975 1016 4020 annuos
1034 3955 1064 4040 (ἶ)
1081 3954 1327 4040 taltnaureos)‚
1348 3977 1430 4039 quos
1446 3953 1504 4020 sibi
1595 3957 1597 4044 j

376 4063 455 4129 dure
481 4067 612 4128 tenetur
637 4061 828 4127 Dominious
855 4060 895 4128 de
920 4062 1024 4128 Massi
1043 4084 1104 4146 pro
1121 4062 1239 4128 modiis
1255 4062 1346 4127 mille
1362 4062 1442 4128 salis
1458 4063 1503 4128 sui
1595 4055 1597 4070 ⁴

375 4169 498 4236 venditi
525 4172 558 4236 in
584 4192 682 4255 pace3
707 4177 739 4236 et
765 4170 855 4236 istud
881 4171 943 4236 soit
959 4193 1011 4236 ser
1027 4171 1118 4237 Mica
1135 4170 1174 4236 de
1190 4170 1292 4252 Rosa,
1308 4171 1364 4254 qui
1381 4171 1503 4238 dederit
1596 4221 1597 4254 3

375 4279 497 4344 dictam
522 4279 694 4363 pecuniam
720 4277 850 4345 nomine
875 4280 994 4362 ipsius;
1018 4280 1179 4346 nicetium
1197 4278 1503 4363 serStephanusde

375 4386 574 4453 Fadrimolo

484 4493 592 4582 Super
616 4495 680 4563 isto
706 4495 794 4581 quod
818 4502 1015 4583 prorogetur
1029 4496 1188 4562 terminus
1205 4493 1248 4560 ad
1264 4494 1406 4580 primam
1423 4497 1503 4564 dicte
