3108 5246
730 369 944 414 nuenonnarur
960 357 1126 416 saturer.

898 658 973 721 284.

368 815 398 884 A
435 819 585 884 veleraezei
608 819 821 908 kbztdrsaadp
853 820 946 884 levale
972 824 1000 882 Ι.
1026 817 1121 904 Lajos
1154 842 1295 906 mappar-
1320 820 1476 907 kirdlylon

878 927 976 992 1349.

474 1085 575 1153 Anno
591 1084 853 1154 MOOOXLIX.
877 1086 929 1152 die
953 1085 1015 1157 IV.
1040 1084 1179 1170 Aprilis.
1196 1086 1294 1172 Quod
1308 1088 1350 1153 ed
1366 1088 1478 1156 litteras

368 1193 490 1260 domini
515 1195 619 1279 Regis
645 1193 828 1288 Hungsrie,
851 1193 878 1260 J
878 1193 1063 1260 erhnsalem
1079 1200 1112 1260 et
1128 1194 1241 1262 Sicilie
1257 1197 1479 1280 respondeatur

368 1301 403 1367 in
417 1301 480 1369 hec
495 1301 619 1368 forma:
787 1287 788 1290 ¹

480 1409 675 1479 Serenitatis
701 1411 821 1481 Vestre
840 1411 970 1478 litteras
986 1413 1166 1498 recepimus
1181 1412 1393 1494 continentes,
1407 1410 1480 1495 quod

368 1525 509 1604 treugae
534 1526 608 1587 octo
633 1541 792 1586 annorum
817 1519 859 1586 ob
875 1517 938 1586 hoc
954 1520 1040 1589 inter
1056 1519 1211 1590 Vestram
1229 1518 1480 1586 Seueritatemet

370 1649 428 1694 nos
454 1629 610 1694 extiterat
634 1629 788 1695 ordinata
802 1634 835 1694 et
852 1628 994 1711 firmata,
1019 1636 1056 1718 ut
1085 1628 1119 1693 in
1144 1628 1217 1714 ipso
1241 1636 1388 1712 tempore
1410 1627 1480 1693 dics
1523 1628 1527 1637 '

367 1743 507 1821 treugue
532 1758 597 1820 pax
621 1741 782 1821 perpetua
796 1736 897 1819 possit
912 1736 1039 1802 firmari
1054 1742 1087 1802 et
1103 1737 1264 1817 ordinari,
1295 1743 1330 1802 et
1346 1735 1428 1819 quod
1441 1735 1480 1798 in·

368 1847 470 1910 stanti
494 1851 642 1929 tempore
666 1851 796 1910 nostros
823 1843 1064 1911 Ambaxatores
1089 1844 1222 1911 rrrittere
1246 1849 1429 1928 poteramus
1443 1841 1478 1908 ad

367 1959 506 2019 vestram
531 1954 743 2037 presenciam,
770 1959 803 2017 et
819 1951 944 2020 Vestra
960 1949 1127 2018 Serenitas
1143 1951 1187 2017 sd
1201 1972 1262 2017 nos
1277 1955 1407 2034 poterat
1420 1950 1478 2016 dee

367 2063 475 2128 tinere
500 2067 573 2142 etc,
598 2067 695 2144 prout
719 2061 756 2125 in
770 2059 848 2143 ipsis
865 2060 984 2126 litteris
1002 2059 1189 2126 distinctius
1206 2060 1400 2125 continetur.
1415 2056 1480 2142 Qui-

367 2169 427 2236 bus
452 2169 579 2254 plenius
597 2167 773 2234 intellectis
790 2172 823 2233 et
838 2169 926 2249 visis,
942 2189 1002 2251 per
1018 2173 1186 2253 presentes
1202 2167 1351 2234 ducimus
1367 2185 1479 2249 respon·

367 2277 517 2360 dendum,
543 2276 630 2360 qnod
655 2276 737 2342 illud
761 2276 849 2341 idem
873 2276 1088 2360 propositum,
1112 2275 1201 2360 qnod
1226 2274 1329 2341 hebet
1353 2274 1391 2340 de
1412 2293 1479 2356 paee

367 2390 525 2470 perpetua
550 2383 774 2450 confirmanda
798 2383 884 2449 inter
916 2391 1036 2466 partes
1061 2403 1121 2449 noe
1147 2383 1249 2449 etiam
1265 2381 1431 2450 habuimus
1454 2385 1480 2444 et

367 2493 535 2576 habemus,
551 2495 635 2558 siout
650 2491 741 2556 Deus
757 2490 852 2574 plene
870 2491 970 2574 novit;
986 2492 1044 2576 qui
1061 2511 1190 2577 semper
1207 2490 1478 2574 dispositissimus
1528 2524 1531 2529 =

368 2608 401 2667 et
426 2625 535 2670 sumus
560 2624 620 2686 pro
649 2606 761 2667 nostra
786 2606 890 2684 parte,
914 2605 951 2665 nt
976 2601 1116 2666 durante
1133 2600 1225 2666 dicta
1249 2607 1390 2686 treugun
1403 2599 1479 2664 lieret
1520 2626 1526 2634 ·

367 2716 527 2796 perpetua
552 2717 586 2777 et
610 2733 695 2794 pura
709 2729 783 2794 pax,
800 2731 860 2792 per
874 2729 973 2794 quam
989 2730 1081 2775 amor
1097 2714 1131 2775 et
1145 2709 1373 2776 benevolentia
1385 2710 1479 2772 mutua

368 2821 472 2904 possit
487 2819 676 2884 infuturum
686 2819 832 2900 recipere
849 2817 1038 2882 continuum
1054 2817 1301 2882 incrementum.
1317 2817 1364 2882 Et
1377 2821 1412 2882 ut
1423 2815 1478 2890 loe
1510 2859 1513 2862 -

370 2926 458 3008 qnod
485 2925 717 3009 supradicitnr,
741 2927 855 3007 pateat
870 2943 930 3007 per
945 2922 1106 3005 effectum,
1122 2923 1165 2988 ni
1177 2925 1215 2989 si
1231 2923 1355 2990 forte
1370 2943 1478 2989 casus

368 3033 782 3115 mortalitatisque
806 3051 905 3097 esse
929 3031 1104 3096 dicitur
1128 3029 1479 3116 inpartibusl'n·

368 3143 506 3227 garie,
522 3163 580 3224 per
597 3161 694 3224 quem
709 3143 794 3204 cives
815 3141 923 3204 nostri
939 3142 1092 3205 timerent
1107 3141 1218 3205 venire
1236 3141 1280 3206 ad
1290 3139 1365 3206 illes
1380 3143 1479 3225 parles,

367 3251 444 3334 quia
469 3247 509 3312 de
534 3268 618 3312 anno
644 3247 801 3330 preterito
826 3245 1074 3314 substinuerunt
1096 3268 1209 3314 casum
1225 3247 1365 3314 similem
1380 3252 1479 3312 morta·
1528 3248 1530 3251 ’

368 3356 479 3439 litatis,
505 3354 685 3439 solempnes
711 3353 956 3423 Ambaxatores
980 3361 1110 3422 nostros
1135 3356 1380 3441 presentialiter
1393 3354 1479 3418 mitte

366 3483 492 3544 remus;
507 3463 565 3528 sed
580 3463 704 3546 habito,
720 3463 809 3547 qnod
825 3464 1010 3546 cessaverit,
1025 3465 1100 3530 illos
1115 3462 1479 3532 adExcellentieVestrc

368 3571 505 3638 culmem
539 3571 809 3637 transmittemus.
834 3569 959 3640 Verum
985 3573 1013 3637 si
1037 3573 1170 3638 interim
1194 3574 1229 3638 in
1255 3571 1319 3639 hoc
1344 3565 1477 3654 temporis

369 3678 545 3745 interuallo
562 3679 681 3761 aliquis
692 3679 806 3745 modus
816 3680 867 3745 vel
877 3680 969 3746 aliud
979 3680 1151 3763 quodlibet
1166 3679 1333 3746 videretur
1342 3699 1407 3745 esse
1419 3677 1479 3741 len·

368 3771 446 3852 duim
480 3785 656 3853 Serenitati
683 3787 821 3869 Vestre;
854 3793 972 3872 potest,
997 3789 1154 3873 quicquid
1178 3787 1299 3872 placet,
1324 3787 1478 3860 declarare,

368 3916 441 3960 cum
459 3915 584 3978 semper
601 3894 814 3979 disponamur
824 3895 1021 3962 advestrum
1037 3896 1189 3981 quodque
1201 3903 1352 3980 spectans
1368 3893 1406 3960 ad
1420 3910 1477 3957 eou-

368 4005 583 4069 servationem
608 4003 698 4087 pacis
722 4010 879 4088 perpetue
906 4011 939 4070 et
962 4006 1066 4072 mutui
1092 4007 1215 4072 amoris
1239 4005 1421 4072 continuum
1440 3999 1477 4064 iu·

369 4117 576 4175 crementum.

457 4253 492 4317 (A
508 4254 616 4304 ›misti‹
631 4255 720 4306 czimtt
730 4256 865 4308 velencsei
876 4259 1107 4322 tllarnkdnyvbdl
1119 4259 1210 4309 XXV.
1225 4259 1283 4310 leot.
1301 4265 1341 4309 17.
1356 4257 1415 4318 lev.)
1530 4296 1531 4299 ,
