3220 5248
376 341 442 404 554
729 357 964 404 concussam
981 345 1149 406 nunnus.

374 515 506 582 civitate
536 523 648 584 vestra
679 514 906 596 veneciarum,
936 521 1050 602 utpute
1079 516 1211 598 ferrum,
1242 539 1338 584 arma
1368 522 1402 583 et
1433 516 1501 584 alia

374 622 558 691 consimilia
583 625 626 690 ad
650 623 885 708 perficiendum
910 645 1046 710 pernes
1062 624 1109 690 eis
1124 625 1281 708 imposita
1296 627 1456 710 superius,
1467 629 1502 691 ut

374 737 426 796 est
450 731 590 810 dictum;
620 730 786 812 addentes,
816 729 906 815 quod
935 752 995 815 per
1025 729 1183 798 officiales
1213 739 1340 799 vestros
1356 732 1423 797 suis
1439 751 1502 798 non

374 837 473 904 datur
496 838 631 904 licencia
646 845 680 904 et
693 837 833 904 incultas
848 857 909 922 pro
924 857 984 904 sua
1006 838 1145 923 pecunia
1159 837 1355 904 extrahendi
1371 839 1411 904 do
1428 837 1501 904 oiri-

374 951 444 1012 tate
459 950 493 1012 et
507 945 580 1012 aliis
591 946 673 1012 locis
689 945 809 1016 Vestro
824 943 1054 1012 Dominscioni
1064 944 1203 1012 subditis
1214 945 1365 1030 predicta
1379 951 1413 1017 e't
1426 945 1501 1012 allia

374 1054 618 1138 quamplurima
641 1075 700 1120 suo
725 1055 799 1122 usui
823 1055 1016 1122 necessaria
1034 1052 1145 1138 Quare
1159 1075 1234 1120 cum
1247 1054 1284 1120 in
1298 1054 1390 1134 locis,
1404 1055 1500 1120 terris

374 1166 408 1226 et
421 1159 579 1244 portubus
596 1161 749 1228 subiectis
765 1160 895 1227 domino
911 1167 1024 1227 nostro
1039 1160 1127 1243 Regi
1136 1160 1234 1244 plana
1244 1159 1289 1228 sit
1303 1159 1499 1228 vestratibus

374 1287 529 1335 concessa
543 1267 687 1336 facultas
702 1267 895 1334 excolendi
911 1287 1039 1353 queque
1053 1267 1210 1336 victualia
1224 1275 1258 1334 et
1272 1267 1498 1338 alisuuiversa

374 1397 433 1460 pro
449 1397 562 1444 eorum
577 1375 672 1444 libito
682 1376 861 1444 voluntatis
871 1376 993 1461 absque
1003 1375 1263 1442 contradiccione
1279 1375 1330 1442 vel
1343 1376 1497 1457 molestia„

376 1489 410 1549 et
435 1484 589 1567 dignetur
613 1483 866 1570 Magnificencia
889 1481 1014 1553 Vestra
1038 1504 1097 1568 pro
1120 1483 1245 1550 honore
1260 1484 1384 1551 domiui
1398 1485 1495 1550 nostri

373 1589 476 1674 Regis
501 1598 534 1658 et
558 1593 681 1658 nostris
706 1590 996 1658 intervenientibus
1014 1591 1176 1675 precibus,
1190 1596 1229 1658 ut
1243 1592 1348 1658 omnis
1363 1590 1495 1658 materia

374 1699 523 1766 scandali
549 1700 590 1765 de
605 1699 713 1766 medic
728 1698 907 1783 auferatur,
923 1705 958 1766 et
972 1718 1064 1766 amor
1080 1705 1113 1766 et
1128 1700 1237 1782 gratia
1251 1704 1418 1783 augeatur,
1433 1697 1492 1763 dis-

373 1825 496 1890 ponere
512 1812 546 1874 et
564 1806 731 1888 ordinare,
745 1807 835 1891 quod
849 1806 989 1891 predicti
1005 1805 1118 1872 fideles
1133 1805 1255 1873 domini
1268 1807 1374 1872 nostri
1390 1803 1492 1889 Regis,

372 1919 407 1978 et
437 1913 495 1978 alii
525 1933 637 1980 eorum
669 1913 793 1981 subditi
824 1913 950 1998 possint
979 1919 1014 1980 et
1044 1913 1176 1980 valeant
1210 1935 1269 1997 pro
1290 1933 1350 1980 sua
1364 1912 1491 1996 moncia

373 2019 584 2086 mercimonia
594 2040 733 2105 queque,
743 2025 776 2087 et
786 2019 853 2087 alia
868 2021 998 2087 usualia
1013 2028 1047 2089 et
1062 2021 1110 2087 eis
1126 2021 1313 2086 necessaria
1331 2019 1489 2086 mmahers

373 2132 407 2191 et
429 2125 560 2194 extrahi
584 2126 692 2194 lacere
717 2126 758 2194 de
782 2127 931 2194 omuibus
955 2128 1054 2195 terris
1081 2133 1116 2194 et
1130 2126 1211 2194 locis
1229 2132 1339 2194 uestro
1358 2125 1487 2194 dominio

373 2233 520 2314 subditis,
535 2238 573 2300 ot
586 2254 646 2300 nos
662 2255 722 2317 pro
738 2233 815 2300 inde
830 2240 865 2301 et
874 2255 930 2302 eos
942 2235 1168 2320 Magnitudini
1183 2233 1303 2303 Vestro
1318 2233 1440 2300 faciatis
1453 2233 1489 2300 ad

372 2341 492 2409 similia
507 2343 688 2425 debitorem
704 2350 868 2427 rogantes,
884 2344 912 2410 si
927 2344 1045 2429 placet,
1059 2348 1097 2410 ut
1107 2342 1266 2428 quidquid
1276 2342 1488 2427 disposueritis

372 2448 444 2515 fieri
453 2448 637 2534 superinde,
652 2451 758 2517 velitis
774 2455 808 2516 et
823 2451 1001 2535 dignemini
1016 2451 1109 2518 nobis
1124 2471 1184 2535 per
1199 2450 1321 2520 Vestre
1336 2449 1488 2534 Magnitu-

372 2557 458 2624 dinis
473 2557 602 2626 litteras
618 2558 779 2626 intimare.
794 2558 886 2626 Data
901 2557 925 2624 J
927 2560 1007 2627 adre
1022 2557 1166 2626 XXIII.
1183 2558 1384 2627 Decembris.

480 2663 643 2733 Nicolaus
654 2666 694 2734 de
704 2665 815 2734 Zeech
823 2665 1015 2753 Regnorum
1023 2665 1197 2735 Dalmacie
1211 2673 1246 2734 et
1261 2665 1419 2733 Orchaeie
1434 2663 1489 2731 Ba·

372 2793 432 2838 nus
449 2771 623 2842 Generalis
639 2797 678 2842 ac
694 2773 812 2842 (lomes
828 2773 980 2843 Ciuitatis
995 2774 1021 2842 J
1021 2775 1113 2842 adre.

479 2882 600 2950 Kiusd:
616 2883 756 2948 Excelso
774 2887 807 2948 et
825 2879 1004 2967 Magnifice
1020 2882 1152 2950 domino
1166 2881 1192 2949 J
1192 2881 1315 2948 ohanni
1330 2876 1491 2966 Delphyne

373 2983 436 3052 Dei
452 2991 561 3073 gratia
576 2989 691 3056 inclito
707 2988 795 3056 Duci
810 2988 1039 3058 Veneciamm.

839 3133 1024 3195 mmmm

571 3307 614 3398 Ο)
640 3309 1311 3396 Ugyanannakugyanan1ass.

477 3437 687 3506 Meminimus
712 3439 790 3505 dom
818 3460 961 3506 essemus
987 3438 1139 3506 Veneciis
1164 3439 1381 3522 personaliter
1405 3457 1495 3521 super

370 3563 453 3627 pace
478 3546 653 3612 tractanda
677 3547 764 3612 inter
788 3546 955 3614 dominum
980 3552 1128 3612 nostrum
1156 3546 1282 3631 Regem
1311 3551 1344 3612 et
1378 3543 1492 3614 Vestre

370 3647 611 3734 Magnitudinis
637 3653 817 3739 Regimem‚
844 3654 1022 3722 secundum
1047 3653 1215 3737 querclam
1239 3659 1273 3720 et
1307 3653 1497 3737 peticionem

370 3755 463 3824 nobis
480 3762 660 3845 expositam
675 3783 734 3846 per
746 3761 923 3829 Oernelum
930 3761 1095 3827 Iohannis
1104 3760 1264 3828 Dobroxii
1281 3762 1384 3828 civem
1398 3759 1498 3828 Jadre

370 3866 568 3952 colloquium
593 3869 765 3936 habuimus
782 3869 823 3936 de
841 3868 929 3936 iacto
946 3869 1116 3936 cuiusdam
1132 3869 1182 3936 sui
1197 3867 1340 3936 berousii
1357 3888 1454 3939 caseo
1468 3871 1499 3931 et

369 3974 445 4042 aliis
461 3977 680 4042 mercimoniis
696 3977 762 4042 suis
777 3977 897 4060 onusti,
914 3975 1020 4043 eidem
1040 3975 1187 4043 indebite
1203 3975 1328 4042 sublati
1346 3977 1388 4042 da
1403 3981 1499 4059 portu

368 4081 475 4150 Jadre
500 4082 702 4150 clandestine
726 4090 760 4151 et
784 4082 906 4150 furtive
922 4103 980 4168 per
995 4083 1211 4152 Franciseum
1227 4081 1382 4150 Rubeum
1397 4084 1497 4148 ciuem

368 4178 1266 4276 vestrumSuperquibuspostpluradictaetreplioata,
1278 4188 1499 4274 perVestram

369 4298 637 4365 Dominscionem
661 4297 755 4366 nobis
779 4299 977 4384 promissum
1001 4299 1122 4381 extitit,
1146 4298 1245 4366 talem
1270 4297 1416 4364 ordinem
1440 4317 1497 4382 per

369 4425 427 4471 vos
454 4405 527 4471 deri
544 4405 672 4490 debere,
691 4406 779 4490 qued
795 4405 902 4472 dictus
917 4405 1079 4474 Cernolns
1093 4410 1340 4474 conservaretur
1355 4403 1494 4489 indemp-

369 4513 420 4582 uis
445 4520 479 4578 et
503 4513 606 4603 pessit
630 4514 747 4582 merito
773 4514 967 4583 contentari.
990 4516 1088 4582 Nunc
1105 4533 1184 4581 uero
1199 4513 1269 4602 ipse
1285 4512 1493 4600 querelantes
1596 4597 1598 4612 A
