3220 5262
367 377 433 440 672
726 389 960 440 nrrnoursauu
976 379 1144 440 antuus.

367 552 572 621 subditorum
603 556 788 618 nostrorum
815 551 956 620 fidelium
988 553 1147 620 maiorem
1176 553 1410 637 defensionem,
1425 576 1492 620 cum

367 660 527 726 uniuersis
550 667 584 725 et
608 659 744 743 singulis
769 661 878 740 terris,
913 659 1106 742 hominibus,
1132 661 1284 728 dominiis
1309 667 1344 728 et
1359 661 1495 728 subditis

366 767 487 836 nostris
511 767 671 850 fidelibus,
696 790 791 852 quas,
815 790 878 852 que
905 791 962 836 seu
978 791 1059 854 quos
1074 771 1266 855 impresenti
1283 769 1450 853 babemus,
1465 781 1495 837 et

367 879 500 944 inantea
515 875 658 942 Domino
674 876 870 944 concedente
886 877 1033 944 habituri
1050 900 1176 961 sumns;
1193 901 1267 945 curn
1277 879 1497 948 serenissimis

367 984 578 1070 Principibus
611 992 645 1052 et
667 984 818 1052 Dominis
848 985 1000 1070 Ruperto
1032 985 1170 1053 Seniore
1200 986 1359 1071 premissa
1386 989 1495 1073 gracia

370 1093 498 1161 Gemite
522 1092 677 1160 Palatino
701 1093 797 1174 Beni,
813 1092 909 1162 Sacri
924 1095 1066 1162 Romani
1083 1096 1220 1180 Imperii
1235 1093 1497 1180 Arcbydapifero

368 1208 402 1268 et
415 1200 566 1268 Bawarie
581 1200 685 1282 Duce,
700 1201 848 1288 Ruperto
864 1205 890 1271 J
891 1204 1006 1270 uniore
1022 1203 1178 1271 fratruele
1195 1203 1342 1270 eiusdem
1358 1203 1498 1288 Ruperti

369 1308 524 1392 Senioris,
539 1330 578 1376 ac
594 1309 696 1376 eciam
711 1308 861 1396 Ruperto
870 1309 896 1378 J
896 1311 1011 1379 uuiore
1020 1311 1088 1379 filio
1099 1313 1184 1379 Reni
1194 1311 1332 1378 Comitis
1344 1311 1499 1400 Palatini,

368 1414 516 1486 Ducibus
539 1418 693 1502 Bouario,
718 1420 877 1487 fratribus
903 1430 936 1488 et
960 1423 1131 1489 auunculis
1157 1423 1278 1489 nostris
1308 1421 1498 1487 karissimis

368 1547 544 1612 eorumque
569 1527 742 1595 heredibus
769 1537 803 1595 et
818 1532 1058 1599 successoribus
1074 1530 1275 1598 hereditario
1291 1537 1326 1596 et
1340 1535 1498 1614 perpetuo

368 1636 497 1702 nomine
521 1634 680 1702 vniuimus
705 1643 882 1722 tenoreque
909 1641 1113 1723 presencium
1141 1641 1267 1704 unimus
1299 1639 1334 1702 in
1366 1637 1494 1703 modum

369 1744 596 1810 subnotatum:
622 1743 738 1811 Primo
764 1747 933 1830 siquidem,
948 1746 1036 1832 quod
1052 1769 1121 1827 nos,
1137 1747 1273 1813 heredes
1288 1753 1322 1812 et
1337 1766 1499 1812 successo

369 1874 422 1918 res
445 1852 549 1920 nostri
574 1851 739 1936 predictos
762 1852 882 1920 fratres
908 1863 941 1920 et
967 1855 1145 1921 auunculos
1169 1859 1307 1936 nostros,
1323 1875 1497 1937 omnesque

371 1959 557 2027 eorumdem
583 1959 720 2026 heredes
744 1967 777 2025 et
802 1982 1001 2029 successores
1026 1985 1100 2028 cum
1125 1961 1290 2031 bonafide
1306 1971 1339 2028 et
1354 1962 1498 2027 amicicia

370 2069 497 2135 sincera
512 2071 666 2154 prosequi
691 2070 838 2136 volumus
854 2078 887 2137 et
904 2070 1066 2157 debemus,
1082 2072 1158 2138 dolo
1175 2077 1210 2137 et
1224 2070 1341 2138 fraude
1359 2070 1498 2138 exclusis

370 2177 499 2259 penitus
524 2175 557 2241 in
582 2177 759 2259 premissis.
784 2177 926 2262 Insuper
950 2180 1033 2245 vuiti
1061 2201 1171 2245 sumus
1198 2178 1320 2246 eisdem
1343 2185 1499 2263 perpetuo

370 2291 485 2349 contra
509 2283 679 2349 uniuersos
705 2291 738 2350 et
763 2287 920 2370 singulos,
947 2307 1138 2371 quocunque
1153 2294 1349 2353 censeantur
1364 2287 1500 2367 nomine,

370 2392 442 2474 quis
469 2392 518 2458 vel
544 2392 600 2475 qui
625 2399 823 2460 memoratos
842 2391 963 2460 fratres
980 2400 1013 2459 et
1028 2394 1209 2460 auunculos
1225 2402 1355 2460 nostros
1371 2393 1500 2460 karissi-

370 2521 439 2566 mos
456 2520 608 2566 eorumne
624 2500 759 2567 heredes
775 2500 827 2565 vel
843 2523 1053 2583 successores,
1070 2523 1248 2586 eorumque
1263 2508 1382 2581 terras,
1404 2501 1499 2566 domi-

370 2611 438 2689 nia,
461 2608 606 2675 homines
632 2615 666 2674 et
689 2630 802 2676 eorum
822 2610 970 2676 subditos
986 2610 1108 2691 fideles,
1123 2632 1216 2694 quas,
1232 2632 1297 2694 que
1313 2617 1346 2675 et
1362 2630 1444 2692 quos
1458 2607 1498 2672 ad

371 2738 505 2802 presens
520 2718 687 2803 possident
704 2724 736 2782 et
752 2715 885 2802 babent,
901 2726 933 2784 et
949 2740 1030 2802 quas
1048 2724 1082 2784 et
1097 2740 1178 2802 quos
1194 2720 1267 2802 ipsi,
1282 2739 1396 2784 eorum
1413 2716 1499 2782 here·

371 2825 428 2892 des
444 2833 477 2891 et
493 2803 696 2894 successores
705 2825 824 2892 futuris
834 2826 1036 2911 temporibus
1046 2825 1259 2909 possidebunt
1270 2833 1303 2891 et
1319 2825 1500 2908 acquirent,

371 2932 575 3016 innodemus,
590 2933 833 3017 perturbarent,
849 2932 1138 3018 dampnificarent3
1153 2933 1277 3000 talibus
1293 2933 1497 2998 inuasoribus

373 3064 431 3108 nos
457 3049 491 3107 et
514 3062 716 3109 successores
741 3042 845 3106 nostri
870 3062 943 3106 oum
969 3042 1130 3107 uniuersis
1155 3041 1263 3122 terris,
1295 3040 1446 3107 dominiis
1469 3045 1499 3103 et

372 3149 512 3218 subditis
528 3147 678 3216 fidelibus
695 3149 828 3228 nostris,
843 3149 991 3230 totisque
1007 3148 1129 3215 viribus
1146 3155 1178 3213 et
1194 3149 1356 3232 potenciis
1372 3147 1500 3224 nostris

371 3261 462 3325 acsi
488 3256 672 3324 huiusmodi
697 3257 883 3323 inuasiones
909 3257 1124 3341 nosmetipsos
1151 3262 1325 3339 tangerent
1352 3277 1409 3321 seu
1429 3275 1499 3319 con-

372 3371 551 3446 cernerent,
577 3365 730 3431 rosistere
755 3362 895 3430 fideliter
920 3371 1078 3449 tenemur,
1103 3365 1328 3449 dictorumque
1359 3361 1499 3429 fratrum

372 3481 404 3539 et
419 3472 661 3539 auunculorum
677 3477 864 3540 nostrorum
879 3478 986 3538 terras
1002 3493 1041 3537 ac
1057 3473 1209 3554 dominis,
1220 3480 1380 3554 tanquam
1391 3478 1501 3538 nostra

372 3580 515 3667 propria,
531 3581 654 3648 tociens
680 3583 835 3665 quociens
851 3588 1047 3665 oportunum
1063 3580 1169 3662 fuerit,
1187 3601 1310 3664 nosque
1327 3601 1426 3663 super
1438 3579 1501 3662 hijs

371 3689 529 3757 fuerimus
553 3690 712 3772 requisiti,
736 3687 861 3772 absque
888 3688 962 3754 dolo
982 3697 1015 3755 et
1031 3688 1145 3754 fraude
1162 3687 1349 3755 debebimos
1366 3693 1401 3753 et
1416 3685 1502 3752 solu·
1605 3687 1607 3714 ³

372 3821 442 3865 mus
468 3797 646 3864 defensare.
672 3795 747 3862 Hoc
772 3801 880 3861 tamen
907 3797 1074 3880 signanter
1099 3815 1262 3880 expresso,
1287 3803 1323 3860 vt
1349 3815 1408 3859 nos
1432 3793 1502 3858 Rex

373 3905 548 3987 Hungarie
572 3901 722 3989 prelatus
748 3908 780 3968 et
805 3901 926 3968 fratres
951 3904 1055 3968 nostri
1085 3901 1236 3986 predicti,
1266 3902 1439 3983 nostrique
1470 3909 1503 3966 et

372 4012 558 4082 eorumdem
597 4010 737 4079 heredes
777 4016 811 4075 et
849 4031 1059 4090 successores,
1090 4008 1248 4093 predictis
1279 4005 1442 4075 fratribus
1472 4017 1502 4074 et
1605 4025 1607 4088 ,

371 4123 548 4188 auunculis
573 4122 695 4187 nostris
721 4117 912 4201 karissimis,
936 4118 1175 4203 eorundemque
1192 4117 1368 4183 heredibus
1386 4125 1421 4182 et
1437 4141 1503 4184 suc
1605 4177 1607 4200 ,

371 4231 555 4298 cessoribus
581 4249 647 4295 non
671 4227 749 4294 abbi
773 4247 829 4292 seu
846 4229 1017 4308 remocius,
1034 4227 1096 4292 nisi
1111 4227 1147 4290 in
1163 4225 1309 4292 confiniis
1324 4225 1435 4308 Regni
1449 4247 1504 4292 no
1605 4237 1607 4276 t

371 4342 433 4406 stri
449 4347 481 4406 et
495 4339 645 4405 terminis
661 4337 822 4420 contiguis
838 4343 1002 4403 terrarum
1017 4343 1051 4401 et
1065 4334 1283 4400 dominiorum
1294 4335 1501 4400 inimicorum

372 4456 405 4514 et
431 4450 621 4514 inuasorum
646 4445 842 4526 eorumdem,
857 4465 897 4510 ac
922 4444 1013 4526 alias,
1037 4443 1090 4509 vbi
1106 4443 1295 4528 poterimus,
1312 4463 1500 4508 succurrere

371 4563 404 4624 et
420 4554 592 4622 subuenire
609 4554 677 4622 sine
693 4554 768 4620 dolo
785 4560 963 4620 teneamur.
983 4550 1019 4621 Si
1029 4558 1139 4620 autem
1149 4551 1270 4619 fratres
1281 4557 1314 4616 et
1324 4552 1503 4619 auunculos
1605 4569 1607 4620 l
