3108 5246
568 306 663 384 1349.
1040 329 1043 338 ·
1114 311 1178 388 355

8 545 9 574 3
73 486 243 572 etruscos
269 484 495 560 desiderantes
524 501 556 561 et
573 497 629 579 qui
646 494 869 564 desideramus
889 496 971 565 illud
987 498 1081 581 idem,
1097 499 1184 568 vide-

8 619 10 682 ς
72 601 134 665 licet
148 601 228 684 quod
242 623 307 686 pax
332 608 490 686 perpetus
507 609 540 669 et
558 605 731 673 concordia
756 604 945 673 firmaretur
960 608 1045 672 inter
1061 612 1184 694 partes,

71 710 204 774 etsivere
227 729 355 795 semper
380 733 452 778 cum
478 708 550 778 Sua
573 711 682 796 Regia
697 712 874 782 Maiestate
890 715 924 780 in
941 721 1029 782 stetu
1044 716 1182 800 pacifico
1231 783 1235 792 ,

8 812 10 862 ³
69 819 216 902 etquieta
240 825 341 902 prout
362 841 488 904 semper
513 821 656 888 viximus
682 843 753 888 cum
770 823 954 892 illustribus
972 822 1181 909 Principibus

8 945 10 956 ’
69 923 197 992 Dominis
213 929 496 1012 predecessoribus
521 930 597 1012 suis,
622 937 655 998 et
681 931 821 998 maxime
837 951 909 998 cum
925 933 1010 1000 bone
1026 935 1181 1002 memorie

8 1031 10 1124 f
68 1033 178 1100 domino
192 1042 286 1120 patre
305 1058 372 1119 suo,
398 1038 648 1106 deliberavimus
673 1040 767 1108 iuxta
781 1041 1030 1125 requisicionem
1046 1063 1180 1110 suarum

8 1147 10 1216 ,
66 1143 265 1224 predictarum
281 1146 470 1212 litterarum
487 1147 689 1231 complacere
700 1146 880 1232 SueRegie
890 1148 1067 1231 Maiestati,
1077 1156 1180 1234 prout

8 1287 9 1344 3
65 1271 173 1334 semper
187 1251 339 1337 dispositi
354 1253 474 1320 suimus
500 1256 712 1339 complacere,
737 1257 889 1332 videlicet
903 1257 938 1322 in
954 1257 1117 1324 mittendo
1133 1259 1180 1342 ip

8 1407 10 1444 3
64 1357 158 1421 sosio
182 1367 312 1426 nostros
338 1358 580 1428 Ambsxatores
606 1363 648 1429 ad
674 1364 873 1448 presenciam
900 1363 966 1430 Sue
989 1363 1179 1430 Maiestatis

8 1453 10 1492 ³
62 1465 197 1550 predicte,
220 1473 258 1533 ut
282 1472 447 1535 tractatus
466 1471 566 1554 pacis,
582 1471 754 1537 concordie
771 1477 805 1536 et
821 1473 945 1538 amoris
962 1472 1111 1555 perpetui
1128 1491 1179 1536 or·

8 1607 10 1678 j
62 1569 153 1638 (linari
176 1575 310 1643 valeant
336 1583 369 1644 et
392 1576 526 1660 firmari,
551 1583 584 1644 ct
607 1579 696 1662 quod
721 1579 763 1644 ad
789 1577 1028 1663 beneplacitum
1044 1585 1079 1644 et
1093 1579 1176 1646 velle

8 1697 10 1768 ζ
61 1678 114 1748 Sue
128 1683 335 1751 Excellencie
350 1686 513 1752 antedicte
542 1707 576 1752 se
602 1685 743 1754 offerant
759 1694 896 1771 paratos
912 1709 982 1754 esse
999 1686 1042 1754 ed
1057 1693 1178 1755 trocta-

60 1795 192 1860 tuscum
219 1792 291 1860 Sua
316 1792 512 1876 Maiestate;
537 1815 610 1860 cum
633 1793 698 1861 hiis
724 1799 757 1860 et
780 1795 855 1861 aliis
880 1794 996 1876 verbis,
1012 1814 1075 1878 que
1090 1793 1178 1860 circs

8 1903 10 1966 ἰ
58 1900 109 1963 hoc
124 1901 166 1966 cis
182 1902 410 1968 convenientia
435 1901 647 1986 apparebunt
683 1900 811 1985 Quibus
837 1901 933 1968 dictis
960 1901 1096 1968 ulterius
1111 1919 1177 1966 non

57 2009 227 2091 procedant,
254 2009 314 2076 sed
339 2009 475 2076 audiant
500 2010 747 2094 responsionem
773 2010 894 2075 domini
910 2009 1013 2092 Regis
1029 2007 1176 2094 predicti,

8 2173 9 2180 ,
56 2135 140 2197 qoam
156 2118 244 2183 circa
271 2116 334 2184 hoc
360 2119 406 2182 eis
430 2117 559 2182 duxerit
575 2117 768 2199 faciendam,
784 2119 850 2182 sive
867 2137 964 2200 quam
981 2117 1051 2182 fieri
1067 2117 1176 2184 saciet

8 2221 9 2310 ᾗ
54 2223 90 2288 ad
104 2245 196 2308 qoem
220 2231 340 2310 postea
365 2223 588 2308 respondeant
607 2229 706 2309 prout
722 2243 835 2289 eorum
850 2222 1025 2308 prudencie
1041 2245 1100 2308 pro
1116 2221 1173 2287 ho-

53 2351 120 2396 nore
134 2337 245 2399 nostro
264 2337 299 2398 et
314 2330 399 2398 bono
414 2329 617 2415 agendorum
633 2330 795 2398 videbitur
812 2328 979 2416 expedire.

8 2495 18 2524 ,
147 2439 258 2525 Capta
275 2457 282 2499 :
299 2438 335 2506 Si
361 2445 471 2506 autem
497 2439 645 2506 dominns
669 2437 742 2505 Rex
768 2438 900 2523 diceret,
926 2437 1014 2521 quod
1029 2445 1173 2524 quatuor

53 2543 199 2614 Ciuitates
224 2547 411 2632 Dalmacie,
436 2567 518 2631 ques
534 2551 691 2628 tenemus,
708 2548 834 2614 scilicet
850 2543 1033 2630 Spalatum,
1049 2543 1175 2630 Traga·

51 2656 134 2737 num,
149 2654 342 2722 Sibenicum
368 2662 402 2722 et
426 2653 534 2736 Nona,
551 2661 628 2722 sunt
643 2675 717 2736 sue;
732 2654 846 2722 dicent
860 2652 1102 2720 Ambsxatores
1117 2673 1174 2718 no·

8 2817 10 2834 ,
50 2762 110 2848 sori,
125 2764 212 2848 qnod
238 2767 307 2830 iam
332 2763 432 2830 multo
458 2769 603 2848 tempore
628 2762 740 2848 elapso
756 2761 937 2828 invenimus
953 2761 1042 2845 ipsas
1056 2760 1091 2825 in
1106 2781 1174 2827 ma·
1238 2752 1243 2764 '

8 2935 10 2966 ζ
48 2871 127 2936 sima
141 2872 351 2940 desolacionc
367 2878 401 2941 et
415 2871 554 2957 pessimo
571 2877 660 2937 statu
677 2875 811 2955 propter
827 2869 998 2935 continues
1013 2869 1173 2934 incursio·

47 2999 97 3044 nes
112 2984 144 3045 et
159 2979 407 3064 derobaciones,
432 3001 497 3064 que
522 2979 584 3046 sibi
610 2979 732 3045 fiebant
748 2999 769 3046 s
786 2976 913 3044 Scissis
929 2981 962 3042 et
977 2975 1061 3057 aliis,
1077 2981 1110 3040 et
1126 2976 1173 3042 sic

8 3105 9 3114 ³
46 3087 106 3171 ipse
121 3089 161 3155 de
176 3091 280 3175 plena
295 3088 447 3156 libertate
472 3095 506 3155 et
532 3088 699 3156 voluntate
717 3107 752 3154 se
768 3077 892 3172 sponte
904 3091 1014 3151 nostro
1030 3083 1172 3150 dominio

8 3263 9 3266 ,
46 3196 270 3266 submiserunt
286 3195 356 3264 Nos
382 3197 480 3263 etiam
507 3196 728 3281 attendentes,
743 3195 830 3280 quod
847 3192 1073 3278 antiquissimo
1093 3197 1173 3258 tem·

38 3326 112 3390 pore
128 3307 379 3391 predecessores
405 3303 510 3371 nostri
537 3303 715 3370 dominium
741 3309 775 3368 et
790 3301 921 3368 titulum
936 3299 1122 3368 habuerunt
1138 3301 1172 3366 in

43 3416 108 3498 illis,
124 3415 331 3504 possedimus
359 3435 414 3482 css
440 3411 575 3498 pacifice
601 3417 633 3478 et
659 3412 777 3496 quiete,
803 3411 956 3495 ipsasque
973 3409 1171 3474 conservavi·

43 3545 106 3592 mus
131 3531 166 3592 et
191 3541 419 3592 conservamus
443 3542 516 3588 cum
543 3520 668 3602 magnis
685 3517 833 3603 expensis
850 3518 884 3598 iu
900 3517 1100 3600 protectione
1115 3534 1171 3588 no·
1200 3568 1213 3593 ,

44 3643 105 3702 stra
121 3657 197 3702 cum
214 3653 332 3715 magno
348 3631 435 3698 bono
451 3635 485 3696 et
501 3635 675 3713 augmento
700 3634 806 3694 status
822 3630 991 3704 serumst
1007 3621 1171 3707 predeces-

43 3764 125 3812 sores
141 3745 194 3811 sui
211 3748 246 3809 et
262 3741 347 3808 bone
363 3739 520 3806 memorie
536 3737 674 3804 condem
689 3736 837 3802 dominus
853 3731 981 3817 genitor
998 3751 1075 3796 suus
1090 3751 1171 3796 nun·

43 3875 133 3938 quam
150 3855 193 3922 de
210 3853 258 3919 eis
274 3849 368 3917 nobis
386 3847 512 3932 aliquid
529 3847 692 3930 dixerunt,
703 3844 760 3912 sed
771 3861 897 3928 semper
912 3839 1079 3907 nobiscum
1089 3838 1169 3906 emi-

42 3963 187 4030 cebiliter
213 3961 383 4040 vixerunt;
405 3958 491 4024 unde
515 3976 677 4040 rogemus,
703 3958 740 4018 ut
766 3949 832 4020 Sue
848 3948 1019 4018 Maiestati
1035 3947 1168 4031 plocest

42 4092 124 4140 more
140 4091 278 4139 morum
294 4068 536 4153 progenitorum
551 4063 761 4149 pertransire.
960 4069 961 4072 ’

142 4180 252 4267 Capta
268 4203 275 4244 :
291 4175 328 4244 Si
343 4181 455 4242 sotem
479 4172 626 4240 dominus
641 4167 714 4238 Rex
731 4169 953 4255 perseveraret
968 4163 1002 4230 in
1019 4161 1167 4244 dicendo,

41 4286 122 4374 quod
136 4291 188 4358 ius
205 4287 307 4355 habet
321 4285 356 4351 in
372 4282 567 4352 Civitatibus
584 4279 764 4364 Dalmacie,
781 4298 861 4362 quas
871 4281 1027 4357 tenemus,
1037 4278 1070 4337 et
1080 4269 1168 4355 quod

41 4402 246 4466 contentatur
271 4394 312 4460 de
340 4391 460 4460 stando
492 4389 675 4474 cognicioui
700 4393 733 4453 et
757 4384 879 4453 iudicio
913 4382 1096 4466 aliquorum
1127 4398 1168 4444 ex

41 4504 244 4591 Principibus
260 4502 390 4583 mundi,
415 4501 526 4566 dicent
549 4497 801 4577 Ambaxatores,
827 4491 913 4577 quod
938 4511 997 4556 nos
1014 4494 1165 4632 optemus

997 4600 1037 4662 23
