3108 5246
375 313 439 377 386
734 321 968 372 orraouaaarsr
984 298 1152 372 sartam.

374 492 408 556 in
424 490 558 558 Christo
575 487 676 554 filiam
694 492 838 554 noemam
849 486 873 552 J
875 484 1039 551 ohanuam
1049 485 1213 568 Reginam
1223 481 1335 552 Sicilie
1345 480 1493 550 illustrem

374 603 408 663 et
423 595 578 662 dilectum
595 594 698 662 filium
713 591 855 659 nobilem
872 592 976 658 virum
986 592 1186 660 Ludoricum
1197 592 1239 657 de
1250 591 1495 657 Tarentorirum

374 724 468 770 suum
485 725 524 768 ex
539 710 633 789 parte
647 724 719 780 vna,
735 709 768 768 et
783 707 816 765 te
832 723 870 768 ex
886 701 962 781 alia,
973 700 1148 780 discordia,
1164 719 1227 784 que
1244 698 1497 766 oeoasioneGiri-

374 813 454 877 tatis
477 808 764 896 vigintimiliensis
790 809 869 874 oriri
900 808 1122 875 verisimiliter
1151 806 1340 890 timebatur,
1363 808 1497 874 extincta

380 939 446 1004 pax
461 918 544 984 inita
559 923 617 998 est,
641 922 812 1000 prestante
827 915 968 981 Domino
995 913 1160 998 perpetuis
1185 913 1386 998 temporibus
1411 913 1497 978 dura·

376 1031 471 1106 tura;
503 1024 545 1090 de
576 1045 640 1108 quo
673 1029 767 1090 tanto
793 1021 972 1107 gaudemus
998 1021 1138 1107 amplius
1162 1028 1196 1087 et
1211 1021 1360 1102 letamur,
1385 1027 1497 1104 quanto

377 1132 490 1218 procul
506 1131 605 1197 dubio
621 1152 687 1216 pax
702 1129 896 1212 huiusmodi,
914 1129 1052 1196 sublatis
1068 1128 1258 1214 dispendiis,
1274 1151 1336 1215 que
1346 1128 1496 1196 discordis

334 1253 339 1260 ’
375 1239 574 1318 minabatur,
590 1236 677 1304 bona
692 1237 835 1322 plurima
850 1236 1032 1321 pollicetur.
1050 1234 1133 1302 (lum
1150 1243 1268 1320 autem,
1283 1235 1343 1322 fili,
1357 1237 1437 1304 siout
1451 1258 1496 1305 ao»

375 1348 528 1433 sepimus,
537 1347 571 1412 in
581 1346 696 1414 eadem
706 1345 893 1432 specialiter
902 1367 982 1430 paee
992 1352 1101 1412 actum
1112 1347 1164 1429 sit,
1173 1346 1261 1432 quod
1271 1346 1369 1412 iidem
1379 1347 1499 1430 Regina

379 1461 413 1522 et
429 1455 616 1523 Ludavirus
632 1453 808 1524 Civitatem
825 1455 963 1522 eandem
979 1455 1040 1522 tibi
1055 1454 1180 1521 facient
1195 1455 1331 1522 restitui
1344 1453 1444 1520 libem
1465 1473 1498 1518 ae

376 1564 514 1630 dimitti:
531 1561 752 1630 Nobilitatem
768 1568 860 1629 tuam
876 1563 1047 1629 hortamur
1062 1562 1097 1626 in
1112 1560 1256 1629 Domino
1282 1563 1438 1630 attentius
1451 1561 1498 1628 de

375 1678 556 1756 precantes,
573 1677 736 1754 quatenus
746 1692 856 1738 eorum
872 1671 907 1736 in
922 1671 984 1737 hae
994 1676 1086 1754 parte
1095 1670 1282 1738 libertatem
1292 1671 1498 1751 considerans,

377 1787 410 1844 et
426 1779 612 1861 attendens,
628 1784 712 1864 quot
727 1779 789 1863 ipsi
805 1780 949 1863 peccatis
965 1778 1169 1862 exigentibus
1184 1779 1389 1862 negotiorum
1404 1778 1498 1846 oneri-

378 1887 440 1954 bus
456 1894 707 1972 pregravantur,
723 1887 770 1952 eis
788 1887 829 1952 de
844 1886 1027 1971 aliquarum
1043 1884 1213 1970 galearum
1224 1892 1258 1952 et
1266 1885 1497 1954 balistariorum

380 1995 527 2062 subsidia
552 1994 708 2062 aduersus
732 1993 936 2061 badericum
959 1994 1085 2078 Regem
1101 1994 1251 2078 Vagarie
1267 1994 1435 2074 illustrem,
1448 1994 1497 2076 qui

381 2106 431 2169 sui
447 2109 637 2188 prosecutor
648 2103 776 2169 arbitrii
787 2101 939 2186 Regnum
951 2101 1061 2169 Sicilie
1077 2123 1135 2168 seu
1150 2109 1275 2169 terram
1285 2103 1496 2184 citraFarum,
1552 2143 1553 2146 =

381 2209 446 2276 Dei
463 2213 580 2279 timore
595 2195 788 2298 postposito,
803 2218 837 2278 et
851 2214 944 2297 penis
960 2233 1000 2278 aa
1016 2212 1194 2294 sententiis,
1203 2213 1322 2297 quibus
1333 2234 1367 2279 se
1378 2211 1495 2279 aaalias

378 2316 498 2386 maltos
513 2318 698 2404 implioauit
713 2327 746 2385 et
761 2319 917 2404 implicat,
927 2321 1056 2385 omnino
1073 2320 1274 2403 contemptis,
1282 2318 1427 2387 lacerare
1441 2337 1494 2384 non

378 2425 505 2511 desinit,
521 2428 751 2512 premissorum
760 2427 890 2511 intuitu,
905 2447 944 2493 aa
959 2448 1019 2512 pro
1035 2426 1215 2493 reverentia
1225 2425 1393 2511 Principis
1401 2423 1493 2510 Apos-
1533 2449 1538 2456 ·

378 2532 518 2600 talorum
529 2540 562 2600 et
572 2539 695 2616 nestra,
707 2553 846 2616 quorum
857 2532 1008 2618 Regnum
1019 2539 1052 2598 et
1062 2541 1152 2600 terra
1161 2532 1347 2600 huiusmodi
1361 2532 1494 2617 specialis

377 2641 543 2707 hereditas
552 2640 702 2722 existunt,
711 2645 888 2724 postquam
896 2638 984 2705 diets
1000 2638 1153 2708 Civitatis
1169 2641 1337 2705 restitutio
1354 2647 1386 2704 et
1401 2639 1493 2706 dimis-

379 2748 429 2813 sio
445 2744 550 2813 libera
565 2744 664 2812 luerit
681 2744 772 2814 faeta
786 2746 855 2828 tibi,
865 2747 945 2813 velis
964 2745 1146 2813 liberaliter
1162 2745 1340 2812 subvenire.
1358 2746 1493 2813 Ceterum

379 2855 460 2941 quia
476 2860 513 2920 tu
528 2860 636 2920 certas
661 2852 775 2938 galeas
799 2853 1006 2938 quorundam
1031 2851 1162 2919 (linium
1188 2875 1244 2919 seu
1260 2853 1493 2922 districtualium

378 2971 509 3028 tuorum
525 2960 568 3028 ad
585 2962 718 3028 servitia
734 2967 768 3028 et
782 2962 944 3047 stipendia
959 2961 1089 3045 Regina
1105 2983 1144 3027 ao
1168 2960 1329 3026 Ludovici
1350 2961 1494 3046 predicto·

379 3090 451 3136 rum
467 3069 677 3135 existentium
693 3068 775 3136 velle
793 3069 909 3138 diceris
925 3089 1098 3151 reuocare3
1116 3070 1194 3146 ‚Nos
1220 3069 1419 3138 attendentes
1441 3068 1493 3133 ae

379 3179 455 3263 gine
472 3197 511 3244 ao
526 3177 703 3261 Ludovioo,
729 3200 789 3245 neo
815 3199 881 3245 aon
905 3177 1021 3262 Regno
1047 3197 1104 3244 seu
1121 3177 1224 3244 Terre
1240 3178 1394 3260 predictis
1407 3195 1493 3260 graue

380 3285 516 3370 proinde
533 3287 713 3373 perieulum
738 3287 915 3370 imminere,
929 3285 1081 3372 precibus
1092 3291 1126 3352 et
1136 3286 1413 3353 exhortationibus
1422 3290 1493 3350 nost·

379 3393 426 3458 ris
442 3392 608 3476 adicimus,
619 3400 657 3461 ut
672 3394 777 3480 galeis
792 3417 849 3464 seu
865 3394 1017 3480 gentibus
1033 3395 1201 3480 galearum
1216 3393 1401 3464 huiusmodi
1413 3396 1494 3460 lioen·

379 3503 460 3569 tiam
477 3503 519 3570 ad
535 3503 671 3570 seruitia
696 3509 729 3571 et
754 3505 917 3590 stipendia
932 3504 1118 3571 huiusmodi
1141 3505 1342 3588 remanendi,
1357 3503 1492 3590 quamdiu

382 3612 430 3677 eis
446 3609 616 3697 placuerit,
632 3615 776 3696 gratiose
793 3613 961 3680 concedas.
976 3611 1017 3678 In
1033 3612 1098 3679 biis
1114 3613 1199 3678 enim
1216 3634 1254 3679 eo
1271 3611 1492 3700 nobisamplius

380 3718 543 3804 plaoebis;
560 3741 623 3806 quo
650 3721 746 3788 diutia
771 3720 908 3807 Regiae,
931 3720 1087 3806 Ladoyoo
1113 3725 1146 3787 et
1163 3719 1281 3807 Regno
1298 3722 1493 3811 compatimur

380 3827 531 3913 amplius,
542 3833 575 3894 et
591 3849 704 3896 eorum
718 3832 850 3916 negotia
865 3851 932 3897 non
947 3829 1044 3896 aliter
1059 3849 1158 3913 quam
1168 3831 1304 3915 propria
1314 3837 1494 3918 reputantes,

380 3936 440 4004 illa
465 3937 693 4022 prosequimur
719 3937 888 4006 fauoribus
913 3939 1093 4024 oportunis.
1118 3936 1248 4007 Datum
1273 3937 1493 4010 ArinioueVl

380 4042 538 4112 kalendas
555 4044 639 4131 Julij
656 4044 875 4116 Pontificatus
891 4048 995 4114 nostri
1010 4068 1098 4115 anno
1115 4065 1217 4116 nona

705 4193 762 4257 (Vl.
772 4193 909 4246 Kelamen
921 4194 995 4260 palpa
1007 4194 1194 4262 regestaibbl.)
