3166 5256
384 335 449 403 104
746 354 982 400 nmnonsczrsr
998 341 1166 398 ructans.

383 519 483 600 capta
508 512 571 580 fuit
595 535 682 598 pars,
707 514 795 601 quod
814 514 977 582 scribatur
993 512 1114 581 nostris
1130 511 1321 598 capitaneis
1338 517 1372 577 et
1387 509 1527 578 Guber-

383 621 556 690 natcribue
580 623 753 705 exercitus,
779 622 866 708 quod
890 622 1051 688 mittimus
1079 621 1122 687 ad
1138 641 1193 686 eos
1209 617 1455 702 Anconitanos,
1472 619 1529 703 qui

386 729 500 798 dicunt
514 728 639 796 habere
656 731 696 796 de
713 751 771 798 suo
788 736 822 796 et
838 730 906 796 suis
925 729 960 794 in
976 728 1001 794 J
1002 729 1094 809 adra,
1110 735 1143 793 et
1158 728 1245 813 quod
1259 749 1315 795 eos
1333 726 1479 795 audiant
1495 730 1528 792 et

387 837 544 906 ordinent
569 843 604 903 et
628 837 706 904 dent
730 839 779 903 eis
798 837 891 904 illum
906 837 1046 918 modum,
1063 838 1118 920 qui
1134 837 1181 903 eis
1196 835 1361 902 videbitur
1375 855 1456 902 cum
1471 835 1529 899 ho·

385 964 466 1012 nore
489 949 612 1026 nostro,
629 949 662 1010 et
687 944 757 1012 sine
772 945 883 1028 aliquo
900 945 1082 1029 preiudicio
1098 952 1286 1011 nostrorum
1300 943 1526 1028 negociorum,

385 1051 474 1135 quod
501 1051 570 1138 ipsi
591 1051 794 1120 Anconitani
814 1074 887 1120 cum
903 1054 970 1119 suis
986 1052 1079 1120 bonis
1103 1051 1231 1136 possint
1245 1072 1357 1118 secure
1372 1051 1470 1117 exire
1485 1051 1527 1116 de

383 1157 494 1228 dedra
518 1164 676 1244 quantum
699 1181 760 1246 pro
785 1162 917 1241 nostris,
942 1181 1006 1228 non
1031 1160 1250 1244 permittendo
1284 1157 1527 1243 Anconitanos,

387 1267 444 1352 qui
467 1267 602 1335 veniunt
626 1273 661 1336 et
686 1276 762 1336 sunt
786 1267 851 1336 duo
876 1290 938 1354 pro
962 1267 1130 1352 predictis,
1154 1269 1280 1334 intrent
1300 1265 1446 1334 Jadram
1461 1267 1526 1332 nisi

388 1393 462 1441 cum
472 1375 635 1459 personis,
651 1395 715 1442 non
730 1377 894 1461 portando
909 1375 1038 1442 litteras
1055 1375 1185 1460 aliqum
1200 1375 1354 1442 velarma
1368 1375 1422 1440 rol
1439 1373 1524 1441 alias
1571 1387 1572 1390 ’

389 1501 441 1548 ree
465 1482 603 1549 alicuius
629 1483 811 1568 preiudicii,
833 1482 975 1550 tenendo
991 1483 1025 1550 in
1043 1483 1106 1551 hoc
1121 1482 1213 1549 illam
1228 1482 1349 1550 bonam
1364 1481 1524 1568 provisio-

391 1610 477 1670 nem,
492 1609 557 1674 que
574 1589 637 1656 sibi
652 1589 816 1657 videbitur
835 1591 959 1672 melior,
968 1597 1006 1657 ut
1015 1611 1081 1658 non
1097 1593 1271 1660 extrahant
1286 1591 1351 1658 nisi
1365 1609 1523 1676 personas

391 1702 426 1764 et
440 1696 527 1764 bona
543 1698 712 1765 hominum
727 1699 768 1765 de
784 1696 934 1784 Ancona,
949 1706 981 1766 et
996 1720 1062 1766 non
1076 1699 1176 1766 aliud

499 1876 535 1939 (Δ
550 1877 678 1934 »Secreta
690 1878 805 1934 corani
817 1864 1068 1946 aegrorum-tor
1083 1880 1137 1935 hit.
1151 1881 1185 1932 A.
1200 1882 1255 1932 rol.
1272 1882 1306 1944 1,)

877 2094 1037 2109 σ--ι--ι--ι-ιι

938 2331 990 2392 98.

395 2485 451 2553 VI
451 2532 458 2549 .
473 2485 624 2554 Kelemen
635 2492 731 2574 papa
747 2487 853 2553 Jonas
877 2489 959 2568 cael,
984 2489 1018 2553 e's
1042 2489 1110 2553 III.
1125 2489 1279 2556 Kozimir
1295 2490 1417 2580 lenpyel
1432 2490 1515 2556 biro'·

570 2595 682 2682 lyolcot
697 2595 773 2673 inti,
788 2595 870 2680 topy
886 2586 1058 2682 tetrastyla
1074 2597 1234 2664 Mareotis.
1251 2601 1348 2665 1345.

412 2735 416 2744 ⁵
504 2751 656 2820 Clemens
679 2752 862 2836 Episcopus
887 2758 947 2820 etc.
972 2754 1141 2823 carissimo
1166 2756 1199 2822 in
1225 2736 1361 2826 Christo
1383 2757 1449 2824 filio
1463 2754 1514 2821 Jo

395 2860 496 2926 hanni
511 2859 597 2945 Regi
612 2859 750 2926 Boemic
764 2860 886 2926 illustri
902 2862 1041 2928 salutem
1056 2869 1116 2929 etc.
1132 2863 1306 2933 Relatibus
1321 2865 1514 2952 percepimus

395 2967 577 3055 fidedigniS,
594 2968 682 3052 quod
698 2968 822 3034 dudum
845 2971 931 3036 inter
956 2976 998 3051 te,
1024 2971 1189 3038 carissime
1214 2972 1272 3057 fili,
1287 2996 1327 3040 ex
1342 2996 1408 3041 una
1421 2979 1513 3060 perte,

396 3081 430 3142 et
445 3075 649 3143 carissimum
672 3077 707 3141 in
722 3074 855 3144 Christo
871 3077 976 3144 filium
1000 3087 1147 3146 nostrum
1176 3082 1385 3150 Kazimirum
1399 3083 1512 3168 Regem
1572 3159 1573 3164 ἵ

397 3183 538 3251 Polonie
555 3206 595 3250 ex
610 3185 726 3265 altera,
742 3185 935 3270 periculosis
946 3187 1315 3275 dissensionibus,hoste
1330 3196 1513 3277 procurante

396 3291 535 3359 humani
550 3293 691 3376 generis,
707 3293 883 3376 suscitatis,
909 3301 943 3361 ct
958 3318 999 3363 ex
1022 3297 1090 3364 illis
1105 3319 1298 3384 guerrarum
1314 3303 1411 3368 motis
1426 3295 1513 3365 insul·

396 3399 496 3482 tibus,
510 3400 643 3467 tandem
667 3403 763 3469 bonis
788 3402 865 3469 viris
890 3402 1121 3487 mediantibus,
1147 3413 1182 3472 et
1205 3411 1424 3477 tractantibus
1438 3411 1512 3475 inter

397 3527 452 3573 vos
467 3507 607 3575 inuicem
623 3515 746 3593 treuge,
762 3511 853 3593 pacis
871 3515 1135 3594 repraesentantes
1150 3515 1344 3598 ymaginem,
1370 3511 1513 3582 ommissis
1571 3499 1573 3512 ”

396 3637 592 3701 guerrarum
607 3615 791 3682 huiusmodi
816 3615 1010 3700 fremitibus,
1036 3620 1118 3688 inite
1143 3619 1277 3688 fuerunt
1306 3645 1409 3707 usque
1424 3619 1511 3689 adie-
1572 3659 1573 3688 ;

396 3728 482 3790 stum
496 3721 595 3788 Beati
611 3723 750 3790 Martini
765 3729 939 3791 venturum
954 3727 1104 3810 proximo
1123 3727 1290 3797 durature.
1307 3731 1432 3800 Verum
1447 3729 1510 3813 quin
1571 3723 1573 3768 ῗ

396 3835 591 3915 treugarum
607 3830 831 3914 predictarum
845 3833 1004 3900 terminus
1020 3835 1281 3920 appropinquat3
1301 3859 1359 3904 nos
1375 3843 1511 3906 verentes
1571 3833 1573 3906 ζ

397 3938 487 4025 quod
502 3944 577 4023 post
591 3939 721 4023 lapsum
737 3940 879 4008 eiusdem
907 3943 1039 4008 termini
1055 3942 1160 4010 hostis
1184 3946 1323 4031 predicti
1339 3947 1511 4014 malitiam·
1568 3941 1573 4024 ἐ

396 4045 550 4128 stiganta
582 4052 619 4112 tu
651 4052 684 4112 et
699 4047 772 4112 Rex
796 4051 964 4132 predictus
996 4051 1038 4117 ad
1070 4048 1263 4122 offensiones
1280 4061 1410 4122 mutuas
1426 4054 1512 4122 etho·

398 4151 489 4218 stilae
506 4173 702 4239 congressus
719 4157 779 4223 stb.
795 4161 1052 4244 prorumperetis
1078 4159 1153 4230 hinc
1178 4161 1273 4244 inde;
1298 4165 1511 4249 cupientesque

396 4259 583 4328 huiusmodi
607 4263 823 4348 dispendiosis
848 4267 1002 4351 periculis
1029 4267 1154 4337 obviari
1170 4271 1357 4354 salubriter,
1373 4281 1407 4339 et
1420 4275 1511 4340 mutue
1571 4241 1573 4298 ⁸

398 4367 489 4451 pacis
505 4375 539 4436 et
555 4372 690 4438 unitatis
705 4372 820 4440 federa
835 4375 922 4441 inter
937 4395 994 4442 vos
1009 4377 1149 4443 inuicem
1164 4377 1346 4465 reformari,
1361 4379 1510 4447 Excellm
1570 4343 1573 4482 i

397 4474 480 4541 tiam
503 4496 657 4561 rogamus
682 4479 823 4566 Regiam
848 4484 939 4550 etin
964 4484 1107 4552 Domino
1133 4487 1292 4556 attentius
1307 4488 1508 4564 exserens.
1571 4485 1573 4596 J
