3166 5256
343 349 399 406 ·78
702 363 938 410 nrrnonnczmr
962 349 1130 407 muneres.

351 517 520 584 Communi
546 520 632 584 dicte
649 520 759 602 Terre,
778 521 927 588 fidelibus
942 520 1078 600 dilectis
1095 519 1230 586 salutem
1247 526 1281 584 et
1297 519 1478 587 dilectionis

350 624 509 691 affectum.
540 627 685 692 Litteras
710 633 743 692 et
768 628 994 694 ambaxatores
1025 633 1149 694 vestros
1176 628 1357 711 recepimus
1385 635 1478 713 grata

349 737 465 814 mente,
481 734 536 817 qui
555 733 649 797 nobis
670 741 886 818 exposuerunt
903 734 1073 801 fidelitatis
1090 741 1197 801 vestre
1213 734 1392 801 ferventem
1410 758 1478 801 con-

351 842 512 922 stantiam,
538 862 637 925 quam
662 864 791 925 semper
815 849 967 925 paratam
993 851 1026 908 ct
1047 844 1223 926 expositam
1242 843 1423 909 invenimus
1438 843 1478 908 ad

350 956 462 1013 nostra
487 948 642 1030 obsequia
669 954 703 1013 et
727 948 881 1014 honorem
908 948 1006 1014 claris
1032 951 1200 1032 operibus
1216 950 1410 1032 manifestis,
1436 951 1472 1016 de

351 1055 470 1136 quibus
495 1054 688 1120 fidelitatem
713 1061 852 1120 vestram
875 1059 994 1122 merito
1019 1058 1287 1136 commendemus,
1303 1056 1474 1122 reddentes

349 1183 407 1224 nos
418 1161 461 1226 ad
471 1163 748 1227 conservationem
758 1171 901 1228 vestram
912 1171 945 1228 et
961 1163 1128 1230 commoda
1143 1164 1288 1246 quelibet
1300 1166 1388 1229 omni
1399 1172 1473 1230 tem·

348 1290 427 1352 pore
444 1271 673 1353 promptiones.
689 1272 733 1334 Et
749 1271 827 1354 quia
842 1271 883 1336 de
898 1276 1009 1336 vestra
1026 1270 1184 1336 fidelitate
1197 1293 1255 1354 pre
1269 1272 1386 1336 ceteris
1403 1271 1476 1337 lide

348 1377 433 1442 libus
449 1378 570 1442 nostris
587 1377 776 1442 confidimus
801 1383 835 1442 et
860 1399 1036 1460 speramus,
1065 1378 1318 1444 deliberavimus
1334 1399 1408 1444 cum
1423 1399 1475 1442 no·

348 1485 426 1550 stris
451 1482 605 1550 Consiliis
630 1483 761 1564 Minori,
786 1485 992 1568 Rogatorum
1018 1491 1052 1549 et
1077 1483 1144 1548 XL
1160 1485 1282 1550 habere
1298 1484 1427 1567 galeam
1445 1493 1475 1548 et

347 1590 471 1674 lignum
488 1598 630 1655 restrum
646 1591 689 1656 acl
704 1597 819 1658 nostra
835 1592 966 1656 seruitia
978 1592 1171 1674 inpartibus
1183 1589 1374 1674 Sclcuonie3
1390 1591 1473 1655 unde

346 1699 538 1764 fidelitatem
553 1706 695 1763 vestram
711 1699 907 1782 requirimus
933 1704 967 1763 ct
983 1720 1136 1782 rogamus
1152 1720 1225 1762 cum
1240 1696 1336 1762 dictis
1353 1700 1471 1762 nostris

348 1804 519 1886 Consiliis,
543 1805 736 1870 mandantes
761 1806 862 1886 robis,
887 1805 973 1889 quod
990 1805 1109 1869 dictam
1137 1806 1263 1888 galeam
1295 1813 1328 1871 et
1352 1806 1473 1888 lignum

349 1913 470 1977 ermari
486 1910 624 1993 faciatis
640 1912 788 1978 debeatis
805 1913 839 1976 in
856 1913 1034 1976 continenti
1044 1933 1104 1994 pro
1115 1932 1178 1975 uno
1188 1933 1305 1990 mense,
1322 1917 1355 1977 et
1371 1913 1471 1995 ipsam

349 2021 479 2084 mittere
496 2020 646 2084 celeriter
671 2020 713 2084 ad
731 2019 921 2084 Provisores
938 2025 1065 2083 nostros
1080 2018 1279 2102 inpartibus
1296 2017 1471 2100 Sclauonie,

348 2129 535 2194 ordinantes
552 2131 607 2208 eis,
624 2128 714 2213 quod
738 2128 846 2194 dictis
860 2129 980 2192 nostris
997 2125 1225 2191 Provisoribus
1242 2126 1384 2192 debeant
1400 2129 1470 2192 obe-

348 2236 426 2301 dire.
442 2238 489 2302 Et
503 2259 563 2320 pro
579 2236 801 2320 expedictione
828 2236 921 2320 galee
941 2243 979 2300 ct
1004 2235 1085 2319 ligni
1101 2233 1241 2317 predicti
1255 2235 1415 2300 mittimus
1432 2234 1470 2300 ad

347 2367 403 2412 vos
419 2345 604 2411 Nicoletum
621 2346 661 2410 de
678 2343 825 2412 Avennio
842 2345 1018 2410 Notarium
1034 2350 1068 2408 et
1091 2343 1219 2408 fidelem
1235 2351 1384 2410 nostrum
1400 2365 1467 2410 cum

348 2456 505 2520 sexcentis
530 2455 666 2538 ducatis,
691 2476 749 2536 pro
775 2453 867 2517 soldo
893 2450 978 2516 dicte
1003 2451 1095 2532 galee
1121 2456 1153 2515 et
1183 2451 1266 2534 ligni
1291 2453 1325 2515 in
1341 2453 1466 2518 ratione

347 2563 505 2629 librarum
522 2568 595 2630 octo
612 2585 784 2647 parvorum
801 2563 834 2625 in
854 2559 968 2626 'mense
985 2580 1057 2625 cum
1074 2558 1326 2624 honorificentiis
1343 2581 1470 2626 consue·

348 2673 398 2735 tie.
414 2673 461 2736 Et
477 2671 503 2735 si
528 2672 620 2737 robis
645 2671 810 2735 rideretur
835 2670 875 2734 de
901 2667 1008 2734 dando
1034 2667 1117 2750 plue,
1132 2665 1264 2731 faciatis
1284 2668 1370 2732 sicut
1384 2668 1469 2732 robis

348 2778 463 2842 melius
479 2777 659 2857 videbitur,
684 2774 884 2861 expediendo
916 2775 1069 2840 celeriter
1084 2774 1216 2855 factum,
1234 2778 1267 2838 et
1282 2775 1311 2838 si
1327 2796 1390 2840 non
1405 2795 1469 2858 pos-

349 2884 427 2950 setis
442 2886 490 2950 ita
507 2884 571 2950 cito
591 2884 722 2948 mittere
738 2889 922 2963 utrumque,
941 2880 1122 2964 expediatis
1139 2885 1173 2944 et
1188 2881 1327 2944 mittatis
1344 2880 1467 2962 galeam

348 2998 434 3072 ante,
460 2997 492 3056 ct
507 2989 720 3075 ‘postmodum
745 2990 886 3071 lignum;
913 2987 970 3052 sed
995 2988 1166 3068 oredimus,
1181 2987 1267 3073 quod
1284 2989 1379 3054 ambo
1404 2989 1467 3052 sine

349 3121 440 3164 mora
457 3099 604 3164 mittetis.
621 3096 715 3163 Data
738 3097 772 3160 in
787 3103 900 3164 nostro
926 3093 1047 3160 Duceli
1072 3096 1201 3178 palacio
1218 3095 1270 3159 die
1285 3093 1367 3164 XV.
1383 3095 1469 3162 Julii

348 3205 452 3272 XIII.
477 3206 671 3271 indictionis.

601 3367 740 3426 (Eredetie
752 3381 769 3415 a
782 3368 921 3418 relenczei
932 3381 1005 3432 nagy
1018 3365 1210 3432 levelttrbau.)

885 3762 934 3823 79.

346 3923 509 3990 Dandolo·
525 3921 642 3988 Eudae
667 3920 821 3985 uelenczei
846 3921 924 4006 depe
947 3920 1062 3985 Jadro
1079 3918 1260 3982 datoratr‘oi
1276 3921 1373 3982 vairos
1390 3916 1464 3982 clleo

735 4039 851 4112 sereqet
867 4027 965 4090 indit.
985 4029 1081 4091 1345.

451 4185 564 4254 Nobili
589 4192 623 4251 et
647 4185 787 4269 sapienti
812 4185 880 4249 viro
904 4183 1041 4251 Andree
1072 4183 1230 4250 Michaeli
1260 4181 1379 4248 Comiti
1403 4181 1463 4248 Ar·

344 4294 444 4359 bensi.

450 4398 607 4464 Andreas
631 4399 784 4465 Dandulo
809 4398 872 4463 Dei
897 4397 1009 4481 gracia
1041 4397 1266 4478 Veneciarum‚
1297 4397 1463 4466 Dalmacie

345 4515 444 4591 atque
455 4504 615 4572 Chroacie
627 4504 712 4588 Dux,
721 4506 882 4572 Dominus
894 4501 1017 4587 Quarto
1035 4503 1147 4570 Partis
1163 4503 1351 4570 etDimidie
1366 4507 1463 4570 totius
