3166 5256
639 384 735 447 1344.
1203 387 1241 446 51

108 561 243 643 Lasine;
259 560 414 628 addendo
429 559 464 626 in
479 558 561 625 line:
576 560 653 626 etsi
668 557 819 644 requisiti
837 558 966 626 fueritis
983 580 1003 626 a
1021 561 1109 626 dicta
1135 557 1242 626 Comi-

105 670 184 735 tissa
200 675 234 735 et
250 668 397 752 Gemite,
420 667 586 752 recipiatis
611 673 645 734 et
669 667 771 752 recipi
797 665 928 735 sociatis
959 667 1107 734 homines
1124 675 1156 734 et
1173 669 1242 734 ani-

104 777 207 842 malia
237 799 298 843 sua
330 779 365 842 in
406 775 524 842 insulis
554 774 675 842 nostris
699 796 761 859 pro
786 776 1008 842 conservando
1024 776 1085 842 illa
1109 774 1246 873 ibidem,

106 883 263 950 [amentes
279 884 406 950 eisdam
422 881 504 948 illud
520 882 732 963 commodum,
759 883 846 965 quod
871 883 1025 966 poteritis
1039 903 1100 967 pro
1116 903 1245 948 conser-

105 992 237 1058 vatione
252 989 417 1057 dictorum
433 990 601 1055 homiuum
617 995 649 1054 ct
665 989 856 1056 animalium
880 990 1112 1073 predictorum.

216 1096 377 1164 Mittatnr
408 1099 541 1180 insuper
570 1117 655 1162 unus
685 1093 844 1162 Notarius
876 1094 975 1163 Ourie
1004 1097 1148 1182 Egregie
1174 1098 1243 1164 viro

111 1203 279 1290 Gregorio
310 1204 446 1274 Ouriaci
463 1204 583 1272 Oomiti
615 1203 785 1286 (lotharie,
818 1206 870 1271 cui
901 1207 1134 1291 committetur,
1150 1207 1240 1292 quod

106 1313 200 1378 sacta
214 1333 276 1396 pro
292 1317 388 1396 parte
415 1319 529 1380 nostra
560 1312 761 1379 salutatione
792 1311 929 1395 decenti,
960 1313 1067 1380 eidem
1097 1317 1239 1398 exponat

105 1419 197 1502 qnod
214 1441 316 1504 nuper
332 1419 375 1486 ad
391 1428 536 1488 nostram
551 1421 699 1504 peruenit
715 1419 878 1501 noticiam,
904 1421 991 1504 quod
1008 1422 1140 1506 quidam
1158 1429 1242 1486 trac-

106 1534 199 1593 tatus
214 1533 248 1592 et
263 1528 459 1595 coadunatio
475 1527 621 1612 gentium
637 1527 675 1592 fit
689 1547 749 1610 pro
766 1526 935 1594 inserendo
961 1528 1114 1594 damnum
1129 1529 1242 1612 nepoti

73 1685 76 1694 .
107 1655 166 1700 sno
182 1634 329 1717 Egregio
346 1635 415 1700 viro
427 1634 582 1716 Johanni,
607 1629 686 1700 nato
712 1634 851 1700 condam
875 1632 1015 1719 Neliptii
1032 1635 1169 1701 Comitis
1187 1633 1241 1698 nt-

108 1743 177 1807 nini
192 1748 227 1806 et
240 1741 319 1808 locis
350 1743 427 1808 suis.
456 1743 502 1809 Et
517 1742 594 1808 licet
617 1741 749 1809 indubie
774 1741 952 1821 credamus,
969 1741 1057 1825 quod
1072 1743 1191 1808 damna
1208 1749 1241 1807 et

110 1847 256 1932 sirristra,
272 1870 337 1932 que
353 1849 599 1933 quomodolibet
624 1868 794 1916 occurrere
819 1855 955 1931 possent
980 1849 1109 1915 domine
1134 1849 1241 1916 Corni-

109 1955 190 2020 tisse
207 1957 309 2021 sorori
325 1978 393 2039 sue,
409 1963 443 2021 et
455 1955 522 2023 filio
539 1978 597 2023 suo
614 1953 735 2022 Oomiti
765 1955 923 2041 predicto,
955 1957 1008 2022 cui
1038 1958 1111 2022 loco
1137 1957 1242 2040 patris

110 2060 224 2127 debuit
239 2063 444 2143 remansisse,
458 2063 659 2129 humanitati
674 2085 731 2128 sue
755 2063 931 2148 displicent
946 2063 987 2130 ab
1013 2065 1143 2148 intimis,
1159 2065 1242 2130 sicut

110 2168 329 2251 debentium
345 2171 416 2236 iure
433 2171 591 2252 naturali,
615 2177 685 2236 tum
710 2171 825 2255 eciam,
850 2171 928 2254 quia
959 2171 1102 2253 quelibet
1117 2172 1242 2236 novitas

111 2275 295 2344 redundare
310 2283 423 2361 posset
438 2277 472 2341 iu
488 2277 640 2344 damnum
648 2281 750 2344 totius
766 2285 951 2359 contracte3
966 2287 1076 2346 tamen
1091 2283 1241 2363 optantes

110 2387 237 2452 statum
251 2384 425 2470 pacificum
441 2407 480 2452 ac
495 2388 768 2453 conservationem
785 2388 910 2472 prefate
926 2388 1056 2454 domine
1067 2386 1241 2453 Oomitisse

110 2511 148 2554 ac
165 2490 268 2574 ipsius
283 2487 425 2558 Comitis
439 2492 499 2557 lilii
530 2494 582 2559 sui
612 2494 822 2579 locorumque
848 2515 990 2578 suorum,
1021 2502 1090 2561 tum
1106 2499 1241 2578 propter

109 2596 283 2680 specialem
307 2597 529 2680 dilectionem,
554 2619 653 2683 quam
678 2599 807 2666 adeam
824 2601 978 2686 gerimus,
993 2599 1071 2684 quia
1088 2599 1169 2663 civis
1186 2619 1241 2664 no·

109 2711 176 2770 ster
192 2711 337 2790 est,tum
367 2706 469 2772 etiam
500 2727 559 2791 pro
590 2707 678 2774 bono
708 2713 741 2773 et
771 2709 880 2794 quiete
896 2709 1041 2793 partium
1058 2706 1241 2790 Sclauonic,

108 2811 230 2878 dictum
246 2821 396 2880 nostrum
411 2817 566 2882 nuncium
590 2816 634 2881 ad
661 2817 881 2884 sinceritatem
909 2837 1001 2884 suam
1017 2816 1168 2882 duximus
1185 2816 1240 2880 de·

107 2919 302 3003 stinandum,
317 2919 361 2987 ad
376 2921 608 3006 requirendum
623 2927 656 2989 et
670 2924 863 3012 rogandum,
888 2929 1049 3010 quatenus
1073 2921 1238 3007 prefatam

50 3043 53 3048 ·
108 3028 271 3094 donuinam
289 3049 433 3095 sororem
450 3049 551 3112 suam,
562 3052 601 3097 ac
617 3031 723 3115 ipsum
738 3028 899 3100 Comitem
914 3038 948 3099 et
958 3031 1031 3097 looa
1046 3051 1106 3096 sua
1121 3031 1240 3097 lrabere

109 3137 187 3202 solit
203 3138 305 3204 nostri
320 3140 600 3224 contemplacione
617 3146 651 3206 et
674 3141 839 3208 rationum
870 3141 1096 3227 predictarum
1112 3140 1240 3206 lavora-

108 3244 221 3310 biliter
245 3246 483 3328 commendata,
507 3246 723 3314 effectualiter
748 3256 932 3334 operantes,
949 3257 985 3316 ut
1001 3248 1145 3318 novitate
1163 3271 1241 3333 qua-

108 3353 193 3419 libet
207 3361 239 3420 et
254 3355 407 3422 molestia
432 3363 590 3436 cessante,
616 3376 715 3440 opere
746 3365 973 3441 cognoscatur,
990 3357 1079 3442 quod
1095 3378 1240 3425 sororem

108 3487 204 3531 suam
218 3465 363 3532 fraterno
380 3487 490 3532 amore
508 3465 625 3550 diligit,
641 3473 674 3533 et
689 3473 842 3550 nepotem
858 3489 950 3534 suum
968 3474 1122 3552 tauquam
1139 3469 1241 3534 lilium

107 3573 226 3639 karum
245 3574 353 3654 habet,
369 3580 403 3640 et
418 3594 477 3638 nos
494 3574 592 3639 etiam
609 3575 740 3640 exinde
757 3576 800 3641 nd
815 3575 1023 3661 beneplacita
1047 3583 1082 3642 et
1097 3575 1238 3640 honores

108 3703 187 3746 snos
201 3683 383 3767 promptius
415 3675 637 3766 disponamur.
666 3683 822 3768 Exponat
854 3705 985 3768 quoque
1016 3683 1103 3748 idem
1132 3687 1243 3747 noster

109 3789 245 3855 nuncius
262 3787 427 3874 Gregorio
458 3789 580 3854 Conciti
611 3791 770 3873 predicto,
802 3792 888 3874 quod
913 3790 1138 3872 intelleximus,
1154 3788 1243 3873 qnod

108 3901 224 3962 contra
238 3898 440 3964 uoluntatem
455 3898 557 3981 ipsius
574 3895 713 3964 Comitis
729 3898 755 3966 J
756 3899 894 3966 ohannis
910 3899 1038 3982 nepotis
1054 3897 1102 3962 sui
1119 3897 1244 3962 detinet

107 4009 241 4069 catunos
257 4004 339 4070 duos
356 4024 488 4070 suorum
516 4003 771 4090 Morolacorum,
799 4005 839 4070 de
855 4027 928 4089 qno,
958 4006 986 4071 si
1002 4005 1050 4070 ita
1067 4011 1125 4087 est,
1141 4005 1243 4088 pluri·

106 4131 198 4176 mum
212 4111 420 4195 admiramur,
436 4132 508 4178 curn
524 4113 744 4181 verisimiliter
761 4115 887 4198 sperari
898 4113 1010 4198 possit,
1026 4111 1114 4197 quod
1125 4114 1243 4180 nedum

106 4239 143 4282 se
157 4237 185 4280 'a
197 4217 310 4284 damno
326 4220 407 4285 dicti
422 4221 471 4285 sui
489 4223 616 4306 nepotis
642 4224 830 4304 abstineret,
856 4222 912 4289 sed
937 4229 1117 4306 opponeret
1133 4243 1167 4286 sc
1185 4243 1244 4288 suo

1 4405 2 4408 Ἴ
106 4325 214 4410 p'osse,
230 4333 265 4392 ut
279 4328 320 4393 ab
338 4329 413 4393 aliis
428 4333 575 4413 personis
592 4333 783 4417 aliqualiter
799 4338 1003 4417 gravaretur.
1017 4327 1129 4414 Quare
1146 4331 1246 4412 dilec-

106 4436 236 4500 cionem
251 4457 342 4501 suam
368 4440 514 4520 requirat
540 4447 572 4506 et
597 4446 702 4524 roget,
713 4448 874 4524 quatenus
906 4441 934 4506 si
952 4461 1033 4523 quos
1049 4438 1241 4505 Morolacos

1 4605 2 4608 ,
112 4541 220 4628 ipsius
233 4542 337 4626 habet,
354 4545 487 4630 placeat
503 4548 582 4615 illos
600 4549 663 4614 sibi
678 4550 826 4633 plenarie
842 4550 972 4616 restitui
991 4549 1107 4628 iacere,
1123 4551 1157 4610 et
1172 4568 1246 4630 per-

1094 4655 1136 4721 4*
