3108 5246
577 383 671 447 1349.
1064 463 1067 470 ,
1123 385 1185 451 ars

66 557 196 630 Christo
212 560 279 629 filia
295 567 409 626 nostra
424 561 449 628 J
451 558 582 626 ohanna
598 559 727 644 Regina
743 559 853 628 Sicilie
869 561 1188 644 illucescentem

63 670 220 736 insinuare
242 667 421 750 recolimus,
448 674 573 736 secreto
599 689 676 753 sepe
693 669 860 754 scripserit
876 670 980 753 uobis,
997 671 1083 755 quod
1101 677 1134 736 et
1150 675 1187 738 tu

62 777 155 843 etiam
186 785 298 845 teneas
329 777 363 842 in
394 785 528 860 secreto,
553 775 641 862 quod
667 779 738 862 ipsa
764 783 883 862 paratu
900 782 971 844 erat
987 779 1022 846 in
1038 779 1187 846 manibus

62 887 176 952 nostris
193 907 313 971 ponere
332 884 401 968 illa,
416 905 479 968 qus
495 884 530 948 iu
544 883 662 970 Regno
679 881 828 968 possidet
852 891 1051 967 memorato;
1067 891 1101 956 et
1117 885 1187 970 qui·

63 991 132 1058 dam
148 991 271 1078 Nuncij
289 991 402 1058 dilecti
415 989 475 1057 filii
491 991 609 1058 nobilis
625 991 687 1058 riri
702 991 861 1058 Ludovici
879 992 919 1058 ds
936 993 1082 1061 Tarento
1099 993 1188 1059 dixe-

61 1099 122 1166 rint
136 1100 288 1181 subisse
305 1099 445 1180 credere,
462 1098 550 1183 quod
568 1099 654 1165 idem
663 1098 850 1165 Lndovicus
866 1099 899 1164 in
915 1100 980 1166 biis
995 1102 1096 1168 etiam
1112 1121 1187 1168 oon·

59 1209 203 1275 sentiret:
239 1207 312 1274 Nos
336 1208 398 1274 bec
421 1207 555 1292 perduci
580 1206 623 1272 ad
649 1205 798 1274 effectum
827 1207 1050 1276 desideratum
1066 1210 1194 1278 (lintius

60 1337 255 1402 summopere
287 1317 462 1400 cupientes,
487 1313 640 1380 dilectum
667 1313 767 1380 filium
794 1313 992 1400 Magistrum
1009 1316 1187 1402 Hugonem

62 1423 97 1489 de
114 1423 287 1510 Arpaione
304 1421 506 1489 canonicum
522 1421 773 1506 Rutbenensem,
788 1421 1004 1508 Capelianum
1029 1431 1188 1508 nostrum,

61 1532 99 1598 ad
120 1533 284 1617 Reginam
309 1539 343 1598 et
367 1530 568 1597 Ludoricum
592 1529 756 1616 predictos
773 1553 843 1596 cum
861 1537 953 1598 certa
968 1533 1183 1600 instructione

60 1661 111 1706 seu
126 1639 232 1707 forma
248 1639 415 1707 credentis
431 1660 489 1723 per
504 1659 563 1706 nos
579 1638 689 1704 danda
706 1637 769 1703 sibi
784 1638 984 1706 decrevimus
1009 1641 1184 1722 destinare,

62 1749 256 1832 ordinantes,
271 1749 360 1832 quod
376 1769 434 1831 per
450 1753 483 1812 te
508 1747 599 1833 prius
616 1747 791 1812 transitum
808 1746 917 1828 faciat,
940 1753 978 1813 ut
996 1755 1034 1814 tu
1059 1769 1188 1834 qnoque

2 1903 3 1908 ι
61 1854 159 1936 ipsum
194 1876 294 1940 super
334 1852 469 1938 agendis
510 1853 609 1922 circa¹
637 1852 823 1920 huiusmodi
862 1855 1030 1938 negocium
1060 1855 1188 1941 plenius

61 1961 194 2030 instruas
221 1969 256 2029 et
282 1960 455 2041 informes3
470 1981 529 2044 per
554 1951 660 2044 quem,
685 1981 758 2026 cum
790 1961 969 2046 arripuerit
998 1963 1070 2046 iter,
1101 1963 1188 2046 quod

63 2071 126 2154 erit,
140 2075 312 2154 prestante
346 2065 498 2148 Domino,
522 2066 602 2132 satis
618 2067 692 2148 cito,
708 2067 770 2132 tibi
786 2087 882 2150 super
898 2068 961 2134 hiis
977 2075 1011 2134 et
1027 2069 1101 2134 aliis
1117 2068 1185 2153 plc-

62 2176 126 2242 nius
142 2177 370 2245 rescribemus.
386 2175 438 2242 Tu
453 2181 573 2255 tamen,
589 2174 645 2256 fili,
662 2181 773 2241 ulrum
789 2173 935 2260 prelatus
951 2175 1023 2241 Rex
1039 2175 1187 2260 Vngaric

61 2284 154 2352 libere
169 2285 223 2351 rel
249 2282 311 2350 sub
337 2282 530 2362 conditione,
555 2289 588 2349 et
613 2302 656 2347 an
671 2289 829 2367 perpetuo
844 2281 895 2347 vol
912 2283 955 2348 ud
972 2291 1100 2368 tompus
1117 2283 1184 2370 illu,

62 2411 118 2474 qne
132 2393 171 2458 ds
186 2392 336 2478 predicto
352 2391 479 2474 Regno,
494 2396 529 2456 vt
543 2381 716 2476 prefertur,
732 2389 867 2470 detinet,
892 2390 926 2455 in
953 2392 1104 2457 manibus
1120 2393 1186 2460 tuis

62 2519 92 2563 se
106 2501 261 2569 obtulerit
277 2502 328 2568 vel
343 2499 460 2567 offerat
474 2503 674 2584 positurum
702 2501 858 2582 quoniam
883 2521 944 2566 uec
967 2500 1114 2584 predicte
1128 2502 1186 2567 lit·

62 2612 125 2673 tere
140 2618 203 2692 tue,
219 2633 281 2676 nec
297 2609 392 2694 copia
409 2607 586 2675 earundem
602 2607 788 2673 litterarum
813 2607 891 2672 dicti
916 2606 1020 2690 Regis
1037 2607 1185 2692 Vagaris

63 2718 273 2785 conditionem
289 2717 444 2802 aliquam,
462 2737 560 2801 qnam
575 2717 646 2800 ipse
661 2715 735 2782 Rex
749 2715 783 2780 in
793 2715 1029 2800 biisinterponi
1039 2715 1188 2802 voluerit,

62 2832 293 2908 expresserunt,
307 2823 405 2910 clare,
429 2825 536 2891 lucide
550 2845 588 2890 ac
604 2824 758 2890 distincte
775 2845 846 2889 cum
864 2823 951 2891 omni
968 2825 1060 2892 nobis
1076 2824 1189 2892 celeri·

63 2935 125 2996 tate
139 2934 322 3016 rescribaa;
350 2935 478 3018 copiam
503 2932 730 3016 capitulorum.
756 2935 784 2997 si
802 2954 867 3015 qua
884 2930 1023 2997 forsitan
1046 2932 1181 3014 miserit,

63 3057 150 3123 super
166 3043 231 3109 biis
247 3043 507 3123 transmissurus,
533 3046 571 3106 ut
595 3061 694 3124 snper
710 3039 773 3104 hiis
788 3039 905 3106 habita
919 3047 1050 3106 matura
1065 3037 1187 3105 delibo·

63 3150 181 3216 ratione
198 3147 346 3228 Consilii,
372 3148 461 3232 quod
475 3147 588 3213 utilius
605 3147 706 3213 fuerit
728 3146 950 3231 prosecncioni
966 3147 1098 3232 negotii,
1113 3167 1187 3214 con·

65 3255 173 3325 sultius
189 3259 411 3344 disponamus.
421 3257 468 3324 Et
484 3259 647 3342 quoniam,
659 3257 742 3322 sicut
752 3256 926 3322 verisimile
937 3258 1187 3342 credimuspre·

63 3361 142 3432 latus
157 3367 344 3434 Lndoricus
368 3365 555 3431 nullatenus
581 3367 788 3448 consentiret,
805 3363 893 3447 quod
910 3385 949 3432 ea
965 3386 1028 3449 que
1044 3386 1104 3449 per
1120 3363 1184 3432 Re·

63 3470 165 3552 uinum
190 3473 325 3540 eandem
350 3479 383 3540 et
398 3474 503 3558 ipsum
518 3474 552 3538 in
567 3471 693 3554 Regno,
709 3479 747 3538 ut
762 3470 950 3555 predicitur,
966 3478 1120 3539 tenentur
1136 3494 1188 3539 eo·

64 3575 139 3661 dem,
164 3581 199 3646 in
226 3580 373 3648 manibus
400 3578 596 3646 venerabilis
621 3577 737 3644 fratris
763 3580 868 3644 nostri
900 3575 1061 3646 Anibaldi
1098 3579 1187 3662 Epis·

64 3687 129 3770 oopi
145 3683 329 3771 Tusculani,
344 3687 462 3770 Legati
488 3683 584 3752 Sedis
601 3683 803 3771 Apostolicc,
818 3693 1027 3769 ponerentur,
1043 3691 1076 3751 et
1093 3685 1134 3751 de
1152 3691 1183 3750 te

64 3802 172 3878 nepote
204 3795 333 3880 prefate
364 3793 499 3877 Regino,
526 3816 564 3860 ac
590 3791 652 3859 sibi
678 3795 825 3878 proxima
852 3791 1020 3876 sanguinis
1047 3798 1080 3858 et
1105 3791 1187 3858 cari·

5 3947 7 3952 ,
67 3901 137 3966 latis
154 3904 272 3968 unione
289 3903 469 3983 coniuncto,
486 3923 524 3967 nc
541 3921 581 3964 ex
607 3899 681 3966 aliis
697 3903 803 3966 causis
818 3899 975 3985 pluribus,
990 3904 1025 3964 vt
1041 3919 1105 3965 non
1121 3921 1188 3966 am·

65 4005 205 4092 bigimus,
222 4010 314 4096 pleno
338 4009 487 4092 conlisus,
504 4009 546 4076 nd
570 4008 628 4074 illa
644 4009 677 4073 in
694 4009 844 4075 nrarribus
861 4005 1012 4092 ponenda
1028 4010 1093 4072 tuis
1108 4006 1186 4072 laci-

67 4111 122 4180 lius
136 4120 275 4183 animum
302 4116 490 4199 inclinaret3
515 4123 552 4182 tu
567 4120 727 4204 promissa
742 4124 776 4183 et
801 4117 876 4199 alin,
891 4138 954 4203 quc
971 4113 1185 4184 considerati·

69 4223 116 4288 uni
129 4229 180 4291 tue
198 4233 332 4310 possunt
348 4247 527 4312 occurrere,
542 4231 666 4292 attento
692 4225 888 4310 recogitans,
914 4245 1016 4309 graue
1039 4246 1104 4290 non
1128 4221 1186 4290 ha·

70 4326 146 4416 beas,
161 4341 197 4402 ut
213 4333 382 4402 laboribus
407 4337 472 4401 tuis
497 4333 626 4400 labores
644 4334 797 4414 adiciens,
814 4339 972 4418 expectes
988 4333 1089 4400 donec
1105 4333 1187 4398 scire

71 4441 224 4525 possimus,
249 4447 358 4511 utrum
383 4443 470 4510 idem
494 4441 677 4509 ludovicus
702 4441 744 4509 nd
770 4463 819 4527 en,
835 4463 906 4525 spire,
922 4448 958 4507 ut
974 4443 1186 4526 premittitur,

72 4563 121 4625 por
134 4553 265 4618 candem
277 4551 436 4635 Reginam
453 4558 485 4617 ot
502 4567 574 4616 erim
591 4553 624 4616 in
636 4550 753 4636 Regno
769 4549 916 4638 predicto
933 4548 1184 4635 tenentur,poui
