3166 5256
571 324 666 390 1345.
1116 310 1178 390 ior

76 496 210 564 horribili
235 499 363 580 scelere,
388 499 623 566 abhominabili
647 500 720 566 Deo
745 507 779 566 et
803 500 998 586 hominibus,
1014 501 1100 587 quod
1116 524 1180 570 uon

75 606 245 688 remanebit,
259 607 374 692 procul
390 607 497 692 dnbio,
514 615 672 692 quantum
699 608 740 674 ad
758 629 816 674 nos
831 614 865 675 et
880 607 1068 678 Ecclesiam
1082 611 1182 696 perti-

78 716 180 799 cuerit,
203 717 394 801 inpunitum,
421 716 495 782 licet
511 735 596 801 pena
616 715 778 800 condigna
802 717 835 781 in
851 715 913 781 hae
928 715 996 781 sita
1011 717 1063 782 rix
1079 718 1182 802 possit

74 831 152 888 muto
168 820 291 906 flagitio
308 822 511 908 respondere.
542 821 630 908 Quia
646 829 764 904 tamen,
780 823 867 907 quod
883 823 930 888 sic
946 824 1044 908 impie
1058 823 1182 894 lactum

72 937 122 1025 est,
134 950 190 1014 pro
204 928 323 996 inlecto
341 933 456 1014 nequit
470 931 604 1013 haberi;
618 951 677 996 nec
692 931 805 997 mertis
820 928 976 998 iudicium
990 930 1180 1000 beneficium

73 1037 271 1105 restitutionis
287 1038 452 1105 admittit:
476 1038 716 1107 Excellentiam
741 1059 892 1124 rogamus
918 1039 1057 1124 Regiam
1075 1047 1109 1108 et
1132 1025 1192 1108 at?

72 1145 177 1211 tentius
199 1145 232 1212 in
258 1144 401 1214 Domino
427 1145 651 1230 adhortamur,
675 1153 834 1232 qnatenus
848 1153 1006 1233 tauquam
1022 1147 1182 1236 Princeps

71 1251 243 1335 magnificus
259 1261 293 1319 et
308 1253 452 1320 devotus·
467 1254 615 1337 dirigens
639 1256 682 1321 ad
713 1254 887 1322 Dominum
903 1261 979 1320 vota
995 1262 1061 1336 tna,
1078 1255 1181 1340 ipsius

71 1361 117 1443 qni
130 1361 226 1426 tocius
258 1361 488 1428 consolationis
514 1370 565 1428 est
589 1369 693 1448 pater,
709 1369 742 1427 et
758 1359 897 1428 afflictos
914 1363 947 1426 in
962 1361 1181 1430 tribulationi·

2 1508 7 1576 t
72 1465 121 1534 bus
134 1466 171 1534 de
186 1489 245 1535 sua
261 1469 432 1554 sperantes
448 1467 671 1535 misericordia
687 1467 824 1535 deficere
841 1490 905 1534 non
921 1470 1092 1553 permittit,
1113 1471 1182 1554 qui·

2 1587 5 1662 t
70 1595 122 1658 que
143 1581 173 1640 ta
188 1597 226 1643 ac
241 1575 398 1643 dommum
413 1583 503 1643 tuam
527 1574 668 1659 Regiam
693 1576 924 1656 consolabitur,
948 1581 986 1643 ut
1005 1597 1182 1661 speramus,

2 1667 4 1761 l
71 1680 98 1748 in
111 1681 195 1768 prole
210 1703 250 1751 ex
267 1683 383 1750 eodem
399 1683 491 1768 Rege
508 1704 547 1749 ac
564 1688 712 1749 consorte
729 1679 909 1749 snaSicilie
926 1683 1056 1766 Regina
1066 1684 1183 1752 relicta

70 1799 243 1876 pregnante,
269 1798 440 1877 prestante
470 1791 612 1859 Domino
644 1795 811 1860 nascitura
835 1794 1087 1860 consolationem
1104 1795 1183 1860 reci·

2 1965 4 1980 ,
69 1897 139 1982 pias,
152 1907 186 1966 et
199 1900 306 1985 ipsius
331 1901 545 1986 beneplacitis
561 1909 594 1966 te
610 1907 753 1986 coaptes,
784 1901 984 1967 carissimam
1000 1903 1034 1966 in
1050 1899 1184 1970 Christo

2 2017 4 2088 ξ
68 2005 155 2072 tiliam
169 2015 319 2075 nostram
333 2007 506 2076 Elisabeth
522 2009 684 2094 Reginam
700 2009 849 2092 Vnganie
865 2008 1035 2094 illustrem,
1050 2011 1183 2094 genitri-

1 2092 6 2202 ξ
68 2134 127 2180 cam
140 2121 238 2197 tuam,
254 2123 290 2182 et
306 2115 389 2182 alios
405 2115 445 2181 de
461 2115 568 2182 Domo
585 2125 644 2182 tna
670 2115 818 2201 predicta
834 2117 940 2201 Regia
957 2115 1105 2184 dolentes
1121 2139 1183 2186 non

2 2206 5 2302 i
68 2220 217 2290 immerite
233 2243 336 2309 super
352 2222 415 2289 hiis
430 2245 489 2308 per·
506 2223 576 2289 Tne
592 2223 877 2308 Magnanimitatis
894 2225 1047 2290 virtutem
1064 2234 1098 2294 et
1113 2247 1185 2294 ecn-

68 2331 210 2397 stantiam
226 2331 371 2398 dulciter
387 2330 595 2398 consulando.
612 2329 682 2397 Nos
698 2332 858 2415 equidem,
874 2333 930 2417 qui
945 2333 1015 2418 tibi,
1030 2342 1064 2400 et
1079 2332 1185 2401 eidem
1241 2389 1260 2418 ,

2 2482 11 2532 ,-
67 2434 188 2522 Regine,
204 2439 346 2524 aliisque
363 2437 546 2504 dolentibus
563 2441 779 2522 compatimur·
789 2441 824 2504 in
835 2439 1011 2508 visceribus
1027 2441 1186 2522 caritatis,
1241 2525 1242 2528 Ἴ

2 2544 8 2634 t
66 2549 94 2610 et
114 2545 260 2614 dolorum
286 2551 472 2613 vestrorum
495 2547 671 2631 participes
698 2545 858 2612 efficimur
882 2547 916 2611 in
941 2545 1005 2614 hac
1020 2554 1124 2631 parte,
1140 2547 1185 2614 ad

2 2637 4 2714 l
67 2660 145 2720 mam
177 2661 210 2722 et
237 2653 386 2721 eiusdem
415 2655 543 2737 Regiae
567 2657 764 2738 presentiam
790 2662 912 2722 certam
928 2675 1110 2739 personam,
1126 2677 1186 2740 per

2 2747 4 2827 l
67 2779 154 2843 quam
168 2769 287 2830 nostra
302 2766 337 2828 et
351 2759 491 2830 fratrum
516 2769 700 2828 nostrorum
725 2764 813 2830 circa
836 2762 896 2835 hec
919 2763 1057 2830 intentio
1080 2761 1186 2830 Subli·

66 2870 161 2937 mitati
175 2871 310 2956 plenius
326 2871 509 2938 innotescet
519 2869 634 2954 Regio,
643 2870 839 2937 intendimus
850 2870 996 2938 breuiter
1012 2872 1179 2940 destinare

66 2976 179 3045 Datum
204 2978 375 3046 Arinione
400 2976 466 3046 ΙΙΙ,
493 2977 653 3048 kalendas
680 2977 834 3048 Octobris
851 2978 1065 3048 Pontificatus
1084 2979 1188 3052 uestri

66 3105 141 3152 anno
157 3093 293 3174 quarto.

161 3193 317 3261 Clemens
333 3195 515 3282 Episcopus
531 3203 590 3262 etc.
607 3197 776 3262 carissime
802 3198 835 3262 in
852 3193 984 3262 Christe
1000 3193 1067 3260 iilie
1082 3193 1189 3262 Elisa·

66 3301 134 3368 betb
148 3302 281 3388 Regime
297 3301 446 3388 Vngarie
462 3305 585 3372 illustri
601 3305 740 3372 salutem
772 3311 831 3370 etc.
857 3301 1037 3388 (Gsalrmem
1053 3310 1107 3372 sab
1123 3325 1189 3370 sae·

66 3410 123 3476 rint
136 3413 221 3479 mint
236 3409 398 3498 ientebb).
424 3412 551 3480 Datum
575 3413 737 3482 Avimione
764 3411 829 3479 ΙΙΙ,
861 3407 1021 3478 kalendas
1036 3407 1191 3480 Octobris

66 3519 276 3592 Pontifioatns
294 3526 400 3593 nostri
416 3547 503 3592 anno
520 3529 651 3609 quarto.

163 3631 320 3703 Clemens
344 3635 528 3720 Episcopus
553 3642 613 3702 etc.
637 3635 804 3702 carissimo
829 3633 864 3698 im
883 3631 1017 3699 Christo
1035 3629 1104 3697 lilio
1121 3625 1191 3696 see-

67 3741 166 3822 phanc
183 3748 266 3810 mato
282 3743 372 3810 clare
388 3743 540 3809 memorie
557 3741 670 3809 Caroli
686 3743 790 3826 Regis
806 3739 953 3824 Vngarie
971 3736 1111 3804 salutem
1127 3741 1190 3803 ete.

67 3847 164 3930 (Osak
179 3872 257 3918 nem
273 3858 328 3918 snb
352 3853 472 3918 saerint
495 3854 579 3918 mint
602 3851 672 3918 ient
658 3849 762 3937 tebb).
787 3849 856 3916 Dat
842 3855 912 3914 tum
943 3843 1109 3915 Asinione
1125 3845 1190 3914 111.

2 3919 3 4038 l
67 3953 217 4028 kalendas
233 3955 390 4028 Octobris
405 3959 622 4028 Pontificatns
638 3966 712 4026 nest
713 3960 741 4026 ri
759 3980 844 4026 anno
864 3963 993 4043 quarte.

372 4124 576 4185 (Vl.Keleme11
596 4125 668 4189 papa
680 4121 863 4188 regestitibbl.)

495 4211 520 4242 0

554 4407 572 4422 »θ’
604 4411 610 4416 “
670 4412 712 4424 ’Ὗ
