3110 5248
360 349 424 414 280
715 365 947 412 nrrnouuczrnr
964 349 1135 412 canense.

358 523 457 593 Ourie
473 526 587 610 Regis,
605 525 730 592 Thome
745 523 909 606 Magistro
924 521 1118 591 danitorum
1127 523 1291 591 Ludouiei
1301 522 1400 607 Regis
1413 524 1469 594 Vn-

358 635 460 720 garu'e,
477 633 584 701 Paulo
610 635 650 700 de
675 633 789 717 Hugal
814 632 1072 699 Protbonotario
1099 631 1200 699 Gurie
1215 633 1317 716 Regis
1333 631 1471 717 Vnguis,
1514 673 1515 678 κ

358 739 496 809 Andree
513 739 633 808 domiti
649 741 765 808 Trium
779 738 947 808 Generum
964 737 1158 820 Siculorum,
1177 738 1365 806 Bertrundo
1379 737 1472 805 Petri-

360 849 459 916 ercbe
473 847 702 934 Aquilegensi,
729 846 850 914 Ocmiti
876 846 918 913 de
947 843 1052 913 Sebus
1068 853 1102 913 et
1116 843 1210 930 Kew,
1234 845 1411 914 Laurentio
1424 845 1473 912 Co

359 957 433 1024 miti
450 954 695 1042 Semproniensi
712 961 745 1022 et
761 954 874 1024 (lastri
891 955 1018 1022 Ferrei.

685 1099 744 1159 (v1.
759 1099 892 1152 Kelemen
904 1099 978 1168 pcipe
988 1097 1174 1164 regestaibdl.)

892 1511 967 1575 255.

363 1677 487 1740 Dusae
502 1667 619 1740 istorio
634 1673 773 1738 ezerdiai
791 1672 937 1738 czdrcak
952 1671 1048 1736 lescle
1063 1666 1256 1754 ajeelemzei
1272 1673 1476 1759 kdztdrsusdp·

597 1783 654 1848 boz
669 1776 804 1846 Cartare
821 1784 917 1845 scires
933 1778 1117 1844 e'rdekibec.
1144 1781 1239 1844 1348.

473 1939 652 2007 Millesimo
668 1939 899 2006 trecentesimo
916 1935 1166 2024 quadragesimo
1185 1943 1310 2019 octavo,
1326 1939 1378 2004 die
1392 1938 1479 2022 primo

364 2047 501 2133 Aprilis,
517 2051 620 2134 prim
636 2048 832 2114 indictionis.
859 2047 1056 2131 Exemplum
1080 2047 1268 2112 litterarum
1294 2046 1413 2114 domini
1426 2047 1480 2113 Im-

365 2156 528 2243 peratoris
544 2154 703 2222 Romanis
728 2175 789 2239 pro
815 2153 920 2238 pectis
947 2151 1073 2234 Catari,
1088 2152 1267 2235 sigillatum
1283 2153 1373 2220 bulla
1388 2174 1479 2221 aurea

475 2261 662 2347 Stephanus
678 2261 730 2327 dei
746 2262 857 2345 gratia
867 2259 1049 2327 Grecorum
1058 2259 1256 2345 Imperator,
1272 2263 1478 2328 amiconostrc

367 2371 549 2457 predilecto
565 2368 693 2436 domino
723 2353 861 2435 Andree
876 2367 1031 2435 Dendulo
1048 2367 1162 2435 eadem
1177 2371 1290 2452 gratia
1306 2368 1478 2453 dignissimo

367 2478 454 2546 Duci
470 2473 694 2558 venetiarum,
709 2474 996 2557 Dalmaticatque
1017 2472 1185 2555 Obroacie,
1200 2495 1259 2542 nec
1274 2498 1341 2543 non
1356 2473 1479 2542 Domino

369 2583 496 2670 Quarta
521 2581 642 2665 Partis,
667 2588 700 2649 et
725 2579 872 2649 Dimidie
895 2583 1001 2649 tocius
1026 2581 1162 2666 Imperii
1177 2581 1349 2663 Romanis,
1365 2585 1481 2650 salutem

370 2711 564 2777 prosperam
589 2696 622 2756 et
652 2689 790 2771 felicem,
815 2695 973 2774 tanquam
998 2689 1095 2757 fratri
1120 2691 1413 2774 preamantissimo.
1428 2689 1483 2754 Iit·

368 2807 458 2866 teras
474 2803 601 2863 vestras
624 2797 720 2864 nobis
745 2797 862 2864 missas
885 2802 1055 2882 gratanter
1080 2799 1264 2881 recepimus
1298 2821 1359 2882 pro
1383 2795 1482 2864 coufir-

368 2907 512 2974 matione
528 2903 700 2972 concordie
725 2905 881 2989 ospacti,
896 2905 1042 2988 utprius
1058 2901 1130 2984 luit,
1154 2905 1241 2972 inter
1259 2903 1429 2971 Commune
1443 2925 1483 2968 re·
1516 2946 1521 2955 -

369 3020 474 3082 strum
498 3017 533 3077 et
557 3009 737 3077 Commune
762 3018 920 3094 nostrum,
945 3019 979 3078 et
1004 3013 1172 3078 hominum
1203 3011 1350 3080 fidelium
1380 3012 1482 3080 Nostre

368 3118 559 3189 Maiestatis
585 3117 736 3185 Civitatis
761 3116 961 3201 (lutosensis,
988 3140 1048 3202 pro
1073 3120 1189 3203 pactis,
1214 3125 1253 3186 ut
1278 3120 1370 3204 prius
1385 3119 1483 3186 confir·

369 3233 458 3294 meta
474 3225 607 3292 fuerumt
621 3225 665 3292 ad
690 3225 865 3310 biennium,
882 3247 945 3310 que
961 3226 1027 3292 iam
1042 3226 1077 3291 in
1092 3227 1238 3310 proximo
1254 3227 1355 3295 finem
1369 3227 1480 3294 habent

272 3399 277 3406 .
370 3333 474 3401 Modo
491 3335 558 3400 iem
574 3333 782 3400 Fraternites
800 3333 923 3403 Vestra
938 3333 1027 3417 apud
1043 3331 1254 3400 Maiestatem
1274 3333 1427 3404 Nostram
1440 3354 1482 3418 pe·

371 3439 448 3506 tivit
474 3446 508 3505 et
531 3439 714 3522 requisivit,
740 3440 827 3524 quod
853 3449 967 3508 nostro
993 3441 1149 3507 mandato
1168 3447 1313 3525 pactum,
1330 3451 1362 3510 et
1377 3461 1485 3509 concor·

373 3545 470 3626 diam,
486 3552 525 3612 ut
540 3546 634 3613 nobis
650 3552 754 3630 patet,
770 3549 857 3612 inter
874 3543 1053 3614 Commune
1077 3554 1228 3614 nostrum
1244 3548 1363 3617 Ceteri
1377 3550 1485 3618 debere-

373 3675 445 3720 mus
460 3653 660 3738 prolongare
685 3653 729 3720 ad
755 3662 829 3722 octo
855 3676 966 3738 ennos,
993 3657 1080 3740 quod
1095 3676 1206 3738 amore
1222 3659 1324 3723 vestri
1340 3664 1375 3723 et
1388 3655 1485 3722 intuitu

372 3762 514 3828 amicitie
529 3763 640 3828 auimo
656 3762 777 3829 volenti
793 3760 902 3830 lacere
917 3765 1077 3846 volumus,
1093 3765 1182 3850 quod
1197 3766 1409 3849 imposterum
1423 3784 1486 3829 sen·

239 3959 242 3966 γ
371 3889 431 3952 per
447 3867 591 3953 dignitas
607 3875 717 3936 uestra
733 3877 918 3953 cognoscet,
945 3892 1005 3938 nos
1031 3892 1101 3937 esse
1117 3872 1210 3940 vobis
1228 3875 1369 3940 amicum
1385 3872 1485 3956 speciu-

370 3975 444 4041 lem.
460 3973 556 4043 Vnde
570 3977 806 4042 transmittatis
821 3977 927 4044 virum
937 3979 1091 4046 idoneum
1106 3982 1207 4047 vestri
1226 3981 1415 4049 communis
1425 3997 1481 4044 cun

372 4081 495 4148 litteris
519 4083 638 4150 vestris
663 4084 705 4149 ad
730 4083 841 4151 fideles
856 4093 987 4152 nostros
1003 4084 1129 4168 Catari,
1145 4090 1204 4170 qui
1220 4111 1295 4156 cum
1309 4090 1389 4174 ipsis
1409 4084 1488 4153 Cute·

374 4191 522 4257 rensibus
539 4191 711 4258 confirmet
725 4198 825 4276 pacta
841 4200 873 4259 et
888 4195 1075 4280 concordie,
1090 4203 1127 4262 ut
1144 4203 1244 4264 entes
1259 4198 1399 4265 fuerunt.
1418 4193 1487 4278 Quia

373 4316 433 4362 nos
449 4297 598 4363 fidelibus
624 4300 744 4364 nostris
769 4299 1004 4369 (laterensibus
1031 4303 1129 4370 dictis
1155 4287 1276 4371 seriose
1302 4313 1336 4373 et
1359 4302 1487 4370 districte

373 4402 564 4470 mandamus
588 4411 622 4471 et
645 4408 849 4490 precipimus,
875 4411 962 4494 quod
987 4411 1058 4477 fata
1082 4419 1182 4495 pecta
1208 4421 1242 4481 et
1266 4412 1485 4481 concordiens

376 4533 438 4598 que
454 4512 497 4578 ad
514 4519 586 4580 octo
603 4534 706 4580 annos
721 4517 869 4604 proxime
885 4525 1040 4592 venturos
1058 4521 1262 4604 confirment,
1277 4531 1315 4589 ut
1331 4521 1415 4616 prius
1430 4513 1487 4593 fuit
