3110 5248
363 321 428 390 294
697 334 933 384 ιιιιιοιιιοιιιι
951 321 1116 382 sumunt.

361 519 449 566 mum
467 499 501 564 in
518 495 633 564 Christ
619 503 654 563 to
668 495 771 562 filium
788 500 935 562 nostrum
950 492 1136 562 Robertum
1150 491 1388 578 Imperatorem
1401 492 1475 560 (lou-

363 604 695 689 stautinopolitanum
705 603 876 684 illustrem,
888 608 922 667 ct
932 600 1070 668 dilectos
1085 599 1171 669 filios
1180 599 1348 667 nobiles
1319 620 1403 666 uros
1411 599 1478 664 Phr

363 713 490 798 lippum
506 711 547 778 de
565 711 711 778 Tarento
726 729 929 793 germanum,
944 729 1005 774 nec
1020 729 1085 774 non
1099 705 1305 773 [rudoricum
1320 713 1354 772 et
1368 705 1518 773 Rebar

363 827 433 886 tum
448 819 490 886 de
505 818 651 885 Duracio
667 818 882 884 consobrinos
897 816 1117 902 Imperatoris
1133 814 1280 880 eiusdem
1305 819 1438 898 ceperat,
1452 820 1480 878 et
1517 891 1518 894 Ἴ

361 928 502 1014 captos
492 950 527 994 ιιι
543 924 729 1012 Vngariam
745 924 944 993 destinarat:
960 923 1032 992 Nos
1048 924 1267 1007 attendentes,
1285 924 1372 1007 quod
1387 924 1480 1006 lmpc-

362 1042 463 1118 rator,
479 1034 667 1120 Philippus,
701 1034 889 1101 Ludovicus
915 1037 949 1098 et
963 1031 1131 1098 Robertus
1146 1030 1288 1115 predicti
1303 1031 1344 1096 de
1360 1031 1481 1097 crimine

364 1142 479 1210 mortis
507 1141 595 1208 clare
621 1142 776 1209 memorie
800 1137 935 1206 Andree
969 1138 1073 1224 Regis
1099 1138 1220 1221 Sicilie,
1252 1139 1325 1204 nati
1339 1140 1396 1220 tui,
1411 1140 1483 1204 siem
1520 1158 1525 1167 ·

366 1249 544 1318 multarum
559 1248 758 1316 notabilium
772 1267 998 1333 personarum,
1009 1267 1071 1330 que
1087 1268 1122 1312 se
1138 1265 1235 1330 super
1251 1248 1314 1312 hoc
1329 1252 1481 1313 secreteet

364 1355 495 1442 publice
519 1354 748 1436 informarunt,
774 1355 985 1421 attestatione
1020 1354 1242 1438 cognocimus,
1275 1358 1368 1420 erant
1396 1359 1482 1437 prout

367 1469 443 1530 sunt
465 1462 596 1547 penitus
623 1461 811 1527 innocentes
822 1481 898 1546 ;pro
914 1460 1112 1527 liberatione
1136 1458 1355 1545 Imperatoris
1370 1465 1403 1525 et
1416 1459 1483 1526 Phl-

367 1569 459 1654 lippi,
474 1589 536 1635 nec
551 1589 616 1634 non
632 1566 792 1634 Ludovici
807 1573 842 1633 et
855 1566 995 1633 Roberti
1021 1567 1246 1651 predictorum
1269 1567 1422 1634 dilectum
1434 1566 1483 1632 fili·

367 1697 423 1744 um
453 1675 654 1758 Magistrum
683 1672 870 1742 Johauuem
900 1672 942 1739 de
973 1673 1129 1756 Pistoris,
1159 1673 1329 1742 Decanum
1353 1673 1484 1740 Ecclesia

368 1783 484 1852 Sancti
499 1779 685 1849 saluatoris
705 1779 936 1863 Traiectensis,
961 1778 1178 1866 Capellanum
1203 1789 1360 1863 nostrum,
1375 1781 1417 1847 ad
1429 1781 1484 1846 Er·

369 1889 556 1959 cellantiam
587 1887 693 1956 Tuam
718 1909 792 1955 cum
806 1888 930 1954 nostris
941 1909 1039 1973 super
1055 1890 1116 1955 hoc
1131 1889 1171 1955 de
1188 1889 1356 1955 credentis
1379 1887 1484 1954 litteris

370 1997 523 2065 duximus
554 1994 790 2062 destinandum.
816 1993 1148 2063 siracusanus
1173 1996 1397 2082 probabiliter,
1411 1993 1484 2080 quod

251 2115 255 2122 '
373 2113 410 2172 tu
424 2103 577 2190 precibus
603 2107 637 2169 et
660 2101 942 2170 exhortationibus
967 2104 1088 2170 nostris
1112 2103 1299 2170 huiusmodi
1313 2101 1484 2170 satisfacere

374 2211 468 2282 filiali
492 2209 662 2278 affectem
687 2231 860 2295 procures:
886 2211 930 2277 ad
954 2213 989 2278 id
1012 2219 1124 2278 tamen
1138 2213 1356 2280 inculcatione
1370 2229 1483 2298 precrun

375 2319 527 2388 Eandem
542 2319 783 2386 Excellentiam
799 2321 982 2386 excitantes
997 2319 1090 2385 illam
1105 2324 1230 2387 attente
1246 2338 1405 2403 rogamus,
1421 2335 1484 2402 qus·

372 2421 469 2495 tanus
494 2446 556 2511 pro
571 2425 767 2494 liberatione
783 2425 946 2494 dictorum
970 2425 1194 2513 Imperatoris,
1219 2435 1365 2511 germani
1379 2433 1411 2492 et
1424 2413 1485 2491 con'·

374 2535 579 2602 sobrinorum
597 2554 731 2601 suorum
741 2534 968 2620 predictorum
986 2535 1065 2602 dare
1081 2533 1161 2602 velis
1174 2533 1485 2602 nostreinterrentic·

366 2641 424 2709 nis
440 2639 557 2709 obtutu
583 2661 719 2725 operam
735 2639 908 2714 efficacem.
925 2639 1080 2708 Ceterum
1096 2661 1171 2708 cnm
1185 2639 1327 2709 dilectus
1342 2640 1422 2707 filius
1438 2658 1482 2704 no

373 2749 452 2816 bilis
467 2749 516 2813 ιιι
532 2747 729 2815 Leonardus
754 2749 794 2815 de
819 2748 932 2816 Thero
949 2751 1041 2816 miles
1059 2747 1314 2834 Neapolitanus,
1329 2744 1482 2816 fcmffluir

376 2855 455 2923 dicti
470 2854 699 2940 imperatoris,
717 2856 930 2923 obsecuturus
946 2855 1154 2943 Imperatori,
1169 2878 1325 2942 germano
1348 2863 1381 2924 et
1392 2872 1485 2921 conso·

375 2962 477 3030 brinis
492 2962 657 3048 predictis,
682 2963 725 3030 ad
752 2969 866 3049 partes
890 2965 980 3048 ipsas
997 2965 1098 3032 ducat
1113 2987 1146 3033 se
1171 2965 1412 3050 presencialiter
1425 2982 1485 3027 con·

371 3068 554 3152 derandum,
577 3070 728 3155 precibus
755 3071 877 3138 nostris
893 3072 1061 3156 adicimus,
1076 3080 1113 3139 ut
1127 3073 1266 3140 eundem
1281 3073 1412 3140 militem
1425 3088 1484 3135 con·

378 3179 592 3263 templationc
615 3184 730 3246 nostra
755 3181 918 3264 suscipias
943 3180 1223 3262 commendatum
1238 3181 1288 3246 ita
1303 3181 1388 3265 quod
1400 3174 1485 3262 possit

377 3285 425 3351 ire
450 3284 538 3366 illuc,
562 3292 596 3351 et
619 3286 741 3354 morari
766 3287 896 3369 ibidem,
920 3287 1063 3372 indeque
1087 3287 1197 3356 redire
1223 3310 1367 3356 securus
1381 3286 1484 3353 Daton

379 3390 541 3459 Asinione
555 3393 706 3461 kalendis
721 3394 803 3480 Maij
822 3395 1038 3464 Pontificatus
1054 3398 1156 3462 nostri
1172 3417 1257 3464 anno
1275 3403 1375 3463 sexto.

486 3500 528 3566 In
540 3500 653 3568 eodem
669 3503 755 3569 nodo
782 3552 813 3568 ..
831 3553 838 3570 .
853 3501 982 3587 Regina
1008 3503 1163 3590 Vngarie,
1188 3511 1220 3570 et
1243 3501 1406 3589 Stephano
1421 3503 1484 3564 usto

380 3606 470 3674 clare
485 3609 638 3674 memorie
655 3605 767 3674 Caroli
777 3608 880 3693 Regis
889 3608 1038 3695 Vngarie
1047 3610 1135 3677 Duci
1145 3611 1370 3692 Transilvano,
1379 3607 1484 3675 Obana·

381 3710 724 3800 dinoArchiepiscopo
735 3713 963 3802 strigoniensi,
983 3717 1148 3803 Episcopo
1165 3710 1484 3805 anqueeeoesient

384 3817 506 3886 Comiti
522 3820 628 3887 Paulo
653 3820 765 3888 Judici
791 3822 891 3892 Curis
916 3823 1031 3910 Regie,
1059 3823 1180 3891 Comiti
1196 3825 1237 3890 dc
1253 3823 1357 3892 Sebus
1370 3820 1484 3900 etKeu,

383 3926 565 3994 Laurentio
580 3924 702 3994 Oomiti
721 3928 967 4015 Semproniensi
983 3940 1015 3998 et
1032 3931 1144 3999 Castri
1158 3933 1286 4016 Ferrei,
1301 3933 1417 4000 Thone
1429 3927 1485 3995 lla·

381 4035 485 4120 gistro
501 4035 527 4103 J
528 4039 693 4102 anitorum
718 4036 878 4104 Ludovici
905 4038 1019 4123 Regis,
1034 4039 1142 4105 Paulo
1161 4039 1201 4106 de
1217 4039 1353 4123 Hungnl
1368 4034 1484 4104 Prothc

381 4143 512 4210 notario
529 4140 626 4209 Curis
653 4142 757 4228 Regis
782 4143 938 4228 Vngarie,
956 4153 989 4211 et
1005 4145 1142 4212 Andree
1167 4146 1289 4213 Comili
1303 4147 1396 4212 trium
1409 4159 1485 4228 geno

386 4271 459 4316 rum
475 4247 668 4318 Siculorum.

706 4395 765 4456 (VI.
776 4396 909 4448 Kelsmsn
923 4399 995 4462 papa
1007 4399 1198 4464 regestritbhl.)
