3166 5256
600 365 694 426 1344.
1165 370 1207 431 53

105 543 202 608 eteius
214 541 314 610 filium
332 539 494 608 Comitem
526 539 723 620 Jobannem‚
749 561 912 625 exponens
944 543 1064 608 eisdem
1089 543 1210 608 bonam

104 650 276 716 voluntatem
292 655 447 731 nostram,
473 671 569 732 quam
585 648 743 722 habemus
768 651 856 716 circa
882 653 1161 718 conservationem
1177 657 1209 716 et

106 763 205 822 statnn
225 757 396 841 pacificum
413 777 525 822 eornm
541 764 574 822 et
591 757 738 822 locorum
755 779 895 840 snorum,
912 763 945 822 et
961 758 1105 840 qualiter
1122 781 1206 826 sum·

103 871 149 947 pta
163 864 361 949 displicentia
377 887 437 949 per
452 886 511 932 nos
527 865 568 930 de
584 865 736 945 novitate,
753 887 815 949 qne
831 866 900 932 fieri
918 865 1087 932 dicebatur
1096 873 1209 934 contra

104 973 183 1054 ipsos,
197 974 306 1038 statim
321 973 521 1056 providimus
536 971 694 1038 mandare
725 973 924 1040 Rectoribus
939 975 1060 1040 nostris
1076 973 1208 1041 Solano-

4 1163 6 1174 ᾖ
103 1079 153 1158 nie,
166 1087 198 1145 nt
211 1081 314 1165 ipsam
329 1080 494 1146 dominam
512 1079 719 1146 Comitissam
745 1085 778 1146 ot
803 1078 964 1146 Comitem
987 1081 1089 1147 tilium
1114 1103 1206 1148 suum

104 1191 130 1249 et
142 1185 203 1251 loca
217 1207 326 1252 eorum
343 1185 485 1254 babeant
501 1186 535 1250 in
551 1208 628 1252 casu
653 1186 799 1270 quolibet
823 1188 1054 1268 commendata
1079 1193 1113 1254 et
1128 1209 1193 1272 qno

4 1355 6 1378 Ξ
103 1294 181 1358 medo
194 1294 299 1376 ipsum
315 1299 463 1358 nostrum
489 1294 642 1358 nuncium
666 1295 811 1359 misimus
828 1295 1011 1360 Comitibns
1028 1295 1203 1361 antedictis

4 1393 6 1474 ἑ
103 1421 161 1464 cum
175 1401 346 1466 ambaxata
375 1401 532 1484 predicta,
562 1421 623 1483 que
656 1401 750 1466 nobis
780 1402 949 1466 convenire
974 1403 1043 1468 visa
1068 1403 1131 1468 suit
1146 1423 1206 1486 pro

4 1491 6 1586 i
103 1508 261 1573 oesmtione
277 1507 453 1574 cuiuslibet
468 1509 621 1574 novitatis
637 1514 671 1573 et
686 1529 746 1591 pro
762 1507 949 1576 benefacti.

191 1669 223 1728 (A
237 1670 348 1721 »ddisti«
363 1670 451 1720 czimtt
464 1670 601 1722 velenczei
615 1671 841 1736 allamkbnyvbel
855 1671 947 1726 XXII.
961 1672 1020 1725 ket.
1035 1676 1075 1720 77.
1087 1670 1126 1720 ek.
1137 1670 1178 1730 11.)

567 1881 724 1890 ——--.-—-

626 2153 677 2216 55.

4 2305 7 2374 v
103 2305 126 2372 A
141 2311 284 2378 vdenczei
299 2313 645 2400 kormdnytanctcenok
661 2313 816 2380 rendelete
831 2335 1022 2400 uyyonazon
1037 2315 1207 2402 tdrpyboo.

4 2419 5 2460 I
602 2423 698 2487 1344.

192 2576 289 2644 Anno
304 2575 564 2646 MCCCXLIV.
580 2579 634 2644 die
650 2577 750 2648 VIII.
781 2577 937 2664 Augusti.
954 2577 1117 2664 Capta:
1142 2575 1211 2644 Au·

4 2699 6 2708 ’
101 2683 175 2767 ditis,
188 2691 220 2752 et
243 2686 439 2752 examinatis
463 2686 583 2768 litteris
616 2685 780 2756 Comitum
811 2693 997 2756 nostrornm
1029 2687 1212 2766 Sclauonie,

5 2815 7 2870 ς
100 2793 259 2860 consulunt
274 2793 479 2860 concorditer
495 2794 669 2878 sepientes,
686 2793 773 2876 quod
791 2795 975 2860 Comitibus
991 2794 1211 2877 infrascriptis

5 2921 7 2986 j
101 2899 248 2968 scribatur
262 2901 297 2967 in
312 2901 525 2986 infrascripta
555 2901 676 2967 forma:
710 2901 859 2967 Litteras
888 2908 1011 2968 vestras
1036 2905 1215 2984 recepimus

5 3045 7 3066 2
102 3027 177 3072 nova
190 3009 319 3075 illarum
335 3009 483 3093 parcium
494 3011 716 3091 continentes3
732 3009 849 3092 quibus
866 3009 1071 3105 presentibus
1087 3029 1215 3090 respon,

5 3139 6 3146 ¹
101 3109 209 3196 demus,
239 3117 325 3200 quod
356 3117 566 3201 prudenciam
596 3125 628 3182 et
658 3117 910 3183 sollicitudinem
933 3123 1075 3186 vestram
1090 3115 1217 3198 merito,

102 3224 369 3304 commendamus;
399 3229 433 3289 et
464 3225 541 3308 quia
565 3225 599 3290 iu
624 3224 704 3307 ipsis
729 3226 848 3290 vestris
873 3225 993 3290 litteris
1019 3223 1213 3302 continetur,

5 3359 7 3364 ·
101 3329 178 3411 quod
192 3350 247 3396 vos
262 3339 328 3397 tres
340 3329 483 3397 Comites
500 3330 738 3396 ordinaveratis
754 3331 796 3397 ad
814 3332 1058 3414 requisitionem
1076 3329 1216 3396 Comitis

5 3419 6 3476 Ῑ
100 3435 249 3504 Iohannis
264 3439 403 3505 condam
420 3437 559 3506 Comitis
575 3439 714 3522 Neliptii
731 3438 810 3504 dare
835 3437 910 3502 XX
935 3437 1136 3504 ballistaries
1152 3458 1213 3520 pre

100 3563 297 3629 unaquaque
314 3547 458 3613 Ciuitate
483 3555 543 3613 ete.
568 3546 745 3632 prudencie
769 3553 876 3611 vestre
901 3544 1215 3626 recommendamus,

5 3659 6 3672 *
102 3653 180 3732 qnod
195 3654 284 3720 nobis
300 3653 410 3737 placet
426 3654 594 3720 ordinacio
611 3662 719 3722 vestra
735 3653 874 3738 predata,
890 3660 923 3717 et
943 3651 1115 3717 scribimus
1126 3651 1217 3716 vobis

5 3773 6 3842 ἶ
101 3765 189 3840 prout
203 3760 281 3827 alias
296 3762 533 3844 denotavimus,
549 3763 706 3844 videlicet,
723 3761 809 3844 quod
826 3761 914 3826 dieto
931 3759 1053 3827 Comiti
1070 3765 1103 3824 et
1119 3759 1215 3824 matri

5 3877 7 3928 Γ
102 3886 150 3930 sne
165 3865 240 3934 dare
254 3869 402 3935 debeatis
418 3891 512 3936 omne
528 3870 707 3952 consilium,
721 3869 877 3937 auxilium
893 3876 927 3935 et
942 3868 1087 3936 savorem
1105 3868 1138 3932 in
1149 3889 1216 3932 orn·

5 3967 6 4040 ?
102 3971 196 4056 nibus,
212 3995 268 4057 que
283 3977 433 4042 videritis
449 3977 618 4060 expedire3
635 3977 792 4042 habentes
818 3997 945 4060 semper
976 3981 1159 4058 respectum
1175 3973 1219 4050 ad

5 4165 7 4172 Ι
101 4079 245 4146 honorem
259 4091 418 4164 nostrum,
435 4083 717 4150 conservacionem
733 4091 879 4150 nostram
895 4090 928 4148 et
944 4088 1133 4148 nostrerum
1143 4079 1220 4146 tide·

5 4173 7 4194 ⁶
101 4184 174 4251 lium
190 4187 227 4254 de
242 4190 325 4273 inde,
341 4197 453 4258 tamen
483 4191 594 4258 omnia
610 4194 643 4256 in
659 4192 823 4277 premissis
839 4212 897 4275 per
915 4211 970 4255 vos
987 4188 1172 4256 ordinanda
1188 4196 1221 4254 et

104 4295 244 4362 iacienda
268 4320 341 4365 cum
357 4301 478 4366 nostris
494 4302 639 4368 consiliis
655 4300 769 4367 ordine
786 4300 896 4366 debito
913 4297 1077 4364 iacientes.
1088 4299 1133 4364 Et
1143 4297 1221 4380 quia

104 4403 255 4485 asseritur,
266 4407 354 4489 quod
364 4429 448 4472 nova
458 4407 617 4474 adventus
628 4408 837 4493 Vngarorum
849 4407 956 4491 sopita
972 4427 1040 4471 esse
1054 4404 1218 4485 dicuntur,

6 4599 8 4610 ,
106 4509 192 4580 nobis
207 4531 266 4580 non
282 4522 420 4597 apparet
434 4513 488 4581 bio
500 4523 678 4602 propterea
694 4515 839 4604 aliquam
849 4513 956 4584 secere
967 4511 1153 4594 novitatem,
1165 4509 1221 4579 scd
