3214 5260
343 333 410 408 tel
703 347 937 408 burtonnczmr
960 337 1128 410 rusinae.

343 521 383 586 de
399 519 554 604 Machou,
576 519 776 586 Lenstacbio
801 519 909 606 Regni
926 523 1030 602 nostri
1056 520 1228 588 Solanonie
1243 521 1409 588 Banatum
1424 527 1469 587 te

342 635 450 709 nante,
464 628 597 694 Leukus
622 627 856 713 Dapiierornm
881 634 916 695 et
939 628 1184 710 Pinoernarum‚
1207 626 1369 713 Dyonisio
1384 627 1469 712 Aga·

342 759 465 818 sonum,
482 737 611 804 Thema
630 737 657 803 J
657 736 822 802 unitorum
848 743 1037 804 nostrorum
1051 739 1236 822 Magistris
1252 758 1291 803 ac
1306 738 1469 822 Magistro

341 845 482 930 Symone
496 845 565 911 filio
582 843 735 929 Mauricij
763 843 891 912 Gemite
918 846 1121 929 Posouiensi,
1135 837 1272 932 alijsr'me
1289 866 1389 930 quam
1403 847 1469 930 pln-

340 954 432 1020 ribns
448 952 559 1035 Regni
573 953 677 1019 nostri
694 949 879 1020 Comitatus
894 953 1081 1020 tenentibus
1096 961 1129 1020 et
1145 954 1292 1022 honores

448 1099 586 1162 (armam
609 1083 783 1163 norneayan
807 1100 1055 1166 sarge-renerent
1077 1100 1309 1166 aryemznnoron
1327 1101 1469 1166 mggspa
1524 1067 1530 1072 ’
1601 1163 1603 1174 ¹

341 1191 400 1242 aa
421 1191 502 1250 alatt,
524 1189 617 1257 Prtga
638 1191 721 1240 varos
733 1192 944 1256 levtlttrtbsn3
964 1193 1216 1258 strga·v‹“›rtts·ztild
1235 1193 1470 1257 selyemzsintron

341 1285 427 1348 ltiggo
452 1281 545 1346 peccet
569 1281 642 1330 alatt
666 1281 751 1345 pedig
771 1295 804 1331 az
829 1283 939 1332 anet-ki
963 1282 1124 1332 ubres-zbld
1137 1283 1372 1347 selyemzsinbron
1385 1282 1470 1346 siggo

339 1374 506 1437 megerbslw
528 1372 661 1434 pecsettel
685 1373 785 1436 egyiitt
797 1387 814 1421 a
825 1373 905 1437 bajor
927 1373 979 1422 kir.
999 1373 1129 1438 orszagos
1142 1373 1325 1435 levelttrbsn,
1338 1378 1403 1422 sect.
1416 1373 1469 1422 No·

339 1464 420 1513 rimb.
442 1464 481 1513 11.
504 1462 619 1512 Ultszlb
642 1462 735 1526 kirtly
749 1462 819 1511 altal
841 1461 1076 1527 Megertslttetett
1091 1467 1167 1512 1491.
1180 1463 1330 1512 november
1345 1468 1385 1511 17.
1398 1463 1430 1512 V.
1444 1465 1469 1510 ὃ.

339 1553 446 1604 Bobert
459 1552 621 1617 Ktrolyuak
637 1551 749 1602 letati
762 1553 916 1604 uedleveltt
928 1551 1177 1617 Gyiijtemenyimk
1190 1553 1213 1601 1.
1227 1552 1286 1602 not.
1300 1557 1361 1601 345.
1374 1552 1404 1614 l.)

823 1696 983 1706 ----

868 1842 941 1904 387.

338 2004 369 2069 Ι.
386 2003 486 2088 Lajos
510 2026 652 2088 mapyer
676 2000 788 2088 kirtly
813 2025 835 2066 a
860 2003 985 2088 prdpui
1001 2003 1034 2066 es
1049 2001 1228 2087 attraberpi
1245 2001 1467 2066 incatenate

340 2113 485 2176 re'szesiti
503 2110 830 2198 Mapyororazctpban
846 2135 867 2175 α
885 2110 1085 2196 cseborszrtpa'
1096 2109 1289 2174 kereskednt
1304 2111 1469 2176 ditaturos

692 2217 998 2304 kednezmtnpeiben.
1019 2219 1114 2281 1357.

444 2377 631 2444 Lodonicus
662 2374 726 2442 Dei
759 2376 871 2460 gracia
895 2376 1077 2459 Hungarie,
1109 2374 1290 2455 Dalmaoie,
1322 2375 1468 2456 Croaaie,

338 2487 452 2572 Reme,
464 2483 591 2566 Samia,
606 2482 757 2566 Galliae,
767 2483 970 2565 Lodomerie,
980 2483 1138 2549 Cumania
1147 2482 1371 2566 Bnlgarieque
1386 2483 1467 2564 Rex,

336 2591 494 2676 Princeps
511 2591 741 2658 salernitanus
755 2590 934 2656 etHonoris
950 2590 1074 2656 Montis
1091 2589 1206 2656 Sancti
1221 2589 1344 2675 Angeli
1355 2588 1468 2656 Domi·

337 2723 408 2782 nus,
424 2699 573 2765 omnibus
590 2696 715 2763 Christi
734 2697 884 2763 fidelibus
900 2698 1104 2782 presentibus
1122 2706 1156 2765 et
1170 2697 1290 2764 futuris
1305 2701 1466 2781 presenci-

338 2829 392 2872 um
409 2807 563 2872 noticiam
589 2805 752 2871 habituris
779 2805 917 2870 salntem
944 2806 978 2869 in
994 2807 1137 2870 omnium
1152 2805 1327 2871 saluatore.
1343 2804 1380 2870 Si
1396 2807 1467 2889 qui·

336 2914 478 2982 buslibet
504 2914 645 2996 Regiam
671 2913 921 2996 implorantibus
946 2914 1149 2979 clementiam
1163 2911 1303 2995 Regium
1318 2911 1465 2980 fauorem

337 3022 491 3088 debemus
506 3020 693 3113 beniuolnm
709 3021 889 3104 impertiri;
905 3021 970 3086 illis
981 3027 1090 3088 tamen
1100 3021 1306 3104 propensiori
1318 3019 1466 3087 denocio·

336 3152 377 3196 ne
392 3129 550 3196 Nostram
566 3130 718 3195 convenit
734 3126 970 3194 Celsitndinem
986 3129 1169 3212 prouidere,
1192 3148 1251 3211 per
1275 3149 1358 3212 quos
1381 3151 1465 3194 oom-

336 3239 477 3303 moditas
494 3237 601 3321 Regni
618 3245 650 3303 et
668 3238 791 3304 utilitas
817 3237 996 3321 reipublice
1019 3238 1139 3322 iugiter
1156 3243 1362 3319 procuratur.
1378 3236 1465 3304 Nam

336 3351 371 3409 nt
395 3341 565 3410 Celsitndo
590 3343 697 3426 Regia
717 3344 846 3409 illorum
872 3345 1017 3429 negocijs
1032 3343 1201 3426 inuigilet;
1217 3344 1323 3426 pietas
1339 3345 1465 3428 suadet,

336 3453 426 3517 racio
442 3452 587 3535 postulat
602 3459 636 3518 et
650 3455 700 3518 ius
711 3453 849 3535 requirit
860 3473 949 3533 ;cum
960 3459 993 3516 et
1008 3450 1081 3535 alijs
1098 3471 1178 3534 opus
1194 3451 1329 3535 pietatis
1346 3450 1464 3519 debeat

336 3559 498 3626 exhibere.
523 3559 667 3625 Proinde
692 3561 915 3626 uniuersorum
941 3559 1060 3626 noticie
1084 3557 1286 3642 presencium
1311 3560 1395 3624 serie
1411 3561 1464 3626 de·

335 3667 517 3762 eieramus:
541 3667 629 3749 qnod
654 3666 813 3732 Nicolaus
830 3665 980 3750 Scherph
997 3666 1183 3750 PragensiS,
1208 3674 1242 3733 et
1257 3666 1463 3732 Woliramns

335 3771 525 3857 Stromayer
543 3773 829 3857 Nurimbergensis
846 3779 1042 3840 mercatores
1053 3775 1087 3839 in
1098 3775 1172 3855 suis,
1183 3795 1242 3840 nec
1258 3795 1322 3839 non
1338 3775 1464 3840 uniuer-

335 3901 445 3948 sorum
463 3887 680 3948 mercatorum
698 3879 913 3964 Pragensium
933 3887 967 3945 et
980 3879 1307 3964 Nurimbergensinm
1317 3882 1463 3964 personis

334 3991 377 4055 ad
402 3997 548 4055 nostram
568 3988 757 4055 accedentes
773 3989 976 4073 presenciam
991 3988 1206 4056 exhibuerunt
1221 3987 1316 4053 nobis
1332 3988 1463 4056 litteras

333 4096 827 4180 patenteandicis,Jnratorum
839 4103 871 4162 et
881 4099 1102 4162 uniuersorum
1113 4096 1232 4162 oinium
1242 4095 1462 4161 Brnnensinm

334 4205 589 4272 transcribentes
614 4211 760 4271 tenorem
785 4204 972 4270 litterarum
997 4204 1185 4288 patentium
1210 4203 1378 4286 quondam
1398 4204 1463 4269 Ex·

334 4311 555 4377 callentissimi
572 4320 605 4377 et
621 4311 791 4397 Magnifici
808 4311 973 4396 Principis
989 4311 1110 4377 domiui
1126 4312 1246 4378 Karoli
1262 4310 1339 4375 olim
1351 4310 1463 4376 Incliti

334 4417 436 4501 Regis
454 4418 625 4503 Hungarie
643 4420 790 4502 illustr's,
806 4421 911 4503 patris
927 4422 1030 4485 nostri
1054 4420 1228 4499 karissimi,
1243 4437 1340 4502 snper
1356 4419 1463 4483 mode·

333 4528 464 4596 racione
496 4527 669 4594 solutionis
700 4529 898 4596 tributorum
929 4549 950 4595 a
979 4527 1214 4595 mercatoribus
1240 4526 1405 4594 extraneis
1429 4528 1461 4593 in
