3166 5256
428 365 491 456 '132
783 400 1019 455 omnomczmr
1036 391 1203 453 susurru.

960 717 1034 780 123.

429 872 490 942 VI.
506 876 655 942 Kelemeu
674 880 766 963 pdpc
784 899 822 941 uz
839 875 954 942 Eadre
970 874 1102 942 sicilici
1116 875 1300 962 kirdlynuk
1316 874 1489 962 mepdletdse
1506 885 1537 939 le

425 984 593 1048 leintele‘ddl
619 987 805 1050 {ertenendd
830 985 1048 1050 interleedesek
1074 985 1256 1072 tdrpyu'ban
1282 984 1432 1048 Bertund
1455 983 1538 1068 uuile

423 1091 499 1177 pini
513 1091 709 1176 patriarum
730 1093 762 1156 e's
778 1092 949 1156 Ferecczet
967 1092 1085 1156 Triesli
1095 1093 1256 1178 pcspckoc
1273 1091 1410 1178 apostoli
1426 1097 1539 1155 nuncia·

654 1200 778 1264 solcualr
795 1199 892 1264 areldi
909 1201 1220 1288 Mapycrorezdpbu.
1239 1201 1336 1266 1346.

533 1356 681 1424 Clemens
691 1358 874 1444 Episcopus
886 1365 946 1425 etc.
957 1360 1195 1427 venerabilibus
1212 1356 1372 1426 fratribus
1388 1356 1540 1424 Bertandc

426 1463 622 1530 Patriurchc
655 1463 880 1550 Aquilegensi,
906 1473 939 1532 et
963 1467 1141 1534 Franciscu
1166 1466 1329 1551 Episcopo
1356 1465 1541 1550 Tergemina,

427 1569 622 1656 Apostolice
648 1570 744 1638 Sedis
769 1572 904 1638 Nuntiis
930 1574 1070 1640 salutem
1095 1581 1156 1642 etc.
1182 1573 1266 1640 Cum
1281 1595 1348 1656 ros,
1364 1573 1405 1640 de
1422 1594 1541 1659 quemn

427 1679 587 1745 fidelitate
613 1685 646 1744 et
670 1680 958 1764 circumspectione
982 1684 1113 1766 plenam
1129 1683 1163 1747 in
1178 1681 1320 1748 Domino
1336 1679 1485 1748 fiduciam
1498 1700 1541 1764 ge·

428 1787 538 1868 rimus,
570 1787 613 1854 ad
629 1789 833 1853 carissimum
859 1791 894 1853 iu
920 1789 1054 1857 Christo
1077 1790 1180 1858 filium
1196 1793 1343 1857 nostrum
1358 1788 1541 1855 [rudoricum

427 1893 555 1978 Regem
571 1893 718 1979 Vngarie
735 1895 898 1963 illustrem
910 1904 1064 1982 etpartes
1083 1896 1193 1982 Regni
1209 1896 1259 1962 sui
1274 1917 1334 1980 pro
1353 1897 1451 1962 certis
1464 1915 1542 1980 nego

429 2004 484 2068 tiis
510 2003 724 2071 destinemus:
751 2004 823 2072 Nos
840 2006 1059 2090 attendentes,
1076 2004 1165 2089 quod
1180 2006 1240 2074 illa
1254 2003 1435 2072 feliciorem
1451 2003 1543 2070 sortiri

428 2117 666 2176 consueverunt
694 2111 854 2198 ellectum,
871 2135 933 2198 que
958 2112 1137 2180 maioribus
1162 2119 1195 2178 et
1214 2112 1400 2178 sanioribus
1416 2111 1542 2178 consiliis

426 2215 622 2300 fulciuntur3
639 2225 677 2286 ut
694 2223 721 2287 si
738 2223 870 2307 quando
887 2228 919 2288 et
936 2225 1089 2308 quociens
1105 2220 1195 2288 robis
1212 2221 1253 2288 de
1268 2219 1429 2306 predictis
1445 2219 1541 2285 utilius

427 2326 636 2410 expediendis
662 2331 801 2412 negotiis
827 2331 988 2397 ridebitur
1009 2330 1170 2415 expedire,
1201 2328 1406 2396 venerabiles
1439 2327 1542 2394 fratres

426 2439 557 2500 nostros
574 2433 852 2524 Archiepiscopos
869 2444 901 2505 et
916 2440 1108 2524 Episcopus,
1125 2438 1312 2504 acdilectos
1329 2437 1415 2504 filios
1430 2437 1544 2504 Electus

427 2547 462 2606 et
477 2542 558 2608 alius
576 2544 728 2611 Prolatos
744 2546 888 2613 eiusdem
904 2545 1024 2631 Regni,
1035 2547 1075 2612 de
1087 2548 1204 2631 quibus
1221 2546 1395 2632 expediens
1406 2545 1545 2628 uelcpcr·

428 2657 544 2716 tunum
569 2655 794 2737 cognoveritis,
811 2677 871 2739 pro
892 2655 1025 2722 consilio
1043 2662 1076 2722 et
1092 2656 1281 2722 assistentia
1297 2654 1390 2721 robis
1406 2653 1545 2720 adhiben-

429 2759 479 2824 dis
504 2761 592 2826 circa
616 2761 765 2847 predicta
785 2785 963 2830 convocare
979 2765 1125 2848 valeatis,
1145 2764 1405 2832 contradictores
1421 2762 1545 2830 auctori-

428 2871 498 2933 tate
514 2875 627 2936 nostra
646 2893 704 2954 per
730 2893 902 2940 censuram
918 2873 1175 2939 ecclesiasticam
1191 2874 1413 2958 appellatione
1429 2877 1545 2956 pustpu

429 2979 493 3044 sita
520 2981 743 3064 compesendc,
768 2983 898 3065 plenam
922 2980 1125 3050 fraternitati
1151 2991 1257 3050 vestre
1282 2982 1484 3049 concedimus
1506 2987 1545 3043 te·

427 3109 507 3152 nure
532 3091 736 3172 presentium
752 3089 951 3157 facultatem.
968 3089 1092 3158 Datum
1109 3089 1273 3158 Arinione
1289 3089 1332 3162 V.
1347 3089 1420 3157 idus
1436 3089 1546 3158 Janua·
1581 3177 1582 3180 Ἴ

428 3194 470 3259 rii
485 3193 703 3263 Pontificatus
719 3199 821 3264 nostri
837 3220 922 3266 annu
940 3206 1068 3284 quarto.

745 3378 804 3444 (VI.
819 3381 953 3434 Kelemen
968 3383 1043 3448 papa
1055 3378 1241 3448 regesteibcl.)

431 3969 487 4039 VJ.
514 3971 663 4040 Kelcmen
681 3979 771 4060 pripc
789 3997 828 4042 aa
846 3975 975 4044 errrlitelt
992 3979 1131 4064 apostoli
1146 3979 1363 4047 nunciusokat
1379 3980 1505 4068 ajdulju
1520 3973 1547 4044 Ι.

429 4080 527 4164 Lajoa
552 4105 695 4171 meppea·
720 4083 917 4170 kircilynuk,
932 4087 1082 4152 Erzae‘bet
1108 4089 1435 4177 onya-leirdlyuenuk
1450 4089 1481 4154 dc
1495 4084 1548 4148 lel-

728 4197 793 4256 cc'a
809 4193 939 4281 erde‘lpi
954 4195 1154 4283 kereaepnek.
1172 4197 1268 4262 1346.

537 4345 686 4416 Clemens
706 4351 889 4438 Episcopus
907 4362 966 4421 etc.
985 4355 1154 4443 carissimu
1170 4355 1204 4422 iu
1220 4356 1353 4424 Christo
1369 4357 1434 4424 filio
1450 4355 1548 4422 Ludo·

430 4454 501 4518 ricc
518 4453 602 4536 Regi
620 4456 768 4543 Vngarie
784 4463 906 4529 illustri
922 4467 1060 4531 salutem
1077 4471 1136 4531 etc.
1152 4465 1288 4531 Pridem
1304 4487 1369 4532 nun
1385 4471 1449 4532 siue
1464 4463 1549 4530 vele-

429 4563 529 4628 menti
545 4563 656 4632 dolore
673 4567 792 4652 cordis,
808 4569 922 4638 audito
939 4573 996 4640 illo
1011 4572 1176 4660 flagitioso
1193 4575 1324 4655 scelere,
1340 4573 1466 4660 quodin
1481 4592 1549 4657 per·
