3134 5252
586 311 681 384 1346.

599 585 671 648 137.

8 807 10 830 ,
85 745 271 812 Aodeaczec'
295 746 641 834 kormeaytanacsnak
665 750 828 812 utaaitdea
855 771 894 812 az
911 748 1108 816 Auaztra‘dda
1125 749 1197 814 kul-

8 855 10 884 ³
389 856 455 920 dote
472 855 592 919 severa
602 857 765 921 azdrndra.
782 857 879 921 1346.

8 1071 9 1108 3
175 1011 272 1080 Anno
304 1010 543 1084 Mocoxuv.
574 1014 627 1082 die
653 1012 792 1084 XVIII.
817 1015 1002 1084 Februarii.
1037 1014 1201 1102 Capta:

90 1118 172 1204 Quod
187 1124 412 1190 committatur
427 1121 553 1188 nostris
568 1120 857 1209 Ambaxatoribus,
866 1125 962 1191 ituris
977 1125 1020 1192 ad
1036 1125 1201 1194 dominum

8 1227 10 1250 ³
87 1225 193 1296 Ducem
214 1229 364 1314 Austris,
390 1231 478 1316 quod
504 1231 533 1298 si
547 1233 713 1318 reperient
727 1253 771 1318 se,
786 1232 844 1299 ubi
859 1239 946 1299 esset
962 1233 1110 1301 dominus
1125 1233 1200 1302 Rex

86 1335 250 1424 Hungarie,
265 1340 410 1408 debeant
426 1340 568 1408 salutare
584 1362 644 1426 pro
654 1347 748 1425 parte
764 1347 877 1408 nostra
893 1363 965 1408 curn
981 1340 1040 1408 illa
1054 1363 1200 1410 reveren-

86 1447 125 1512 tia
145 1453 173 1512 et
196 1446 355 1530 decentis,
374 1468 437 1531 que
453 1449 647 1514 conveniens
664 1448 727 1514 erit
741 1469 800 1532 pro
816 1446 939 1515 honore
956 1469 1014 1515 suo
1030 1455 1063 1514 et
1079 1454 1200 1528 nostro,

8 1539 11 1592 i
87 1559 113 1618 et
133 1555 335 1639 postmodum
355 1556 464 1623 dicere
480 1562 513 1623 et
529 1576 697 1641 exponere,
714 1557 801 1642 quod
817 1556 857 1622 de
873 1562 977 1622 morte
995 1553 1202 1626 Serenissimi

86 1659 192 1728 domiui
215 1663 318 1747 Regis
342 1663 487 1746 Andree,
501 1663 616 1732 fratris
633 1665 692 1746 sui,
707 1661 779 1732 Nos
795 1670 829 1730 et
845 1663 1074 1732 communitas
1088 1675 1203 1735 nostra

8 1763 11 1856 ζ
86 1770 250 1853 recepimus
265 1793 420 1855 magnam
435 1771 656 1839 turbationem
671 1777 705 1837 et
722 1771 875 1855 dolorem,
890 1779 1026 1857 propter
1041 1775 1202 1841 sincerum

8 1875 12 1964 {r
86 1895 214 1944 amorem
239 1885 273 1944 et
300 1879 514 1962 devotionem,
539 1899 639 1964 quam
659 1879 853 1964 gerebamus
870 1880 912 1946 ad
929 1877 1030 1946 Suam
1046 1879 1202 1949 Maiesta-

12 1974 26 2066 s
86 1989 140 2048 tem
163 1993 194 2052 et
219 1986 389 2070 honorem,
403 1993 437 2054 et
462 2009 560 2075 quam
575 1989 719 2073 gerimus
735 1988 778 2054 ad
794 1985 1014 2054 serenitatem
1029 1987 1131 2072 ipsius
1146 1989 1204 2057 do·

85 2092 152 2158 mini
174 2093 278 2180 Regis
302 2095 483 2180 Hungarie,
509 2098 593 2163 sicut
617 2095 749 2164 fecimus
775 2117 901 2181 semper
917 2115 990 2164 cum
1007 2096 1074 2162 suis
1089 2098 1203 2181 prede·

86 2203 262 2288 sessoribus,
288 2212 322 2271 et
345 2226 417 2272 cum
443 2205 517 2272 aliis
533 2197 628 2273 bonis
645 2204 761 2289 verbis,
777 2227 839 2290 que
855 2203 901 2270 eis
917 2204 1116 2272 videbuntur
1130 2195 1203 2272 cou-

85 2312 193 2379 reuire.
217 2313 265 2378 Et
290 2314 319 2378 si
334 2312 484 2380 dominus
501 2311 575 2379 Rex
591 2311 763 2397 Hungarie
778 2317 930 2396 tangeret
945 2311 992 2378 eis
1008 2312 1119 2397 aliqua
1134 2335 1203 2379 ver·

84 2411 122 2484 ba
144 2419 181 2485 de
206 2418 294 2488 facto
319 2418 434 2503 Jadre,
459 2418 679 2506 respondeant
700 2439 771 2486 cum
787 2419 854 2486 illis
869 2419 976 2487 uerbis
994 2419 1155 2486 contentis
1170 2422 1205 2486 in

85 2545 137 2592 sua
160 2527 384 2595 commissione
409 2528 444 2594 in
468 2528 654 2608 ambaxata,
679 2548 778 2611 quam
803 2526 923 2593 debent
941 2524 1046 2594 farere
1071 2526 1202 2595 domiuo

84 2633 177 2720 Duci;
200 2643 336 2723 excepto
366 2637 453 2722 quod
468 2643 638 2704 taceantur
663 2637 698 2703 in
722 2637 945 2704 commissione
977 2637 1126 2735 predicta
1145 2637 1204 2702 illa

84 2745 174 2812 rerba
196 2769 259 2832 que
284 2745 408 2826 dicunt,
433 2746 521 2831 quod
546 2747 596 2813 ius
621 2745 698 2831 vult,
723 2745 813 2830 quod
837 2767 888 2811 res
913 2749 1027 2812 nostra
1051 2747 1095 2810 sit
1109 2746 1204 2812 nobis

84 2855 313 2941 restitutaque
329 2855 428 2944 rerba
438 2876 502 2922 non
513 2853 665 2922 dicantur
680 2874 740 2921 nec
750 2853 881 2920 domino
897 2851 984 2920 Duei
999 2874 1058 2919 nee
1074 2853 1203 2920 domino

84 2957 170 3049 Regi,
185 2984 256 3030 cum
282 2963 433 3032 rideatur
456 2964 572 3032 melius
597 2969 630 3030 et
654 2964 756 3052 tutius
772 2983 812 3029 ea
826 2968 946 3044 tacere,
971 2981 1070 3046 quem
1085 2962 1205 3031 dicere.

230 3111 272 3190 <A
286 3126 415 3181 »Secreta
428 3102 542 3182 comus
560 3124 810 3194 rogatorum-scr
822 3125 877 3179 mc.
891 3125 923 3179 a
938 3125 992 3180 vor
1009 3127 1045 3189 ι.)

562 3303 722 3318 m

605 3542 677 3610 138.

84 3703 111 3771 A
127 3705 275 3776 edoceret
292 3702 566 3797 kormdnytaadea
582 3705 715 3773 vcitaaza
726 3701 847 3773 Danau
863 3701 973 3772 laruda
987 3701 1075 3772 eaerb
1089 3699 1207 3795 lcirdly

490 3814 682 3882 kdvetea'aelc.
701 3816 795 3881 1346.

188 3977 281 4046 Anno
306 3973 563 4048 MOOGXLVI.
594 3977 647 4044 die
672 3973 738 4043 ΠΙ.
763 3972 891 4042 Marcii.
908 3972 1059 4059 Capta:
1076 3974 1209 4040 Exami-

84 4089 160 4152 nata
184 4087 354 4155 ambaxnta
370 4084 494 4152 domini
510 4085 614 4170 Regis
630 4081 749 4169 Serrie,
765 4083 939 4153 consulunt
964 4081 1126 4165 sapientes
1142 4103 1210 4148 res·

83 4191 213 4274 ponderi
228 4193 435 4263 ambaxatori
451 4214 524 4261 suo:
536 4191 583 4258 Et
597 4194 705 4278 primo
722 4192 764 4260 ad
779 4193 921 4277 primum
937 4191 1124 4274 capitulum,
1134 4210 1209 4256 oon·

83 4299 186 4366 tinem
208 4303 243 4370 iu
268 4300 386 4370 effectu
405 4303 447 4368 de
466 4301 675 4369 coronatione
690 4323 751 4368 suc
766 4301 800 4366 in
816 4299 960 4384 Imperio
978 4296 1209 4366 Constantino·

8 4467 10 4476 ,
84 4405 234 4496 potitare,
244 4431 342 4498 quam
351 4409 445 4478 nobis
455 4408 498 4476 ad
509 4409 665 4494 gaudium
675 4405 1108 4495 significatuespondeatur,
1119 4403 1209 4486 quod

8 4539 10 4566 ε
86 4515 127 4584 ob
142 4521 309 4603 specialem
333 4519 544 4602 demtionem,
570 4539 668 4604 quam
693 4539 821 4604 semper
842 4515 1001 4603 gessimus
1018 4521 1051 4582 et
1066 4512 1211 4608 gerimus
