3214 5260
406 353 471 431 lan
743 372 979 432 urrrrouacmar
996 357 1161 431 aurinand.

406 544 476 610 Tus
494 545 697 633 Serenitatis,
722 537 754 611 et
779 545 940 612 carissimi
969 547 1002 610 in
1028 543 1164 611 Christo
1179 544 1241 608 filii
1256 545 1362 609 nostri
1379 537 1511 608 Ludcdci

404 651 507 736 Regis
524 653 673 738 Vagaria
699 654 839 720 illustris
865 654 935 719 nati
962 655 1019 736 tui,
1036 655 1072 718 iri
1087 651 1232 717 fauorem
1250 700 1257 716 .
1274 701 1281 715 .
1296 701 1304 714 .
1320 650 1452 716 illustris
1465 649 1514 716 lle

405 761 453 844 gia
471 759 608 826 Polonie
635 762 825 839 destinatas,
850 763 1031 844 recepimus
1058 781 1148 824 more
1164 760 1280 843 patris.
1297 760 1343 825 Et
1360 761 1435 843 quia
1447 758 1515 824 idern

405 867 477 934 Rex
493 867 641 949 Vagarie
666 869 740 953 plus
765 869 869 951 petiit,
895 889 993 951 quam
1019 867 1091 932 'l'ua
1109 865 1296 932 Serenitas:
1315 867 1377 932 sibi
1393 867 1516 952 plenarie

404 975 646 1058 respondemus
662 981 696 1041 et
711 997 785 1039 eum
801 983 937 1059 paterne
963 976 1164 1054 instruimus,
1185 975 1326 1058 qualiter
1342 998 1362 1040 a
1379 975 1516 1040 similibus

404 1082 616 1166 petitionibus
633 1082 800 1148 abstinere
820 1080 939 1147 debeat
955 1082 988 1146 iu
1005 1081 1170 1162 luturum3
1194 1087 1290 1164 prout
1304 1083 1339 1145 in
1355 1089 1464 1147 tenore
1475 1079 1517 1144 lit-

404 1200 560 1273 terarum,
577 1213 658 1275 quas
675 1191 736 1257 sibi
753 1191 914 1257 mittimus
929 1190 1124 1254 interclusas
1135 1189 1350 1272 presentibus,
1366 1211 1425 1272 per
1439 1209 1516 1272 quem

405 1306 593 1384 reputamus
622 1299 820 1364 sufficienter
846 1299 916 1364 fore
941 1298 1059 1365 Eidem
1080 1297 1259 1363 Serenitati
1276 1297 1518 1381 responsumq-

405 1409 497 1474 ‹lebis
522 1407 648 1491 plenius
673 1409 851 1487 contineri;
883 1407 1056 1490 Tuamque
1083 1405 1286 1471 devotionern
1312 1426 1352 1470 ex
1378 1428 1426 1486 eo,
1448 1403 1519 1487 quod

404 1516 595 1599 prudentius
620 1521 653 1580 ct
678 1515 878 1581 moderatius
904 1514 1105 1600 supplicasti,
1131 1535 1196 1578 non
1212 1513 1353 1596 petendo
1371 1513 1518 1597 dispeusa-

404 1626 538 1706 tionem,
563 1645 627 1707 que
653 1625 838 1690 nullatenus
864 1624 962 1690 debet
986 1625 1063 1707 peti,
1088 1622 1221 1707 diguam
1237 1624 1270 1688 iu
1287 1623 1430 1688 Domino
1451 1641 1520 1686 eom·

405 1733 605 1798 mendcans.
631 1730 799 1815 Quidquid
824 1740 935 1799 autem
960 1755 1020 1816 pro
1046 1731 1289 1796 conservatione
1308 1731 1440 1795 honoris
1455 1727 1520 1794 dicti

405 1838 506 1921 Regis
531 1838 668 1904 Polonie
693 1862 764 1905 cum
792 1841 915 1905 honore
941 1847 1054 1904 nostro
1079 1846 1113 1904 et
1132 1839 1329 1904 conscientie
1355 1837 1521 1904 saluatione

405 1947 591 2030 poterimus,
615 1945 878 2013 consideratione
904 1952 962 2011 tue
979 1946 1163 2012 deuotionis
1180 1952 1214 2011 et
1230 1947 1375 2011 eiusdem
1393 1946 1441 2011 tui
1457 1942 1522 2019 nati,

405 2053 619 2118 libentissime
636 2053 811 2135 iaciemus3
835 2055 933 2119 saluti
950 2061 1059 2120 tamen
1076 2060 1109 2118 et
1124 2054 1239 2119 honori
1265 2055 1411 2119 eiusdem
1435 2052 1521 2133 Regis

405 2157 545 2224 Polonie
580 2161 742 2226 credimus
769 2161 928 2244 expedire,
964 2162 1052 2244 quod
1084 2162 1348 2246 superinductam
1383 2161 1522 2236 dimittat,

405 2267 446 2332 ad
475 2268 561 2352 quod
591 2290 662 2332 eum
689 2268 789 2334 debes
816 2277 976 2352 oportuno
1001 2276 1033 2333 et
1059 2271 1243 2349 importune
1274 2269 1398 2351 iugiter
1422 2268 1521 2333 eibor-

404 2375 477 2440 tari.
503 2373 609 2458 Super
642 2373 760 2456 quibus
794 2375 970 2440 venerabili
1001 2375 1098 2440 tratri
1129 2383 1243 2440 nostro
1260 2425 1266 2440 .
1283 2425 1291 2438 .
1308 2425 1339 2440 ..
1370 2377 1521 2458 Episcopo

1579 2293 1583 2386 i

1579 2389 1583 2490 l

404 2479 565 2546 Nitriensi
592 2503 651 2565 per
676 2503 734 2545 uos
768 2482 893 2565 plenius
928 2482 1103 2548 informato
1129 2482 1206 2548 reiis
1238 2483 1335 2547 tidem
1366 2481 1520 2546 indubiam
1581 2492 1583 2534 l

405 2589 572 2654 adhibere.
603 2589 725 2654 Datum
753 2588 914 2655 Arinicue
942 2588 983 2658 V.
1009 2591 1082 2656 idus
1097 2590 1181 2655 Julii
1198 2589 1417 2654 Pontificatus
1433 2584 1523 2652 nostri

405 2717 491 2760 anno
508 2699 615 2761 tertio.

753 2844 811 2904 (VI.
826 2845 905 2894 Incze
917 2844 989 2908 ptpa
1001 2842 1187 2907 regestaibol.l

930 3261 1003 3326 269,

428 3415 483 3486 Vl.
503 3415 524 3484 I
527 3440 597 3486 arae
611 3421 702 3508 pcipe
729 3417 753 3484 I.
772 3415 871 3505 Lujoa
890 3443 1031 3508 rrropyur
1048 3423 1170 3508 tirdlyr
1185 3417 1319 3505 felleriri,
1335 3419 1418 3510 bopy
1438 3441 1506 3488 earu

674 3531 794 3616 ttqyben
813 3532 1006 3614 klizbenjdro'
1022 3532 1141 3617 ioppen.
1162 3535 1257 3597 1355.

1580 2803 1583 2908 ι

1578 3015 1583 3280 l

1580 3525 1583 3658 l

509 3683 720 3754 Innocentius
736 3691 916 3775 Episcopus
933 3696 994 3756 etc.
1011 3691 1178 3757 carissimo
1195 3693 1227 3756 in
1240 3691 1373 3758 Christo
1389 3694 1458 3759 filio
1468 3694 1527 3760 Lu·
1581 3741 1583 3758 .

402 3797 518 3862 donico
536 3797 620 3878 Regi
638 3793 785 3879 Vngarie
803 3798 925 3863 illustri
942 3799 1082 3864 salutern
1099 3805 1157 3864 etc.
1173 3799 1349 3883 Vellemus‚
1367 3804 1525 3867 carissime
1581 3859 1583 3872 ,

401 3905 458 3988 fili,
473 3903 543 3985 tibi,
561 3924 656 3986 quem
673 3905 814 3985 gerimus
832 3907 865 3970 iu
882 3906 1061 3972 visceribus
1078 3907 1237 3990 caritatis,
1254 3929 1381 3990 semper
1407 3909 1525 3992 placita

400 4033 563 4077 reserare:
580 4011 637 4075 sed
653 4013 896 4078 occurrentibus
921 4012 1043 4078 morbis
1067 4014 1254 4098 pernitiosis
1279 4021 1408 4098 oportet
1436 4019 1526 4081 inter·
1582 4063 1583 4076 ,

401 4119 476 4184 dum
493 4119 535 4183 ad
545 4121 726 4186 tollendum
743 4123 897 4187 maiorem
915 4123 1056 4188 dolorem
1075 4130 1173 4207 atque
1184 4124 1363 4206 periculum
1379 4125 1525 4190 adhiberi
1581 4145 1583 4204 ἢ

402 4229 652 4294 amaritudinem
678 4227 858 4313 discipline.
885 4231 999 4316 Nuper
1024 4231 1183 4314 siquidem
1209 4231 1252 4296 ad
1268 4235 1370 4299 nostri
1388 4231 1527 4317 Aposto-

401 4334 487 4400 latus
535 4337 681 4401 auditum
730 4337 819 4403 soma
859 4339 990 4422 publica
1029 4340 1190 4404 referente
1229 4342 1394 4423 peruenit,
1447 4339 1526 4426 quod

1581 4005 1583 4038 l

400 4439 587 4507 karissimus
618 4445 650 4508 in
677 4445 811 4512 Christo
835 4447 921 4512 filius
946 4455 1055 4514 noster
1087 4447 1276 4514 Karimirus
1300 4449 1371 4514 Rex
1394 4445 1528 4514 Polonie
1581 4461 1583 4472 ’

400 4549 544 4632 illustris,
562 4553 742 4618 auunculus
767 4562 851 4638 turm,
878 4557 931 4640 qui
959 4557 1087 4623 dudum·
1106 4557 1306 4623 carissimam
1331 4559 1364 4625 in
1397 4559 1527 4624 Christo

1581 4563 1583 4576 l
