3220 5248
359 382 423 441 588
716 395 948 442 nmnonnczrsr
966 383 1132 442 nandans.

352 557 414 641 nijs
431 557 574 620 emendis
591 561 624 620 et
640 553 818 620 vendendis
835 553 878 620 ad
895 556 1032 622 candem
1050 553 1218 622 ciuitatem
1235 555 1468 622 Cracouiensem

351 663 493 728 transire
503 668 759 745 consueuerrmt3
776 668 809 728 et
824 685 842 728 e
859 683 1014 730 conuerso
1026 665 1113 730 ciues
1128 665 1230 731 nostri
1247 664 1470 732 Cracouienses

352 770 501 852 predicti,
512 771 617 856 acalij
630 769 669 835 de
680 771 798 854 Regno
808 776 921 836 nostro
938 773 1049 838 eodem
1065 773 1162 838 modo
1171 774 1297 857 possint
1313 772 1471 838 etvaleant

351 878 395 942 ad
404 877 586 961 predictum
596 877 764 942 Ducatum
782 875 925 960 Austrie,
941 884 974 944 et
989 880 1175 963 specialiter
1191 879 1234 944 ad
1250 880 1353 963 ipsam
1370 879 1469 944 cirita

350 992 415 1050 tem
430 984 659 1051 Wiennensem
671 984 825 1051 laborare
835 986 1018 1052 etmercari
1034 987 1101 1052 suis
1117 988 1334 1053 mercimoniis
1351 986 1468 1071 quibus

351 1113 487 1176 cunque,
504 1113 697 1176 quocunque
714 1092 817 1158 eciam
834 1092 963 1157 nomine
986 1101 1190 1174 censeantur,
1206 1093 1467 1160 certitudinaliter

351 1207 383 1265 et
400 1221 520 1280 secure,
537 1205 637 1283 prout
652 1199 709 1284 alij
726 1199 874 1283 hospites
892 1205 926 1265 et
940 1205 1138 1266 mercatores
1154 1202 1189 1266 in
1205 1202 1319 1268 eodem
1345 1202 1466 1267 Ducatn

350 1306 489 1374 Austrie
505 1315 741 1376 commorantes
758 1313 996 1374 consueuerunt
1012 1311 1055 1375 ad
1070 1311 1215 1376 candem.
1235 1309 1392 1376 Preterea
1406 1310 1465 1376 adi·

351 1419 451 1482 cimus
468 1437 629 1500 expresse,
645 1414 732 1499 quod
749 1417 776 1480 si
792 1416 955 1482 alterutra
972 1419 1120 1501 parcium
1131 1417 1249 1484 ciuium
1260 1418 1466 1500 predictorum

350 1546 430 1590 enus
447 1525 489 1591 ab
505 1525 572 1588 alio
588 1524 761 1608 quicquam
777 1523 878 1590 debiti
900 1529 1013 1590 mutuo
1036 1526 1246 1608 contraxerit,
1262 1530 1321 1592 aut
1336 1547 1414 1590 unus
1428 1523 1467 1590 al·

351 1632 415 1696 teri
432 1654 470 1697 ex
486 1653 679 1717 quocunque
705 1637 876 1697 contractu
893 1632 944 1696 vel
959 1633 1058 1700 aliter
1073 1633 1198 1717 aliquid
1213 1640 1373 1714 teneatur,
1389 1632 1466 1717 quod

351 1739 454 1822 possit
469 1739 615 1822 probari,
641 1747 698 1804 aut
722 1759 782 1822 per
808 1737 972 1806 sufficiens
988 1739 1052 1804 fide
1072 1740 1241 1823 dignorum
1258 1741 1469 1805 testimonium

352 1847 484 1912 testium
510 1846 726 1930 comprobari,
750 1847 928 1930 supradicti
954 1848 1042 1914 ciues
1064 1851 1279 1917 Wiennenses
1296 1869 1392 1931 snper
1406 1851 1469 1931 ipso

353 1954 463 2019 debito
480 1960 538 2019 aut
554 1959 665 2019 mutuo
682 1960 852 2020 contractu
877 1975 897 2019 a
916 1954 1115 2020 Consulibus
1132 1955 1406 2022 Cracouiensibus
1421 1963 1471 2020 aut

350 2062 475 2128 ciuibus
492 2060 668 2127 eorundem
694 2063 872 2145 equitatem
898 2067 932 2126 et
955 2063 1121 2128 iusticiam
1145 2064 1386 2147 requirentibus
1410 2065 1470 2127 sine

351 2170 437 2234 omni
452 2169 684 2249 retardatione,
701 2169 796 2254 briga
812 2176 845 2236 et
860 2172 1067 2236 recusacione
1093 2193 1130 2236 ac
1146 2171 1309 2237 dilacione
1336 2193 1470 2255 quacun-

351 2299 414 2362 que
430 2278 539 2346 facere
556 2283 727 2344 teneantur
753 2284 786 2342 et
810 2278 954 2346 debeant
968 2278 1106 2345 reddere
1120 2282 1251 2366 justicie
1268 2281 1470 2363 complemen-

350 2393 439 2467 tum,
464 2393 496 2450 ct
512 2387 675 2451 viceuersa
701 2384 859 2452 Consules
875 2392 908 2452 et
923 2387 1009 2454 ciues
1036 2389 1140 2454 nostri
1157 2387 1391 2453 Crotonienses
1406 2408 1470 2470 pre·

350 2493 429 2558 dicti
454 2513 511 2576 per
536 2513 775 2576 recompensam
800 2492 947 2576 predicte
973 2493 1118 2559 clausule
1135 2493 1187 2559 hic
1203 2493 1350 2576 proxime
1376 2494 1470 2576 posite

351 2599 549 2668 Consulibus
574 2602 825 2670 Wiennensibus
852 2607 885 2667 et
911 2623 1022 2667 eorum
1049 2601 1175 2667 ciuibus
1193 2604 1262 2667 sine
1278 2601 1470 2674 difficultate,

351 2709 569 2789 reeusacione,
595 2708 756 2775 dilacione
782 2714 815 2775 et
839 2708 935 2794 briga
959 2709 994 2774 id
1018 2711 1125 2793 ipsum
1155 2708 1265 2775 lacere
1296 2716 1473 2790 teneantur,

352 2818 506 2899 quociens
524 2823 557 2880 et
574 2815 706 2900 quando
732 2815 774 2882 ab
799 2816 880 2900 ipsis
905 2838 963 2882 seu
979 2838 1092 2882 eorum
1108 2818 1218 2900 aliquo
1234 2817 1357 2882 fuerint
1373 2818 1473 2901 requi-

351 2924 422 3004 siti;
446 2924 558 2990 taliter
584 2924 673 3007 quod
698 2930 838 3006 vtraque
863 2946 941 3008 pars
958 2926 1077 2990 ciuium
1092 2926 1312 3009 predictorum
1330 2947 1390 3009 pro
1407 2925 1471 3009 qui-

350 3033 536 3115 buscunque
567 3031 686 3098 debitis
703 3034 881 3098 contractis
898 3034 967 3098 sine
984 3033 1119 3114 querela
1143 3040 1299 3099 maneant
1315 3041 1349 3100 et
1366 3033 1473 3115 fatiga.

350 3143 395 3210 Et
409 3142 442 3205 in
458 3142 575 3206 horum
591 3141 733 3206 omnium
749 3140 883 3206 euidens
899 3142 1128 3224 testimonium,
1140 3149 1173 3206 et
1188 3141 1232 3207 ad
1248 3143 1472 3207 certitudinem

350 3249 528 3332 pleniorem
562 3249 805 3332 premissorum,
830 3249 973 3332 sigillum
1015 3255 1161 3313 nostrmn
1193 3248 1397 3332 presentibus
1426 3255 1473 3314 est

351 3379 538 3442 appensum.
565 3355 688 3423 Actum
719 3363 753 3422 et
788 3358 901 3423 datum
928 3357 1083 3422 Tirnauie
1114 3357 1166 3422 die
1206 3358 1370 3424 dominica
1400 3365 1472 3422 ante

350 3466 435 3532 diem
462 3465 564 3532 Beate
592 3464 808 3549 Margarethe
834 3465 982 3548 Virginis
1006 3465 1146 3548 gloriose
1164 3464 1223 3529 sub
1239 3486 1324 3530 anno
1344 3465 1473 3530 Domini

350 3571 607 3640 MCCCLXII.
623 3573 746 3639 Datum
763 3595 820 3657 per
837 3595 951 3638 manus
968 3572 992 3638 J
995 3573 1134 3638 ohannis
1152 3571 1353 3657 Cancellarij
1372 3573 1471 3638 nostri

351 3679 597 3760 Cracouiensis;
621 3681 776 3764 scriptum
806 3701 882 3745 vero
913 3702 1011 3746 nranu
1042 3680 1178 3746 Henrici
1211 3680 1292 3745 dicti
1323 3679 1489 3763 Cropelin,

351 3789 529 3855 Tewtunici
554 3786 685 3872 Notarij
712 3790 815 3853 nostri
840 3795 874 3853 et
899 3787 995 3853 Curio
1012 3794 1122 3854 nostre
1138 3787 1252 3854 Jurati
1268 3786 1309 3851 de
1326 3807 1472 3870 expresso

349 3906 460 3965 nostro
476 3897 632 3963 mandato
647 3902 680 3961 et
696 3917 864 3962 consensu.

503 4043 642 4104 (arenosa
655 4041 829 4106 ecrnsrryan
841 4055 858 4090 a
870 4041 946 4092 nessi
960 4057 995 4091 es.
1010 4005 1324 4100 trinos'ievensrsean.)

835 4292 929 4300 nau-n.
