3166 5256
353 296 394 356 5e
710 315 942 362 uunousezrm
958 305 1127 363 suttune.

354 469 484 553 Trun03
501 491 554 537 ser
569 471 594 536 J
595 473 780 538 reimarus
796 473 994 556 Justinieno,
1004 477 1126 558 plenius
1139 498 1190 542 ser
1200 458 1362 545 Nicotaus
1373 478 1484 562 Vioni3

355 598 406 642 ser
422 576 593 645 Johsnnes
610 576 806 664 (trudonisc,
824 583 948 666 plezius
965 606 1017 650 ser
1032 582 1181 667 Angelus
1200 584 1352 653 Surisno.

460 685 583 770 Capto:
599 689 676 753 item
693 689 871 772 ordinetur,
888 691 974 774 quod
1005 693 1137 776 quondo
1152 692 1245 776 galee
1261 700 1482 762 mercatorum

352 791 544 860 deVeneciis
554 796 716 877 recedent,
725 819 759 864 se
768 798 866 863 terris
877 799 998 864 nostris
1014 797 1188 865 Solnuonie
1198 799 1341 868 debeant
1351 802 1484 868 demon·

301 986 305 994 ¹
353 907 458 968 strare
469 923 529 986 pro
545 904 789 971 confortacione
805 906 960 991 ipserum,
972 914 1006 973 et
1016 907 1120 973 simile
1135 907 1262 974 fociant
1278 910 1371 994 ligna
1387 908 1484 977 culfi.

458 1065 492 1126 (A
506 1067 616 1117 »Missi«
626 1067 717 1118 czimd
727 1070 866 1120 velenezei
885 1071 1063 1135 dllsmkbnyv
1076 1070 1167 1121 XXII.
1180 1032 1350 1134 kotetebolt

835 1249 994 1258 ——-—-

886 1486 936 1546 59.

349 1639 549 1730 Aeetcoczee'y
578 1641 920 1728 kormdoytaodcsnak
948 1647 1111 1710 utost'tdsa
1137 1646 1318 1710 dalmatiai
1343 1644 1483 1709 biztooai

769 1753 931 1815 szdmdra.
959 1754 1053 1816 1344.

455 1906 554 1974 Anno
572 1905 826 1977 MOOOXLIV.
844 1907 896 1974 die
913 1907 979 1974 XI.
995 1908 1151 1976 Octubris
1167 1908 1271 1976 XIIL
1282 1909 1482 1980 indictionis,

350 2017 513 2102 Capto:
529 2015 732 2081 Examinstis
748 2015 871 2081 litteris
896 2015 1105 2083 Provisorum
1123 2020 1157 2080 et
1173 2014 1336 2081 Comitum
1353 2023 1483 2082 nostro·

348 2148 421 2192 rum
438 2124 619 2204 Soleuonie,
636 2123 810 2209 consulunt
827 2124 1031 2190 concorditer
1048 2122 1231 2208 Sapientes
1248 2124 1337 2207 quod
1353 2124 1436 2209 ipsis
1449 2130 1483 2189 et

348 2233 578 2300 Provisoribus
595 2233 714 2299 nostris
730 2233 911 2298 scribatur:
928 2232 1016 2317 quod
1032 2255 1105 2298 cum
1121 2254 1187 2298 non
1203 2235 1247 2298 sit
1263 2233 1481 2299 differendum

347 2364 408 2426 pro
434 2342 585 2408 ebilitote
610 2340 765 2425 temporis
789 2342 983 2424 requirente,
1009 2343 1096 2426 quod
1126 2342 1218 2424 loqui
1235 2341 1389 2407 studeant
1405 2363 1480 2406 cum

349 2447 531 2515 Oomitibus
547 2448 588 2513 de
602 2447 769 2528 Banichis,
785 2445 966 2530 Curinchis,
981 2449 1007 2514 J
1008 2448 1136 2514 ohanne
1162 2448 1299 2513 condem
1323 2447 1481 2531 Nelipcii,

348 2563 381 2622 et
396 2564 501 2623 matre
517 2558 594 2639 eius,
611 2561 644 2622 et
660 2577 731 2621 cum
747 2556 902 2638 omnibus,
919 2557 1034 2638 quibus
1050 2561 1228 2638 appareret
1253 2555 1385 2640 eisdem,
1402 2577 1480 2639 ope-

347 2664 463 2742 rando,
479 2664 565 2747 quod
581 2665 729 2730 Berones
746 2662 920 2729 Sclauonie
935 2664 1036 2728 telem
1051 2663 1136 2728 inter
1153 2686 1187 2728 se
1202 2663 1353 2729 ordinent
1369 2664 1480 2728 unite·

347 2777 424 2854 tem,
440 2771 526 2854 quod
542 2772 605 2854 ipsi
622 2793 694 2836 cum
709 2773 829 2837 nostris
844 2770 995 2837 fidelibus
1010 2771 1051 2835 eb
1068 2771 1114 2836 sie
1129 2769 1291 2836 continuis
1302 2770 1480 2836 timoribus

348 2887 382 2946 et
396 2878 624 2945 veracioribus
640 2876 849 2960 Vngerorum
865 2877 1004 2961 amphus
1020 2900 1084 2944 non
1110 2878 1293 2956 turbentur,
1324 2876 1480 2944 faciendo

346 2990 380 3053 in
396 2989 456 3054 hoc
472 3009 566 3072 posse
583 3008 685 3068 suum,
701 2994 735 3052 et
749 2987 958 3053 rescribendo
980 2987 1082 3066 nobie,
1109 2987 1264 3070 quicquid
1288 2986 1432 3052 fecerint
1448 2991 1482 3052 et

346 3097 456 3162 fecere
473 3096 679 3180 speraverint
695 3096 728 3160 in
744 3095 919 3178 premissis,
935 3101 968 3160 et
986 3117 1078 3160 suum
1093 3093 1264 3160 consilium
1291 3095 1482 3180 superinde,

346 3210 379 3270 et
395 3211 540 3270 nostrum
563 3209 717 3288 expetent
747 3203 948 3284 mandatum,
979 3225 1052 3268 cum
1083 3205 1228 3286 ipsorum
1258 3223 1350 3268 mora
1381 3204 1482 3270 nobis

346 3312 437 3378 utilis
453 3318 486 3377 et
501 3313 684 3378 necessaria
701 3317 860 3395 appareat
876 3333 936 3395 pro
952 3313 1097 3394 presenti
1122 3312 1156 3375 in
1173 3311 1322 3394 partibus
1339 3309 1419 3375 illis.

451 3419 497 3484 Et
514 3418 556 3484 ad
573 3417 615 3502 id,
634 3418 722 3501 quod
737 3418 771 3481 in
787 3418 884 3483 dictis
902 3419 969 3483 suis
994 3417 1116 3483 litteris
1141 3422 1277 3482 narrant
1302 3415 1342 3482 de
1363 3413 1482 3500 Vngu-

345 3547 454 3591 rerum
470 3547 601 3592 recessu
617 3525 657 3591 de
670 3525 818 3609 pertibus
834 3524 909 3604 illis,
925 3531 958 3589 et
974 3523 1156 3607 provisione
1171 3522 1258 3588 fecte
1268 3543 1328 3605 per
1337 3528 1483 3589 matrem

346 3632 487 3699 Comitis
503 3634 527 3700 J
530 3633 678 3715 ohannis,
694 3632 824 3716 eisdem,
840 3633 992 3698 videlicet
1008 3631 1049 3696 de
1065 3631 1168 3697 eundo
1193 3631 1234 3697 ed
1265 3630 1392 3716 Regem
1410 3633 1484 3700 Vn·

346 3742 438 3826 gorio
456 3749 514 3808 etc
531 3740 748 3806 rescribatur:
771 3740 858 3824 quod
874 3761 933 3824 pro
965 3739 1050 3806 bono
1068 3760 1126 3804 suo
1142 3738 1311 3822 tociusque
1327 3745 1483 3806 contrete

344 3850 438 3914 nobis
453 3871 517 3916 non
535 3848 709 3929 uideretur,
727 3848 814 3929 quod
830 3847 872 3912 ad
889 3846 1011 3912 dictum
1027 3846 1194 3913 dominum
1209 3849 1336 3932 Regem
1354 3847 1404 3912 ire
1426 3850 1481 3915 de·

342 3957 444 4038 beret,
460 3978 532 4023 curn
548 3957 613 4021 iter
639 3976 731 4020 suum
756 3954 869 4039 pocius
895 3954 1074 4038 periculum
1098 3977 1196 4039 quem
1222 3955 1358 4038 aliquod
1385 3955 1481 4025 aliud

343 4065 461 4130 bonum
477 4083 634 4148 generare
649 4062 764 4146 possit.

447 4223 484 4284 (Δ
507 4225 617 4275 ›Missi‹
632 4223 722 4276 ozimit
735 4225 874 4298 pelenezei
887 4225 1067 4291 euamkenyv
1089 4226 1181 4278 XXII.
1196 4227 1338 4279 kbtetebtl
1353 4230 1399 4278 et.
1413 4229 1482 4290 lev.)
