3254 5260
647 590 697 648 26.

27 777 29 836 ξ
129 735 153 803 A
180 745 309 809 olenensi
340 747 569 830 komtdnynak
600 745 801 832 epyezkecle'ee
833 746 946 832 idepee
968 747 1227 832 sepyvereeebkel

27 841 29 900 3
129 847 497 937 (aseendente-ittet),
523 852 610 916 tibet
636 852 818 916 daleeatiae'
834 853 989 939 itpyeibeu
1014 855 1103 918 altar
1133 855 1222 918 boez-

27 957 29 996 ³
545 958 653 1024 astitui.
678 961 773 1026 1343.

216 1115 290 1183 Cum
303 1125 466 1184 tractatus
482 1117 599 1183 fuisset
624 1120 709 1183 inter
724 1119 812 1182 viros
829 1117 954 1184 nobiles
970 1119 1135 1186 dominum
1152 1119 1221 1186 Au-

27 1299 29 1306 y
126 1224 264 1289 dreaeium
277 1225 473 1291 Mauroeeno
490 1223 709 1308 Capitoneum
734 1225 873 1290 electum
890 1247 948 1308 per
973 1227 1099 1292 Ducale
1116 1227 1228 1293 Domi-

126 1331 198 1394 nium
211 1353 266 1413 pro
279 1331 384 1398 eundo
401 1333 442 1397 ad
467 1341 578 1415 partes
605 1331 789 1412 Solanonie,
820 1333 845 1399 J
847 1333 1047 1398 ustiniauum
1062 1333 1087 1399 J
1090 1336 1226 1400 ustinia·

125 1458 167 1514 no,
182 1443 212 1501 et
224 1438 367 1504 Marcum
384 1437 534 1518 Oelsi,ad
549 1439 611 1504 hoe
627 1460 685 1523 per
700 1440 823 1504 dietum
840 1439 1030 1505 Dominium
1046 1440 1229 1524 specialiter

27 1609 28 1612 ,
125 1543 275 1628 deputatos
291 1568 328 1610 ex
345 1568 411 1610 una
428 1553 531 1629 parte,
546 1553 581 1611 et
606 1546 758 1630 providos
785 1547 872 1612 viros
904 1546 1045 1612 Luzium
1061 1547 1228 1628 Rhodum,

27 1713 28 1718 ,
124 1648 222 1717 Suavis
236 1652 273 1717 de
288 1652 498 1733 Guienehem‚
514 1659 547 1718 et
563 1651 742 1720 Osvaldum
759 1653 884 1723 onnis
900 1654 1012 1719 Zorini
1029 1655 1069 1720 de
1085 1652 1231 1720 Allema·

27 1803 28 1806 κ
123 1758 168 1822 nia
180 1779 214 1822 ex
229 1758 345 1841 ultera3
361 1758 515 1826 videlicet
531 1761 619 1844 quod
636 1761 699 1844 ipsi
715 1768 749 1826 et
766 1761 908 1845 ipsoram
919 1761 1056 1844 quilibet
1067 1761 1231 1828 debebant

27 1873 29 1916 ὲ
123 1865 215 1928 uenire
244 1873 274 1930 et
301 1873 389 1932 stare
420 1868 454 1932 iu
486 1866 581 1932 dictis
607 1868 756 1951 partibus
783 1865 955 1934 Solanonie
973 1868 1015 1934 ad
1032 1868 1229 1952 stipendium

124 1965 287 2036 Communis
299 1971 514 2040 Venetiarum
539 1996 598 2056 pro
625 1974 913 2040 comnestabilibus
941 1974 1080 2039 duarum
1095 1974 1229 2041 bandie-

123 2098 217 2142 rerum
232 2078 271 2143 de
286 2081 450 2164 equitibus
476 2083 591 2164 viginti
618 2084 761 2166 quinque
786 2104 845 2165 pro
881 2082 1027 2166 quolibet
1043 2103 1115 2147 eum
1134 2084 1230 2147 oertis

27 2185 29 2224 l
122 2189 211 2268 pectis
226 2195 259 2254 et
280 2190 531 2271 conditionibus,
562 2192 692 2273 scriptis
725 2195 758 2255 et
789 2191 910 2256 eisdem
944 2189 1230 2258 oomnestabilibus

121 2292 256 2360 exhibitis
271 2318 326 2379 per
341 2296 474 2362 Marum
491 2297 582 2362 Zane
598 2297 774 2363 Notarium
806 2297 1060 2380 infrascriptum,
1077 2296 1155 2362 dato
1171 2298 1231 2362 eis·

27 2423 29 2494 2
122 2399 184 2466 dem
198 2410 281 2470 certo
296 2406 446 2484 termino,
463 2405 505 2471 ad
522 2426 618 2488 quem
628 2402 776 2474 Venetiis
788 2426 858 2470 esse
869 2404 1116 2471 debebantcum
1128 2407 1231 2486 equis,

27 2507 29 2592 f
122 2511 207 2575 ermis
222 2519 255 2577 et
270 2515 363 2578 sociis
395 2512 570 2579 eorundem
587 2514 762 2580 seeundum
793 2515 1028 2579 continentiam
1061 2520 1231 2596 pectorum

27 2633 28 2696 j
120 2617 330 2700 predictorum,
347 2625 380 2684 et
396 2641 461 2684 non
491 2629 649 2686 venerunt
665 2621 781 2686 furniti
806 2620 952 2704 plenarie
969 2626 1003 2684 et
1020 2619 1179 2702 ordinate,
1195 2622 1231 2683 ut

27 2739 28 2808 s
123 2721 275 2808 debebant,
290 2729 525 2811 propterquod
536 2727 978 2795 CommuneVenetiarumin
990 2726 1092 2792 nihilo
1109 2734 1233 2792 tenere·

120 2837 166 2895 tur
179 2831 293 2898 eisdem
309 2835 363 2900 stb
379 2833 494 2919 (megis
511 2839 576 2902 400
594 2837 746 2902 dueatust
760 2834 897 2900 hattroz
913 2833 991 2899 neki
1006 2832 1230 2900 Velenczeben

27 2923 29 3020 j
120 2941 284 3022 september
303 2947 399 3008 mee
420 2942 526 3027 1343.)

27 3065 29 3076 '
213 3047 322 3115 Simile
347 3051 596 3115 instrumentum
614 3049 672 3114 sub
687 3048 801 3114 eodem
832 3048 909 3114 dato
940 3049 1063 3115 factum
1087 3045 1232 3112 Henrioo

27 3207 29 3216 ,
119 3151 254 3220 Zuoharo
270 3157 495 3222 oomnestabili
520 3155 674 3240 equestri.

214 3317 248 3378 (Δ
262 3319 362 3383 »Copia
375 3319 408 3368 de
422 3319 661 3370 Commemoriali‹
675 3318 764 3370 ezimtl
786 3318 922 3370 veleuozei
946 3317 1172 3382 ellamkonyvbol
1186 3318 1234 3388 w,

27 3435 28 3438 =
119 3403 169 3454 lot.
182 3409 206 3454 2.
219 3421 239 3458 r.
254 3412 295 3458 65.
310 3407 338 3458 es
351 3412 392 3458 66.
403 3407 467 3469 lev.)

647 3859 698 3920 27.

27 4037 28 4042 ¹
116 4014 256 4082 Ermebet
271 4040 409 4105 mappas
425 4017 742 4104 aoyokindlyue'nak
768 4016 915 4081 kentuino
941 4039 962 4080 a
978 4013 1132 4080 veleuczei
1163 4014 1224 4079 ker

116 4128 324 4212 adoptandos
349 4124 517 4209 eluupolja
542 4125 747 4209 Frauqepciu
787 4124 894 4210 Doym
924 4122 1006 4208 pros
1026 4124 1177 4186 ezdmdra
1219 4145 1241 4184 a

329 4232 570 4318 mepjelene'eire
587 4232 708 4296 liuzen
725 4231 902 4295 battinidet.
920 4229 1015 4294 1343.

27 4345 29 4494 ξ
214 4387 314 4455 Anne
346 4388 480 4455 Demens
510 4387 777 4458 mouentum.
807 4389 859 4454 eie
874 4387 1015 4454 xxm.
1032 4384 1244 4470 Septembris,

120 4493 271 4581 Capta:
290 4496 391 4584 Quod
409 4497 452 4562 ad
467 4499 671 4584 peticionem,
686 4517 798 4584 preces
822 4496 952 4564 domine
969 4494 1094 4578 Regino
1111 4493 1244 4580 Hungu-

27 4779 30 4828 t
