3134 5252
586 342 683 409 1347.

591 657 666 716 ale.

12 775 15 910 Ξ
91 812 134 875 Vl
148 812 283 878 Kelemeu
304 817 400 900 pcipe
426 815 570 900 meglcc'ri
603 815 786 880 Hambertet
811 815 935 880 vienuci
958 816 1081 898 deificet,
1112 819 1194 904 boqy

12 915 18 1004 l
87 921 109 984 Ι.
124 921 208 1004 lajos
223 943 363 1008 magyar
379 921 506 1008 loirdlyt
524 923 628 988 vitiza
646 933 840 988 tartoztaaac
856 923 970 990 Sicilia
979 925 1197 1011 mcgtdmudd·

524 1030 617 1095 ccccl.
638 1031 732 1094 1347.
822 1085 824 1090 .

12 1259 14 1276 ³
173 1186 319 1253 Clemens
345 1187 530 1272 Episcopus
557 1191 619 1254 etc.
646 1188 764 1254 dilecto
789 1187 857 1254 filio
883 1188 986 1256 nobili
1002 1190 1073 1256 viro
1090 1190 1195 1258 Hum-

12 1279 18 1392 Ξ
85 1295 161 1360 berto
177 1291 342 1380 Dalphino
368 1293 548 1364 Viennensi
567 1296 705 1362 salutem
722 1301 781 1362 etc.
799 1295 964 1364 consuete
979 1298 1193 1384 benignitatis

83 1401 181 1468 affectu
194 1401 390 1470 Nobilitatis
416 1402 485 1468 Tue
510 1403 652 1486 receptis
678 1403 808 1486 litteris,
835 1409 869 1468 et
892 1406 1054 1471 contentis
1079 1407 1114 1472 in
1144 1408 1191 1474 eia

16 1546 22 1556 ·
84 1510 247 1593 diligentius
271 1510 460 1592 intellectis,
484 1516 575 1577 tuam
600 1509 746 1577 volumus
773 1511 980 1594 prudentiam
1006 1533 1071 1578 non
1086 1513 1191 1580 latere

83 1617 131 1684 stb.
152 1615 252 1684 Porro
278 1639 354 1683 cum
378 1617 504 1703 pridem
531 1616 676 1684 aduentu
699 1625 757 1683 tuo
782 1618 824 1685 ad
850 1618 962 1682 villam
979 1618 1194 1689 Venetiarum

81 1724 198 1790 letanter
222 1723 348 1804 audito,
373 1723 435 1791 tibi
458 1723 640 1790 recolemus
666 1724 842 1807 scripsisse,
859 1725 946 1807 quod
962 1731 1132 1810 sperantes
1149 1727 1194 1794 ad

80 1839 204 1898 nostram
219 1833 421 1916 presentiam
437 1837 470 1897 te
487 1837 667 1915 venturum,
683 1841 790 1898 tecum
807 1831 931 1898 habere
946 1833 1193 1901 intendebamus

81 1939 254 2023 colloquium
280 1939 462 2026 personale.
489 1936 643 2006 Ceterum
669 1941 695 2004 si
721 1939 842 2022 forsan,
868 1946 1044 2023 antequam
1061 1942 1104 2008 ad
1121 1964 1195 2008 eau-

80 2046 139 2112 dem
152 2049 350 2132 presentiam
374 2050 493 2130 venias,
516 2055 549 2115 te
574 2069 647 2114 cum
672 2049 841 2114 carissimo
857 2050 892 2112 in
909 2048 1038 2115 Christo
1055 2049 1122 2117 filio
1139 2072 1194 2116 no·

79 2159 136 2220 stro
150 2155 316 2222 Ludouico
333 2155 425 2239 Rege
441 2153 589 2238 Vngarie
600 2155 720 2220 illustri
730 2155 928 2240 colloquium
938 2153 1061 2222 habere
1071 2158 1194 2222 contiu-

78 2269 140 2342 gat;
161 2263 234 2328 velit
250 2263 314 2330 sibi
330 2263 445 2328 eadem
462 2261 535 2327 Tua
551 2259 728 2342 Nobilitas,
746 2281 930 2347 quesumus,
941 2258 1087 2346 suadere,
1104 2265 1193 2349 quod

78 2367 113 2431 ad
124 2368 315 2436 invasionem
331 2370 382 2435 vel
396 2367 607 2436 offensionem
633 2369 744 2452 Regni
761 2368 883 2452 Sicilie,
899 2370 940 2436 de
956 2377 1067 2437 nostro
1085 2378 1117 2439 et
1132 2373 1193 2438 Ec-

77 2473 159 2540 cleeie
174 2476 323 2542 Romane
340 2475 467 2542 directo
493 2475 637 2542 dominio
663 2477 843 2558 existentis,
871 2477 1112 2560 quomodolibet
1128 2500 1194 2546 non

78 2583 205 2666 aspiret,
228 2605 303 2648 cum
320 2581 392 2649 Nos
409 2583 556 2648 districte
581 2583 855 2668 mandauerimus,
872 2590 905 2649 et
920 2583 1030 2650 faeere
1047 2585 1192 2651 intenda-

76 2709 135 2754 mus
148 2691 269 2775 absque
286 2710 500 2776 personarum
517 2691 704 2775 acceptione
721 2691 950 2776 quarumlibet,
970 2713 1070 2776 super
1087 2699 1190 2760 morte

18 2880 24 2889 Ι
75 2795 291 2864 nefandissima
317 2797 404 2863 clare
427 2797 585 2863 memorie
610 2794 746 2863 Andree
777 2799 880 2884 Regis
908 2797 1019 2866 Sicilie
1045 2799 1192 2866 exhiberi

74 2903 181 2972 iustitie
206 2905 487 2991 complementum,
512 2903 727 2989 Regnumque
752 2906 939 2990 predictum
971 2905 1090 2972 offendi
1123 2928 1188 2973 nou

74 3021 182 3094 posset,
207 3013 304 3080 nobis
330 3023 363 3081 et
379 3014 492 3081 eadem
507 3013 660 3080 Ecclesia
675 3015 918 3080 remanentibus
934 3014 1112 3081 inoffensis.
1129 3015 1190 3080 Est

73 3120 158 3185 etiam
181 3123 319 3188 multum
343 3121 563 3206 periculosum
596 3120 764 3204 quibusvis
796 3122 1038 3188 offendentibus
1069 3123 1191 3188 dictum

73 3225 216 3310 Regnum
232 3236 368 3313 propter
393 3250 513 3312 graues
538 3249 718 3312 processus
734 3250 816 3314 quos
832 3229 936 3295 felicis
951 3229 1190 3295 recordationis
1263 3243 1266 3252 ’

72 3331 229 3404 lohannes
246 3337 339 3422 Papa
353 3337 478 3404 XXII.
494 3339 706 3422 predecessor
721 3345 831 3405 noster
848 3339 926 3406 iecit
941 3338 1020 3404 olim
1036 3339 1190 3406 adversus

72 3445 190 3522 quasvis
207 3445 401 3512 offensiones
427 3446 624 3526 huiusmodi,
649 3447 795 3513 diversas
811 3445 998 3531 spirituales
1015 3454 1048 3511 et
1063 3451 1187 3530 tempo·

72 3550 147 3616 rates
162 3573 264 3636 penas
282 3555 492 3620 continentes.
509 3555 634 3620 Datum
659 3552 824 3620 Aninione
841 3555 889 3621 ΙΙ.
905 3554 978 3620 idus
994 3553 1020 3620 J
1020 3554 1089 3638 ulii,
1104 3553 1190 3620 Pon-

22 3710 25 3718 .
73 3656 204 3726 tificatus
221 3661 325 3727 nostri
343 3682 428 3726 anuo
446 3668 545 3728 sexto.

383 3827 440 3888 (VI.
451 3827 585 3879 Kelemen
598 3827 672 3891 papa
684 3825 869 3891 regestaibol.)

22 4044 28 4054 ,

13 4135 23 4350 l

14 4903 19 5039 t
