3108 5246
490 334 493 342 ⁴
571 325 667 387 1349.
941 351 946 361 ¹
1118 327 1180 390 341

69 497 298 566 concedendam.
315 495 507 566 Reseruatis
523 500 626 580 nobis,
651 501 771 567 nostris
787 501 961 568 heredibus
978 510 1011 570 et
1026 525 1186 570 successo-

68 607 145 674 rihus
160 614 226 674 tam
241 610 463 694 appellatione
487 609 522 674 in
546 607 729 695 grandibus
755 629 776 676 s
793 610 819 677 J
820 631 879 678 ure
894 613 1070 696 permissis,
1086 635 1184 698 quam

17 719 19 736 ¹
66 715 208 799 generali·
221 717 452 800 Inquisitione,
478 722 512 783 et
538 717 623 801 aliis,
650 716 678 782 si
703 739 770 800 qua
790 723 866 782 sunt
882 717 1023 803 Majoris
1039 719 1184 805 Dominij

66 824 193 907 ratione3
217 825 374 908 volentes,
397 832 433 893 vt
456 826 635 893 secundum
661 826 831 910 premissa,
848 826 913 894 alio
931 850 995 894 non
1011 833 1185 913 expectato
1208 896 1212 904 ,

65 931 214 1014 mandato,
231 934 314 999 fiant
325 934 443 1000 exinde
458 953 519 1018 per
535 982 542 997 .
560 985 567 1002 .
583 982 590 998 .
608 934 879 1000 Protonctarium
894 937 945 1002 vel
963 936 1031 1002 eins
1047 935 1184 1003 Locum-

17 1069 18 1074 *
64 1043 212 1107 tenentem
238 1046 352 1108 nostre
377 1041 491 1108 lictere
517 1045 710 1126 opportune.
730 1040 820 1108 Data
835 1039 977 1127 Neapoli
994 1043 1055 1112 sub
1082 1044 1181 1110 anulo

64 1151 162 1214 nostro
177 1155 304 1216 secreto
319 1149 372 1215 die
387 1149 501 1216 vltimo
517 1149 709 1216 Decembris
725 1149 830 1234 prime
845 1149 1045 1218 indictionis.

157 1256 302 1324 Nouiter
327 1261 436 1323 autem
461 1255 591 1342 prefato
615 1253 744 1324 Oomite
760 1257 883 1324 Nostre
899 1257 1093 1325 Oelsitudini
1110 1282 1184 1345 sup·

17 1437 19 1444 ¹
63 1361 201 1448 plicante,
226 1369 264 1430 vt
288 1366 331 1431 de
355 1363 505 1449 predicta
531 1365 640 1450 grstia
655 1365 714 1432 sub
730 1384 851 1452 magno
867 1365 976 1450 sigillo
993 1373 1105 1434 nostro
1122 1389 1179 1451 pa·

17 1457 19 1520 3
63 1478 156 1538 butes
172 1479 354 1558 oportunae
371 1474 503 1540 litteras
520 1472 555 1538 in
569 1473 707 1557 potioris
726 1471 915 1540 firmitatem
930 1475 1060 1543 roboris
1077 1482 1111 1542 et
1125 1475 1183 1542 bs-

17 1563 19 1676 ζ
62 1578 302 1647 bundantiorem
332 1581 495 1646 cautelam
535 1579 713 1647 concedere
752 1581 926 1665 benignius
956 1583 1183 1669 dignaremur;

17 1747 19 1752 ,
62 1685 121 1756 Nos
135 1689 173 1755 de
189 1691 302 1756 causis
317 1688 449 1755 motiuis
465 1689 498 1753 in
514 1688 663 1774 predicta
678 1688 794 1756 cedula
809 1695 924 1758 nostra
938 1693 1099 1760 contentis
1108 1713 1182 1759 con-

17 1811 19 1884 j,
62 1797 215 1865 muntium
241 1806 370 1866 certam
394 1798 561 1880 babentes,
587 1819 627 1864 ex
652 1798 755 1882 gratis
771 1796 941 1866 affectibus
955 1800 988 1867 in
1004 1801 1113 1868 animo
1128 1802 1182 1868 de·

17 1927 18 1932 ¹
62 1904 227 1990 uoluentes,
245 1907 336 1993 quod
351 1907 421 1994 ipse
437 1900 556 1974 (lomes
567 1913 636 1973 tam
651 1907 685 1972 in
701 1905 871 1974 abscentia
881 1914 995 1976 nostra
1005 1910 1045 1977 de
1056 1909 1182 1996 Regn0,

17 2045 19 2074 ÷
62 2017 192 2096 quanin
217 2017 388 2102 presentia
413 2015 647 2100 subsequenter
672 2016 708 2082 in
732 2016 955 2083 assistentiam
979 2022 1011 2084 et
1034 2018 1182 2086 fauorem

17 2207 18 2210 Ἴ
61 2125 309 2208 recuperationis
334 2125 438 2191 nostri
468 2123 601 2190 honoris
626 2130 658 2190 et
684 2129 801 2206 status,
832 2132 864 2192 et
893 2127 1182 2212 reintegrationem

25 2221 30 2238 ’
60 2229 155 2314 Itegni
174 2236 292 2314 noemi,
318 2232 517 2299 discursibus
543 2229 689 2298 bostium
705 2253 725 2298 a
741 2251 800 2300 sua
824 2235 965 2318 pristina
991 2236 1182 2321 integritate

17 2411 18 2414 Ἴ
61 2336 155 2424 diuisi,
178 2347 213 2408 et
240 2341 291 2407 rei
307 2340 437 2426 puplice
453 2339 556 2424 ipsius
572 2340 845 2407 restaurationem
861 2340 988 2407 felicem
1003 2343 1122 2409 nedum
1137 2343 1181 2410 ad

17 2430 23 2520 ζ’
60 2448 233 2528 pecuniales
252 2447 484 2516 subnectiones
511 2453 545 2513 et
564 2447 796 2532 expositionem
811 2446 971 2515 bonorum
986 2452 1130 2517 omnium
1146 2473 1181 2518 se

17 2639 19 2650 Ι
60 2563 235 2644 proruptum
252 2563 286 2626 et
301 2557 471 2625 liberalem
487 2555 642 2639 exhibuit,
658 2563 691 2623 et
705 2578 878 2642 personam
894 2566 1029 2626 suamet
1039 2581 1180 2642 suorum,

17 2661 22 2737 ζ
61 2670 118 2729 tam
132 2668 164 2732 in
180 2667 341 2734 comitiua
366 2665 479 2732 Incliti
496 2664 659 2749 Principis
679 2664 802 2732 domini
818 2665 979 2732 Ludouici
993 2665 1180 2734 Jerusalem

64 2778 92 2836 et
106 2769 214 2842 Sicilie
240 2775 346 2859 Regis
369 2774 509 2840 illustris
533 2773 706 2841 reuerendi
731 2772 854 2840 domini
873 2775 935 2840 viri
950 2775 1064 2857 nostri,
1082 2795 1180 2857 quam

17 2879 18 2884 ’
62 2880 133 2947 abas
157 2882 387 2967 diuersimode,
412 2902 478 2948 non
512 2903 626 2949 verens
656 2882 855 2966 periculosos
880 2887 914 2948 et
939 2883 1180 2951 discriminosos
1287 2888 1288 2892 ’

60 2990 274 3060 incumbentes
291 2999 435 3077 euentus,
459 2991 590 3059 feruore
614 2990 693 3058 fidei
717 3014 790 3058 cum
808 2993 1053 3075 perseuerantia
1068 2991 1180 3059 lauda·

60 3098 109 3164 hili
124 3101 306 3188 deputauit,
331 3122 396 3187 quo
421 3100 638 3167 munificentie
654 3108 764 3167 nostre
780 3094 1014 3186 gratitudinem
1030 3099 1092 3166 sibi
1107 3119 1180 3165 cum

60 3211 173 3292 magnis
190 3209 276 3296 (igy)
292 3208 400 3276 laudis
416 3209 569 3292 preconio
586 3209 777 3291 vendicavit,
792 3206 947 3293 premisse
964 3208 1180 3275 concessionis

17 3355 19 3400 ,
59 3323 158 3384 nostre
183 3319 330 3403 gratiam
355 3317 395 3383 de
412 3316 498 3384 Meri
515 3323 548 3384 et
566 3315 665 3384 Mixti
681 3317 816 3402 Imperij
834 3338 873 3383 uc
889 3317 991 3401 gladij
1008 3323 1179 3403 potestate,

17 3421 20 3510 ὲ,
57 3422 328 3507 jurisdictionibus
344 3433 405 3494 ete.
420 3429 505 3493 sicut
519 3427 553 3491 in
568 3425 750 3510 prescripta
773 3430 889 3492 nostra
904 3423 1021 3491 cedula
1036 3425 1180 3492 eontine-

59 3537 114 3615 tur,
128 3533 167 3602 de
182 3541 277 3603 certa
292 3541 407 3602 nostra
423 3535 563 3602 seientia
577 3533 807 3620 approbantes,
825 3533 917 3599 illam
932 3533 966 3599 in
982 3533 1118 3600 maioris
1133 3535 1181 3600 ui-

17 3625 18 3696 ἒ
59 3644 136 3723 geris
162 3641 357 3729 suffragium
383 3642 612 3711 confirmantes
637 3662 788 3727 expresse
812 3641 1181 3726 decernimus,eanden1

17 3813 19 3820 ,
59 3749 176 3830 pesato
202 3750 327 3819 Conciti
351 3749 413 3840 (et)
438 3751 534 3818 dictis
559 3751 627 3818 suis
651 3749 826 3817 heredibus
850 3749 1084 3816 inuiolabiliter
1108 3771 1181 3815 cum

59 3855 144 3939 plena
167 3859 316 3928 efficacia
339 3879 606 3944 permansuram,
640 3857 887 3942 quibuscunque
918 3853 1181 3923 ordinationibus

17 4045 18 4048 Ἴ
60 3966 105 4032 uel
120 3969 288 4056 rescriptis
312 3975 597 4054 quantumcunque
614 3965 785 4051 expressis,
812 3964 871 4031 sub
887 3985 1081 4052 quacunque
1098 3964 1181 4030 serie

17 4087 19 4090 ’
61 4071 217 4165 formaque
232 4078 405 4144 uerborum
430 4075 527 4143 facus
542 4075 596 4142 nel
611 4075 745 4141 inantea
760 4073 917 4140 faciendis
935 4072 1034 4138 etiam
1050 4072 1181 4158 exigen-

17 4267 19 4274 γ
61 4181 137 4251 tibus
152 4185 469 4254 considerationibus
495 4183 750 4269 quibuscunque,
764 4182 818 4247 uel
834 4181 862 4246 si
879 4186 964 4247 esset
980 4180 1020 4246 de
1035 4179 1101 4247 illis
1126 4181 1181 4246 uel

17 4297 19 4372 ζ
62 4291 162 4378 aliqua
178 4317 292 4363 eorum
307 4293 458 4360 clausula
473 4291 513 4359 de
529 4292 632 4359 uerbo
647 4293 689 4360 ad
705 4290 843 4358 uerbum
854 4288 1004 4376 specialis
1014 4297 1047 4356 et
1057 4289 1181 4358 sericea

17 4397 18 4404 ἶ
62 4405 169 4470 mentio
193 4402 354 4488 facienda,
369 4423 436 4470 non
460 4400 666 4468 obstantibus
691 4397 928 4488 quoquomodo.
953 4397 995 4464 In
1019 4399 1110 4465 ouius
1132 4396 1182 4464 rei

62 4509 271 4578 testimonium
295 4516 461 4600 presentes
485 4509 617 4578 litteras
633 4509 749 4576 exinde
763 4508 835 4577 fieri
850 4514 884 4574 et
899 4506 1055 4594 pendenti
1070 4505 1173 4576 Excel
