3134 5252
331 299 394 362 140
687 315 920 363 nrnrouecznu
937 299 1105 362 suntuna

229 509 237 516 ·
327 481 392 545 tem
418 497 477 562 per
502 498 558 544 eos
582 475 676 548 uobis
701 477 882 562 prestitum,
905 477 1061 544 restituta
1085 473 1181 560 foret.
1196 475 1244 542 Et
1258 474 1321 541 hec
1336 477 1371 540 et
1388 470 1451 540 alie

211 619 214 624 ·
327 589 439 654 dicant
463 588 523 671 ipsi
540 584 792 667 Ambaxatores,
817 586 1006 653 sustinendo
1025 585 1098 651 iura
1114 591 1227 651 nostra
1243 589 1277 650 et
1291 584 1455 662 honorem,

326 697 410 763 sicut
434 696 575 762 viderint
598 697 773 762 conuenire.
789 695 837 761 Et
852 695 970 776 omnis,
988 713 1050 776 que
1065 692 1251 773 habuerint,
1267 691 1455 772 rescribant,

327 808 360 870 et
376 825 468 870 suum
484 803 664 884 consilium,
680 808 712 868 et
728 810 876 870 nostrum
893 807 1065 886 expectent
1081 800 1280 867 mandatum.

435 911 594 994 Oepta:
612 909 708 994 Quod
724 911 805 978 dicti
822 907 1064 978 Ambaxatores
1080 909 1147 974 sint
1157 907 1231 989 duo,
1241 906 1299 991 qui
1314 905 1455 972 habeant
1566 934 1567 983 r

231 1063 232 1066 =
324 1019 426 1086 libras
451 1017 508 1086 00
534 1040 593 1102 pro
620 1018 767 1100 quolibet
787 1019 819 1084 in
837 1017 963 1084 duobus
979 1016 1152 1096 mensibus,
1168 1021 1200 1080 et
1215 1013 1292 1080 inde
1306 1014 1342 1080 in
1358 1019 1454 1080 antea

323 1127 427 1194 libres
450 1127 480 1192 Ir
505 1127 539 1192 in
563 1146 680 1206 mense,
700 1147 772 1191 cum
792 1124 925 1206 familia,
942 1125 1050 1208 somiS,
1066 1123 1218 1208 expensis
1231 1126 1269 1187 et
1284 1121 1368 1202 aliis,
1384 1141 1454 1186 cum

326 1235 443 1320 quibus
452 1231 695 1301 Ambaxstores
712 1233 811 1301 Curia
827 1233 959 1315 vadunt,
968 1238 1003 1298 et
1017 1233 1108 1298 ultre
1122 1231 1183 1297 hec
1198 1229 1344 1298 habeant
1358 1249 1456 1295 unum
1561 1257 1562 1260 ¹

325 1344 546 1428 interpretem,
570 1347 604 1407 et
626 1339 708 1407 fient
731 1342 765 1407 in
782 1340 905 1407 Maiori
929 1338 1074 1406 Consilio
1093 1361 1152 1424 per
1169 1344 1311 1423 quatuor
1334 1357 1456 1404 manus

486 1505 521 1569 (A
536 1504 665 1558 »Secreta
679 1505 793 1558 Consilii
812 1503 1062 1570 Regnorum-bol
1075 1504 1130 1556 uit.
1144 1503 1177 1556 A.
1191 1504 1246 1555 vol.
1262 1501 1297 1565 l.)

862 1996 934 2058 132.

328 2157 383 2220 Vf.
396 2157 544 2222 Kefemcu
555 2161 650 2242 pa'pa
666 2159 830 2222 utaeitcfau
841 2179 880 2220 az
890 2156 1027 2242 apostoli
1041 2154 1251 2220 nunciusuak
1263 2151 1454 2241 Mapyaror·
1554 2210 1561 2249 Ι,

322 2266 439 2355 szdpda
456 2266 581 2330 tuldeu
597 2265 777 2353 aquilepfai
787 2265 973 2354 patriarkc
999 2263 1172 2330 Bertraud
1188 2266 1343 2327 achmdra
1361 2262 1453 2326 1346.
1555 2310 1560 2339 ,

431 2422 581 2493 Clemens
597 2426 780 2511 Episcopus
796 2431 856 2492 etc
882 2425 1062 2492 venerabili
1077 2422 1174 2491 fratri
1188 2420 1376 2490 Bertrandc
1392 2421 1454 2487 Pu·

321 2533 465 2601 triarche
490 2531 715 2619 Aquilegcnsi,
741 2532 933 2620 Apostolice
959 2532 1055 2602 Sedis
1080 2531 1211 2600 Nuncio
1237 2530 1377 2598 salutem
1393 2536 1453 2596 etc.

322 2639 428 2724 Super
446 2641 639 2723 quibusdam
656 2642 767 2710 arduis
784 2643 1002 2710 venerabilem
1026 2641 1163 2708 fratrem
1186 2643 1336 2706 nostrum
1351 2636 1454 2706 Pran·
1554 2677 1560 2709 l

323 2750 444 2818 ciscum
453 2749 886 2836 EpiscopumTergcstinum
898 2751 942 2818 ad
950 2750 1153 2818 carissimum
1161 2749 1196 2815 iu
1205 2747 1341 2814 Christo
1351 2746 1453 2816 filium
1547 2748 1555 2768 “’

321 2855 682 2925 nostrumLudovicum
691 2857 817 2944 Regem
828 2852 1453 2944 VngcrieillustremetuliosdeDomo
1557 2891 1562 2959 3

322 2962 471 3050 Vngarie
493 2963 611 3050 Regia,
634 2987 786 3036 concessa
801 2989 861 3053 par
876 2968 1027 3035 diuersas
1050 2966 1179 3034 litteras
1201 2970 1334 3032 nostras
1350 2963 1454 3030 eidem

321 3071 486 3157 Episcopo
498 3073 674 3156 credentia,
685 3095 788 3159 nuper
796 3073 998 3159 prcuidimus
1009 3073 1249 3140 destinandum.
1258 3073 1343 3140 Post
1351 3091 1454 3140 reces-
1550 3066 1561 3101 ἦ

320 3199 389 3248 sum
400 3187 508 3248 autem
518 3181 620 3265 ipsius
625 3182 783 3267 Episcopi
792 3205 852 3269 pro
860 3181 998 3250 feliciori
1007 3182 1210 3267 expeditione
1217 3180 1350 3266 negotii,
1356 3202 1453 3266 super

321 3309 386 3372 quo
401 3288 508 3373 ipsum
523 3290 692 3372 mittimus,
708 3291 800 3358 nobis
811 3297 844 3358 et
854 3291 1014 3359 fratribus
1030 3291 1151 3360 nostris
1166 3289 1248 3356 utile
1263 3289 1368 3356 uisum
1383 3289 1453 3370 fnit,
1555 3270 1562 3362 i

321 3395 409 3480 quod
423 3403 467 3481 tu,
482 3395 594 3481 frater,
617 3399 673 3482 qui
695 3397 781 3484 Regi
803 3399 933 3485 prefato
956 3404 1110 3484 acceptus
1133 3419 1203 3468 esse
1226 3397 1453 3482 multipliciter
1555 3384 1562 3444 i

321 3504 449 3585 diceris,
458 3522 525 3571 una
540 3527 614 3572 cum
630 3504 760 3590 prefato
769 3506 946 3592 Episcopo,
956 3507 984 3572 si
995 3507 1161 3574 commode
1178 3506 1301 3591 absque
1316 3526 1454 3591 persone
1557 3492 1562 3503 ⁶

323 3612 455 3696 proprie
470 3615 661 3697 grauamine
678 3620 711 3680 et
725 3620 782 3680 tue
798 3613 917 3680 damno
934 3614 1081 3681 Ecclesie
1096 3616 1228 3699 poterit,
1243 3614 1322 3681 illuc
1338 3615 1454 3695 uadas3
1556 3604 1562 3688 ³]

322 3739 434 3786 omnes
449 3720 586 3804 litteras,
602 3742 683 3804 ques
699 3720 885 3806 Episcopus
900 3722 969 3806 ipsc
986 3744 1095 3790 secum
1120 3722 1295 3807 detulerat,
1310 3723 1347 3788 in
1363 3728 1454 3790 tuem
1561 3759 1562 3764 κ

320 3832 354 3893 et
370 3828 472 3912 ipsius
488 3850 662 3913 personam
677 3829 851 3896 reformari
868 3831 1023 3897 decenter
1039 3828 1183 3913 fecimus,
1199 3838 1233 3897 et
1248 3830 1357 3898 eidem
1371 3833 1453 3918 Epi·
1561 3871 1563 3900 ι

320 3955 418 4020 scopo
435 3935 615 4016 destinari3
631 3943 668 4003 ut
681 3939 713 4004 si
728 3945 764 4003 tu
780 3939 828 4003 ire
842 3940 976 4022 poteris,
993 3944 1030 4006 ut
1053 3938 1230 4024 prefertur,
1246 3940 1293 4005 eis
1310 3940 1454 4006 utamini
1555 3948 1562 4007 l

318 4046 500 4128 suppressis
517 4045 600 4126 eliis,
617 4066 698 4128 quas
721 4045 800 4129 ipse,
823 4051 860 4112 ut
883 4047 1084 4132 premittitur
1101 4046 1281 4130 deferebat,
1297 4045 1383 4114 alias
1399 4068 1455 4114 au·
1556 4048 1563 4146 ξ

318 4157 384 4217 tem
411 4153 439 4216 si
462 4151 602 4220 forsitan
626 4151 782 4218 accedere
808 4175 875 4221 nou
899 4155 1036 4238 valeres,
1060 4155 1139 4239 ipse,
1169 4155 1233 4222 hiis
1259 4158 1453 4241 suppressis,
1556 4158 1562 4173 '

319 4264 433 4324 utatur
449 4259 523 4324 eliis
541 4267 574 4326 et
590 4264 758 4343 negotium
783 4269 1008 4348 prosequatur.
1034 4261 1196 4348 Quocirca
1211 4262 1455 4332 fraternitatem

319 4369 412 4431 tuam
437 4368 635 4451 requirimus
659 4375 692 4434 et
706 4369 886 4451 hortamur,
913 4377 1074 4458 quatenus
1100 4369 1161 4438 stb.
1193 4394 1259 4439 une
1284 4375 1454 4457 cumipse

320 4471 483 4561 prefatum
499 4477 664 4559 negotium
690 4480 780 4546 iuxta
805 4499 991 4546 concessum
1016 4479 1077 4546 tibi
1103 4499 1142 4544 ex
1158 4480 1225 4546 alto
1242 4479 1454 4566 prudentiam
