3166 5256
571 370 666 436 1345.

594 693 668 757 119.

80 869 131 936 Vl.
146 871 288 938 Keletron
302 875 395 957 pdpa
422 871 589 937 Fereaczet
605 871 712 936 retesti
726 873 882 958 pauperos
897 873 1036 960 apostoli
1052 875 1192 940 nuncius

210 979 280 1044 nalo
297 978 396 1044 totos·
412 978 440 1040 Ι.
458 980 559 1064 Lajoa
575 1003 714 1067 mappae
733 979 914 1066 kirdlydoz.
937 983 1036 1048 1345.

165 1133 318 1204 Clemens
335 1137 520 1222 Episcopus
537 1145 595 1204 etc.
613 1141 791 1206 venerabili
802 1137 899 1206 fratri
915 1139 1092 1208 Francisco
1110 1143 1189 1228 Epi·

70 1264 153 1329 scopo
169 1245 373 1330 Tergemina
390 1231 583 1329 Apostolice
600 1245 693 1313 Sedis
710 1245 839 1314 Nuncio
855 1250 992 1314 salutern
1010 1257 1070 1318 etc.
1104 1249 1188 1316 Cum

5 1343 7 1418 ζ
71 1358 106 1432 te,
120 1355 156 1418 de
171 1357 259 1421 cuius
277 1353 440 1420 fidelitate
457 1377 495 1421 ac
512 1357 808 1439 circumspectionis
829 1357 993 1422 industria
1008 1358 1138 1441 plenam
1155 1359 1188 1423 in

5 1523 7 1530 ,
70 1455 195 1527 Domino
209 1461 367 1528 fiduciam
384 1460 576 1548 obtinemus,
603 1461 644 1528 ad
661 1463 866 1528 carissimum
881 1463 916 1529 in
934 1461 1067 1528 Christo
1084 1463 1186 1528 filium

69 1576 198 1634 nostrum
211 1569 420 1636 Ludoeicum
436 1569 561 1654 Regem
577 1569 725 1654 Vngarie
735 1571 893 1636 illustrem
909 1577 941 1634 et
957 1577 1068 1654 partos
1077 1567 1188 1654 Regni

69 1677 110 1740 sui
130 1696 185 1760 pro
210 1679 311 1744 certis
336 1677 481 1762 negocijs
506 1677 726 1744 destinemus:
751 1676 821 1744 Nos
846 1677 1073 1760 attendentcS‚
1099 1677 1187 1762 quod

5 1827 10 1878 κ,
68 1781 116 1847 ills
128 1782 306 1852 feliciorem
331 1787 447 1852 sortiri
474 1785 712 1853 consueierunt
739 1784 897 1870 effectum,
924 1805 989 1868 que
1005 1786 1183 1852 maioribus

5 1899 7 1946 ἒ
69 1895 96 1953 et
109 1892 287 1961 sanioribus
304 1891 448 1959 consiliis
465 1889 652 1973 fulciuntur,
669 1899 704 1958 ut
721 1891 749 1957 si
766 1893 895 1977 quando
912 1899 945 1958 et
961 1895 1116 1977 quociens
1125 1893 1187 1958 tibi

5 2021 7 2084 ξ
70 2020 120 2082 pro
133 2000 286 2083 predictis
302 2001 418 2067 utilius
442 2000 662 2084 expendendis
687 2001 828 2084 negotiis
845 2000 1009 2066 videbitur
1025 1999 1187 2084 expedire,

68 2106 256 2173 venerabiles
280 2105 402 2175 fratres
428 2105 701 2192 Archiepiscopos
728 2114 761 2173 et
786 2107 975 2192 Episcopos‚
992 2129 1032 2174 ac
1049 2107 1186 2174 dilectos

5 2189 11 2284 l
71 2211 144 2278 filios
159 2210 294 2280 Electos
311 2221 344 2280 et
359 2215 442 2282 alios
458 2215 610 2282 Prolatos
636 2215 780 2280 eiusdem
806 2215 924 2299 Regni,
942 2215 982 2280 de
1000 2215 1118 2300 quibus
1136 2238 1189 2280 ex·

5 2287 8 2364 l
70 2320 192 2402 pediens
207 2322 260 2389 rel
287 2321 447 2405 optimum
471 2323 670 2404 cognoveris,
695 2343 755 2406 pro
781 2322 915 2388 consilio
941 2328 974 2387 ct
999 2323 1189 2388 assistentia

5 2365 10 2558 l
70 2426 124 2496 tibi
138 2429 331 2498 adhibendis
348 2431 436 2496 circa
452 2429 601 2522 predicta
617 2430 728 2496 valeas
754 2450 943 2512 convocare,
975 2431 1193 2496 contradicto-

71 2555 117 2601 res
133 2540 333 2604 auctoritate
357 2545 472 2606 nostra
496 2561 556 2623 per
581 2561 750 2606 censuram
774 2539 1028 2606 ecclesiasticam
1045 2539 1190 2622 appella-

5 2559 9 2702 l
70 2644 149 2710 tione
164 2647 350 2730 postposita
375 2647 617 2731 compescendo,
642 2649 773 2731 plenam
789 2646 991 2713 fraternitati
1007 2653 1061 2710 tue
1079 2669 1189 2714 conce-

73 2751 166 2819 dimus
183 2762 298 2820 tenore
314 2757 515 2839 presentium
539 2755 738 2822 facultatem.
755 2753 878 2823 Datum
895 2753 1055 2822 Avinioue
1072 2754 1113 2826 V.
1129 2755 1186 2820 ka·

72 2858 172 2928 leudes
187 2859 343 2948 Januarij
361 2861 579 2930 Pontificatus
596 2864 699 2929 nostri
716 2885 801 2930 anno
819 2871 946 2948 quarto.

389 3028 420 3090 (V
425 3027 446 3078 1.
460 3027 593 3081 Kelemen
603 3027 675 3094 papa
685 3027 869 3094 regestaibdl.)

80 3633 125 3703 VJ.
145 3639 292 3706 Kelemeo
308 3644 400 3728 pcipe
417 3639 583 3706 Fereoczet
599 3641 707 3706 triesti
722 3643 890 3728 ptlcpblcb't,
907 3641 942 3707 kt
957 3639 1040 3707 mint
1057 3637 1196 3730 apostoli

5 3783 7 3844 p
76 3748 209 3812 nuncius
232 3749 342 3812 induit
367 3751 683 3836 Moppororszdpda‚
708 3751 841 3836 ojdaljo
874 3750 941 3816 tb'bd
957 3750 1194 3852 fejedelemoelc

582 3861 678 3925 1345.

5 4093 7 4104 Ι
176 4013 325 4083 Clemens
340 4016 521 4103 Episcopos
537 4023 598 4086 cto.
623 4020 790 4088 carissimo
818 4019 852 4085 in
868 4018 1000 4086 Christo
1016 4019 1083 4084 filio
1098 4019 1197 4086 Kari-

5 4111 7 4202 ζ
76 4117 152 4184 miro
167 4120 251 4208 Regi
269 4123 408 4192 Polonie
423 4125 544 4192 illustri
560 4127 698 4192 salutem
714 4134 775 4194 etc.
793 4125 876 4192 Cum
892 4127 1107 4194 venerabilem
1133 4127 1197 4193 fra·

75 4231 152 4291 trem
167 4237 312 4297 nostrum
328 4231 542 4300 Franciscum
574 4233 773 4318 Episcopum
800 4234 1036 4317 Tergestinum,
1054 4233 1197 4318 Aposto-

5 4373 7 4430 ᾗ
75 4331 132 4400 lice
147 4333 240 4404 Sedis
265 4339 440 4424 Nuncium,
465 4342 571 4409 virum
596 4342 708 4425 utique
734 4341 960 4424 profunditate
978 4343 1110 4407 scientie
1126 4364 1199 4425 prc-

78 4439 189 4524 ditum,
213 4445 381 4514 fidelitatis
405 4451 593 4515 constantia
617 4455 650 4513 et
684 4450 981 4532 circumspectionis
1006 4451 1198 4514 maturitate

78 4550 287 4633 conspicuum,
313 4577 351 4620 ac
376 4558 409 4621 in
427 4557 537 4621 arduis
564 4563 732 4638 expertum
758 4558 907 4639 negotiis,
933 4555 975 4621 ad
992 4557 1198 4620 carissimum

5 4645 7 4682 :
186 4685 247 4726 uos.
260 4689 341 4728 nuno.
356 4691 425 4728 ursa.
440 4701 484 4715 -
500 4691 569 4728 acra
585 4691 645 4728 uxr.
661 4693 689 4727 11.
1068 4669 1086 4728 9
