3110 5248
344 323 407 384 310
699 331 934 379 nmuousczrsr
957 317 1124 376 umbras.

345 502 485 582 apparet
499 517 557 581 per
573 517 668 560 veras
684 501 717 558 et
733 491 937 558 authenticas
963 490 1090 555 litteras
1106 487 1250 553 eiusdem
1267 487 1387 554 domini
1400 489 1458 558 Du.

347 607 393 673 cis
409 606 502 674 bulla
517 605 585 671 eius
601 603 754 688 plumbea
770 599 925 685 pendenti
949 598 1091 664 munitas
1108 593 1204 662 datas
1221 596 1274 662 die
1290 599 1386 664 tertio
1400 619 1460 682 pre-

348 716 451 782 sentis
468 712 586 780 mensis
603 708 747 796 Augusti
772 701 1069 774 MCCCXLVIII.
1086 705 1216 769 nomine
1232 711 1266 770 et
1282 705 1349 772 vice
1364 727 1463 772 eorun-

348 822 422 887 dem
438 820 559 887 domini
576 819 679 884 Ducis
696 821 730 883 et
745 812 933 881 Communis
960 811 1182 892 Venetiarum,
1199 816 1234 878 et
1249 835 1310 896 pro
1330 817 1462 882 omuibus

349 939 382 997 et
399 929 534 1014 siugulis
550 925 696 1006 Civibus,
722 923 870 1002 subditis,
885 921 1045 1000 fidelibus,
1063 919 1199 1000 devotis,
1215 941 1255 986 ac
1270 922 1414 990 omnibus
1435 931 1463 989 et

350 1038 496 1121 singulis,
522 1037 579 1119 qui
604 1031 834 1120 quoquomodo
860 1030 998 1096 luissent
1022 1030 1073 1095 vel
1097 1033 1207 1094 essent
1221 1030 1412 1113 obedientes,
1425 1053 1465 1096 sc·

351 1167 471 1230 quaces
487 1145 537 1211 vel
553 1142 753 1226 favorabiles
768 1139 872 1207 cidem
889 1138 1019 1204 domino
1035 1136 1121 1202 Duci
1141 1145 1174 1202 et
1186 1135 1359 1204 Communi
1374 1138 1465 1206 Vena

351 1254 471 1318 tiarum
488 1274 527 1317 ex
543 1252 655 1316 altera
671 1248 819 1315 Predicti
829 1247 1068 1313 Procuratores
1085 1250 1119 1310 et
1135 1241 1278 1330 Syudici,
1294 1253 1328 1312 et
1344 1247 1467 1331 quilibet

354 1381 464 1426 eorum
488 1355 723 1441 procuratoriis
748 1361 781 1420 et
808 1352 999 1438 syndicariis
1034 1351 1218 1417 nominibus
1243 1353 1412 1420 antedictis
1433 1377 1466 1422 ex
1553 1377 1554 1382 ¹

357 1474 448 1535 certa
464 1466 600 1534 scientia
615 1473 650 1532 et
675 1487 739 1531 non
756 1487 814 1549 per
830 1485 985 1548 errorem,
1003 1463 1091 1529 omni
1107 1463 1216 1546 modo,
1228 1464 1303 1548 jure
1319 1471 1352 1531 et
1367 1466 1468 1544 forma,

355 1575 475 1662 quibus
491 1575 608 1641 melius
634 1580 667 1639 et
692 1573 856 1639 efficacius
882 1579 1067 1657 potuerunt,
1083 1571 1239 1654 fecerimt,
1254 1574 1402 1654 inierunt,
1416 1579 1469 1640 sta·

356 1688 491 1750 tuerunt
506 1687 539 1747 et
554 1681 766 1746 firmaverunt
781 1680 904 1760 firmes,
920 1699 1013 1744 veras
1029 1685 1063 1744 et
1077 1701 1177 1763 puras
1191 1687 1348 1764 treuguas
1364 1687 1395 1747 et
1408 1703 1470 1746 cou-

356 1789 503 1858 cordiam
518 1789 605 1856 inter
620 1787 803 1872 predictam
819 1785 984 1852 domiuum
1002 1785 1137 1871 Regem,
1153 1807 1193 1853 ao
1209 1788 1279 1854 eius
1296 1787 1471 1868 Consilium,

357 1897 514 1978 Berones,
530 1895 688 1974 subditos,
705 1894 818 1960 fideles
834 1901 867 1959 et
882 1893 1072 1960 obedientes
1082 1896 1256 1978 predictos,
1271 1902 1306 1962 et
1322 1897 1471 1963 dominum

357 2007 485 2073 Ducem
502 2010 535 2069 et
551 2001 731 2070 Commune
747 2001 971 2086 Venetiarum,
997 2001 1153 2085 subditos,
1169 2003 1291 2092 fideles,
1307 1991 1473 2071 detonsis

361 2113 551 2180 obedientes
578 2113 682 2196 ipsius
708 2109 749 2175 de
775 2110 924 2178 omnibus
949 2116 982 2176 et
1007 2111 1145 2195 singulis
1161 2114 1297 2194 guerris,
1313 2112 1472 2191 discordiis,

359 2220 626 2304 dissensionibus,
642 2217 845 2302 rancoribus,
861 2218 981 2300 litibus,
998 2221 1240 2301 controversiis,
1266 2219 1473 2305 questionibus

359 2335 396 2394 et
413 2327 564 2411 querelis,
580 2350 642 2411 que
656 2326 814 2392 hactenus
830 2324 973 2408 fuerunt,
989 2327 1040 2392 vel
1056 2328 1099 2393 ad
1114 2347 1248 2411 presens
1259 2335 1344 2408 suut,
1355 2347 1473 2394 seuesse

360 2440 494 2521 possent
510 2456 609 2500 causa
635 2441 669 2499 et
693 2435 864 2502 occasione
885 2454 1079 2518 quacunque
1095 2435 1180 2500 iuter
1196 2444 1310 2521 partes
1325 2437 1473 2521 predictas

362 2545 413 2610 vel
429 2564 543 2609 earum
559 2542 708 2610 subditos
725 2550 758 2608 et
772 2543 885 2610 fideles
901 2548 935 2607 et
951 2541 1137 2610 obedientes
1152 2545 1325 2629 predictos.
1341 2542 1474 2629 Quequi-

366 2653 441 2719 dem
456 2657 594 2736 treugue
618 2652 832 2735 integraliter,
856 2650 1001 2730 firmiter,
1029 2652 1262 2719 inviolabiliter
1278 2661 1311 2718 et
1325 2654 1475 2718 inconcus·
1551 2648 1552 2651 ’

363 2783 407 2842 se,
433 2781 472 2824 ac
497 2761 647 2825 continue
672 2781 879 2843 perseverare
911 2765 944 2824 et
975 2752 1095 2826 durare
1120 2760 1264 2827 debeant
1278 2768 1313 2826 ct
1327 2757 1476 2828 obseruari

364 2889 469 2952 usque
495 2866 539 2932 ad
564 2874 638 2933 octo
663 2889 765 2934 annos
784 2868 928 2952 proxime
944 2875 1149 2952 sequuturos,
1164 2870 1390 2953 promittentes
1406 2867 1475 2932 dicte

364 2981 479 3061 partes
494 2979 529 3038 et
545 2974 691 3058 quelibet
717 2995 832 3042 earum
856 2975 920 3041 sibi
945 2976 1086 3042 vicissim
1110 2975 1298 3043 nominibus
1314 2975 1477 3054 antedictis,
1547 2971 1554 3030 i

366 3105 406 3150 ac
431 3104 491 3166 pro
517 3104 552 3148 se
577 3082 667 3166 ipsis,
693 3089 727 3148 et
751 3084 901 3150 omnibus
926 3089 960 3149 et
986 3067 1123 3167 singulis
1149 3085 1390 3170 suprascriptis,
1403 3084 1478 3167 ipsas
1545 3096 1553 3163 t

367 3197 524 3273 treuguas
541 3195 576 3254 et
591 3190 800 3257 concordiam
820 3191 1060 3274 inviolabiliter,
1076 3213 1156 3275 pure
1172 3198 1204 3257 et
1220 3193 1377 3258 veraciter
1390 3195 1478 3257 atton·

367 3297 444 3363 dere
461 3303 494 3362 ct
508 3297 691 3380 observare,
716 3305 749 3362 et
764 3298 892 3364 attendi
908 3305 940 3364 et
956 3297 1120 3365 observari
1136 3299 1256 3382 facere,
1272 3307 1307 3365 et
1321 3305 1427 3366 contra
1440 3295 1478 3379 ip

367 3427 422 3472 sas
438 3404 529 3471 nullo
545 3405 641 3470 modo
657 3403 766 3471 facere
782 3407 833 3470 vel
849 3406 967 3472 venire.
993 3407 1080 3472 Item
1100 3407 1283 3492 voluerunt,
1299 3413 1332 3474 et
1347 3411 1478 3472 contente

368 3512 503 3580 suerunt
527 3519 561 3578 et
584 3515 805 3598 promiserunt
830 3513 917 3578 dicte
935 3519 1048 3597 partes
1065 3520 1098 3580 et
1115 3514 1260 3599 quelibet
1275 3537 1385 3582 earum
1400 3512 1478 3578 dictis

369 3622 554 3688 nominibus
578 3621 641 3687 sibi
665 3622 806 3688 vicissim
831 3643 889 3705 per
915 3621 1089 3687 solemnem
1114 3623 1367 3708 stipulationem,
1389 3627 1418 3688 et
1432 3638 1479 3704 per

368 3735 476 3795 totum
495 3733 624 3813 tempus
649 3729 811 3795 dictarum
836 3735 1060 3811 treuguarum,
1074 3729 1226 3795 videlicet
1242 3737 1315 3796 octo
1331 3745 1479 3802 annorum,

370 3837 458 3903 dicte
473 3843 586 3920 partes
601 3837 652 3902 vel
668 3837 735 3904 alia
750 3858 872 3918 earum,
896 3857 963 3901 uon
988 3836 1109 3904 facient
1124 3837 1174 3904 vel
1189 3837 1340 3916 inferent,
1354 3858 1409 3904 nec
1422 3831 1481 3898 fieri

371 3967 428 4011 seu
444 3945 557 4011 inferri
582 3944 713 4028 facient,
738 3967 798 4011 nec
824 3945 1028 4012 consentient
1042 3968 1101 4030 per
1115 3947 1245 4030 aliquos
1262 3968 1338 4014 suos
1353 3945 1401 4040 vel
1415 3943 1481 4010 alios

371 4050 431 4119 sub
456 4053 603 4137 ipsarum
628 4053 757 4118 nomine
781 4053 832 4118 vel
857 4053 967 4118 colore
992 4055 1089 4120 modo
1105 4053 1216 4138 aliquo
1231 4056 1282 4122 vel
1298 4054 1422 4139 ingenio
1435 4049 1481 4115 ali-

373 4181 470 4243 quam
494 4182 657 4244 guerram,
682 4160 847 4244 iniuriam,
870 4162 1063 4242 molestiam,
1088 4163 1286 4246 gravitatem
1302 4169 1335 4230 et
1350 4163 1481 4229 damnum

372 4268 589 4350 personaliter
603 4267 655 4332 vel
669 4267 804 4333 realiter
819 4266 881 4333 sibi
897 4267 948 4334 vel
964 4268 1157 4350 hominibus,
1170 4269 1367 4352 civitatibus,
1382 4263 1481 4333 castris

373 4371 457 4437 villis
473 4378 505 4437 et
518 4373 607 4458 locis,
624 4395 705 4458 quas
720 4380 753 4439 et
770 4396 833 4459 que
858 4374 1005 4458 predicte
1021 4381 1134 4459 partes
1165 4383 1196 4442 et
1222 4377 1365 4459 quelibet
1379 4389 1482 4448 earum,

376 4485 409 4545 et
425 4477 546 4550 subditi
564 4486 597 4545 et
612 4480 734 4565 fideles,
751 4482 858 4566 devoti
884 4487 917 4548 et
943 4483 1131 4550 obedientes
1147 4505 1270 4570 earum,
1285 4489 1319 4550 et
1333 4478 1482 4550 cuiuslibet
