3220 5262
400 361 464 423 652
758 379 992 424 nrrnorruozrsr
1009 367 1176 426 amasse.

1594 419 1598 552 l

398 540 546 622 maturis,
570 539 668 606 remis
693 545 727 604 et
751 538 825 605 aliis
851 539 1039 606 attinenciis
1065 539 1262 622 concedatis,
1277 543 1396 628 quibus
1411 566 1468 610 nos
1484 545 1520 611 ad
1596 581 1598 628 r

398 667 557 732 expensas
571 654 703 716 nostras
719 647 761 714 de
776 654 873 731 gente
889 649 1131 734 providebimus
1156 657 1351 736 opportuna,
1371 652 1521 720 sinceram
1595 629 1598 712 l

397 757 493 822 nobis
517 758 551 822 in
577 756 639 822 hoc
663 753 845 822 amiciciam
861 763 896 822 et
911 763 1043 840 gratam
1060 758 1336 842 complacenciam
1353 760 1521 843 facientem

397 871 431 931 et
447 864 603 950 quicquid
620 885 718 950 super
735 863 799 932 hiis
815 864 927 932 fideles
944 865 1047 932 nostri
1065 865 1243 934 familiares
1252 867 1365 934 dilecti
1376 868 1522 936 Lucanus
1596 905 1598 924 ι

398 974 438 1038 de
454 971 638 1039 Grimaldis
654 978 687 1038 et
704 971 824 1040 Petrus
840 973 882 1041 de
898 974 1011 1041 Medio
1027 975 1214 1060 pesenoium
1224 975 1426 1046 exhibitores
1441 979 1521 1044 dixe·

398 1081 465 1146 rint
480 1083 611 1146 nomine
638 1087 759 1160 nostro,
775 1081 838 1147 hoc
852 1080 987 1148 indubie
1012 1081 1144 1150 credere
1160 1082 1276 1149 velitis.
1291 1083 1416 1151 Datum
1432 1085 1520 1153 Budo

398 1187 450 1253 die
466 1186 550 1254 XX.
567 1186 781 1274 Septembris,
797 1211 883 1257 anno
898 1189 1032 1260 LXVI.

505 1336 541 1398 (A
558 1337 660 1399 »Copia
673 1337 708 1388 de
722 1337 960 1390 Commemoriali«
975 1340 1065 1391 czimtt
1077 1339 1453 1404 velenczeiillamkbnyvbol
1464 1341 1519 1392 vn.

397 1426 455 1479 kbt.
471 1431 494 1476 l.
507 1441 530 1478 r.
545 1431 605 1478 250.
618 1429 683 1489 lev.)

882 1574 961 1582 n-—--
998 1575 1042 1582 --

434 1876 588 1946 Cornoro
604 1879 705 1945 Mork
720 1881 873 1946 velenozei
887 1881 1028 1969 degeaek
1044 1881 1072 1961 l,
1088 1883 1187 1967 Lojoa
1203 1906 1346 1970 magyar
1363 1883 1485 1969 kirtly.
1596 1931 1598 1946 ,

912 1991 1010 2057 1366.
1597 1995 1598 2016 ³

504 2153 688 2220 Lodovicus
704 2147 769 2218 Dei
785 2153 892 2238 gratia
908 2150 983 2217 Rex
998 2152 1183 2237 Hungarie.
1594 2137 1598 2242 l

503 2259 621 2326 Amice
637 2259 820 2328 carissime!
844 2257 1018 2326 Discretus
1035 2260 1086 2326 vir
1101 2260 1335 2328 Bartolomeus
1350 2260 1519 2328 Ursiolio
1576 2349 1580 2354 .

395 2369 501 2434 tarius
517 2376 549 2435 et
565 2367 710 2434 Nuntius
726 2375 833 2436 vester
857 2367 962 2435 fidelis
987 2368 1105 2434 harum
1120 2369 1299 2454 reportitor
1314 2377 1457 2436 vestram
1471 2370 1518 2436 be

396 2476 535 2546 nivolam
559 2478 783 2560 intentionem,
808 2498 906 2562 quam
931 2477 1055 2543 habere
1080 2497 1138 2544 vos
1163 2477 1296 2560 offertis,
1321 2485 1425 2564 prout
1442 2479 1530 2553 alias

395 2587 612 2655 amicabiliter
628 2586 796 2654 obtulistis
811 2586 847 2651 in
862 2585 980 2652 dandis
995 2585 1089 2652 nobis
1106 2587 1203 2652 certis
1218 2587 1331 2671 galeis,
1340 2587 1475 2671 provide
1488 2593 1516 2653 et

396 2698 558 2782 sagaciter
583 2702 678 2781 parte
694 2695 796 2761 vestri
811 2695 987 2777 reseravit;
1004 2693 1044 2762 de
1061 2715 1126 2780 qua
1141 2694 1275 2763 indubie
1290 2703 1517 2780 presumentes,

396 2914 475 2982 eicie
500 2919 607 2982 vestre
630 2912 798 2981 benivolos
824 2913 857 2977 in
885 2911 1088 2996 quibuslibet
1112 2912 1204 2979 vobis
1230 2914 1334 2997 gratis
1351 2913 1517 2979 viceversa

1596 2677 1598 2722 ι

1596 2725 1598 2770 v

395 2811 507 2890 grates
522 2805 668 2872 amicicie
684 2811 792 2870 vestre
817 2802 988 2870 referimus
1009 2805 1168 2888 copiosas,
1185 2803 1358 2872 offerentes
1374 2826 1434 2870 nos
1449 2806 1517 2870 ami-
1595 2829 1598 2960 1

1596 2963 1598 2998 l

396 3023 556 3090 Preterea
581 3043 679 3106 super
704 3020 793 3087 facto
819 3022 966 3106 ipsarum
986 3021 1155 3105 galearum
1169 3020 1298 3087 fidelem
1314 3029 1462 3087 nostrum
1477 3019 1517 3085 di·
1596 3037 1598 3124 2

394 3133 515 3198 lectum
531 3130 724 3197 familiarem
740 3129 940 3215 Magistrum
951 3128 1085 3196 Petrum
1095 3129 1221 3214 Ligerii
1237 3128 1277 3196 de
1293 3127 1407 3196 Medio
1424 3129 1518 3194 civem

394 3240 652 3324 Zagrabiensem
668 3237 713 3305 ad
726 3259 782 3304 vos
797 3238 998 3305 decrevimus
1023 3236 1264 3319 destinandum,
1288 3242 1445 3321 rogantes
1461 3237 1517 3302 sin·

395 3369 468 3413 cere
484 3370 581 3432 super
596 3348 669 3432 ipso
693 3346 784 3415 facto
808 3369 868 3431 per
892 3348 1031 3413 eundem
1057 3347 1258 3430 Magistrum
1278 3346 1416 3413 Petrum
1432 3345 1517 3412 nobis
1596 3411 1598 3444 v

395 3456 594 3540 responderi.
618 3454 709 3523 Data
732 3456 766 3521 in
790 3456 948 3523 Werthus
973 3456 1045 3522 loco
1070 3462 1181 3522 nostre
1196 3454 1376 3522 venationis
1392 3455 1453 3521 sub
1468 3475 1517 3519 an·
1596 3447 1598 3538 i

394 3565 471 3630 nulo
488 3572 600 3633 nostro
617 3572 742 3632 secreto
759 3563 819 3634 VI.
835 3565 888 3630 die
904 3565 1023 3632 mensis
1042 3562 1241 3631 Decembris.
1597 3651 1598 3654 Ἴ

502 3677 605 3742 Kiuitl
621 3699 632 3740 .·
647 3674 768 3740 Inclito
793 3672 922 3740 domino
947 3672 1064 3740 Marco
1081 3670 1240 3756 Cornario
1255 3673 1343 3740 Duci
1368 3671 1518 3742 Venetia·
1596 3717 1598 3758 3

393 3805 467 3848 rum
484 3784 588 3850 amico
605 3788 718 3848 nostro
735 3782 914 3849 carissimo.
929 3781 1042 3865 (1366.
1060 3783 1128 3848 deo.
1146 3781 1190 3868 6.)
1597 3781 1598 3794 ¹

504 3927 539 3988 (Δ
562 3928 666 3994 »Copia
687 3929 722 3981 de
747 3928 995 3980 Commemoralia‹
1018 3927 1108 3979 ezimtt
1130 3927 1271 3977 veleuczoi
1293 3926 1517 3990 allamkonyvbol

394 4021 455 4071 vn.
470 4021 528 4071 ket.
545 4026 568 4071 1.
581 4034 602 4070 r.
618 4023 677 4070 255.
693 4019 723 4081 l.)
