3166 5256
359 359 420 442 11'0
706 357 939 433 nrrnouinozni
956 361 1123 434 suintune.

354 565 407 632 vel
439 565 610 650 dignitatis
635 565 788 648 existant,
813 564 941 630 etiamsi
966 563 1163 646 Pontificali,
1187 563 1308 648 Regali
1329 566 1382 630 vel
1407 585 1484 648 qua·

353 696 479 758 cunque
505 674 573 740 alia
598 673 804 758 prefulgeant
829 673 1000 758 dignitate,
1030 676 1087 758 qui
1113 681 1246 756 treugas
1271 675 1372 758 ipsae,
1396 681 1484 757 post-

353 803 451 866 quam
476 804 534 866 per
559 786 592 847 te
617 780 737 847 indicte
763 801 803 846 ac
817 780 982 864 publicate
999 780 1129 862 suerint,
1144 781 1316 861 violarent,
1331 779 1486 864 infringe-

353 895 436 972 rent,
462 888 636 957 ueletiam
661 911 726 955 non
752 894 931 970 seruarent,
956 890 990 954 in
1010 909 1167 973 personas
1197 887 1351 953 videlieet
1381 887 1485 972 singu-

352 996 439 1063 lares
464 997 814 1079 excommunicotionis,
839 1001 872 1061 et
895 996 930 1060 in
947 991 1118 1078 Ciuitates,
1135 994 1262 1076 Castra,
1277 995 1411 1080 oppida,
1427 995 1485 1060 vil·

345 1104 411 1188 las,
435 1111 542 1170 terras
566 1110 600 1168 et
623 1102 696 1169 loca
720 1103 866 1186 ipsorum
881 1102 1049 1168 interdicti
1075 1103 1253 1168 sententias
1277 1103 1483 1184 promulgan-

354 1211 404 1277 do.
430 1209 535 1294 Super
552 1211 671 1293 quibus
687 1210 846 1292 omnibus,
861 1232 921 1276 nec
936 1233 1002 1276 non
1021 1231 1231 1296 quascunque
1246 1210 1483 1294 colligationes,

351 1320 520 1403 pactiones
547 1325 581 1384 et
605 1319 778 1384 societates
804 1320 891 1383 inter
916 1340 1137 1403 quoscumque
1153 1322 1340 1384 contractas
1356 1316 1408 1383 vel
1424 1318 1482 1382 ini-

252 1467 255 1482 »
336 1435 405 1504 ,tas
430 1427 490 1493 sub
518 1448 711 1512 quacunque
741 1426 846 1492 forma
872 1427 921 1492 vel
953 1427 1160 1512 expressione
1176 1427 1349 1494 verborum
1381 1447 1479 1491 causa

354 1533 516 1601 discordie
544 1533 629 1599 inter
655 1533 765 1617 Reges
783 1534 958 1601 nutriendo
974 1535 1140 1620 predictos
1156 1556 1225 1601 esse
1241 1556 1279 1600 ac
1295 1534 1395 1600 fuisse
1413 1533 1483 1598 nul·

351 1641 410 1726 les,
435 1663 545 1708 cassas
572 1648 605 1707 et
629 1643 751 1723 irritas,
783 1643 873 1709 velut
899 1648 1015 1708 contra
1040 1643 1162 1709 bonum
1186 1644 1278 1728 pacis
1303 1642 1338 1706 in
1354 1639 1481 1708 Summi

353 1751 456 1834 Regis
481 1743 636 1816 offensam
665 1757 848 1835 presumtas
879 1750 1024 1817 indebite
1055 1752 1243 1832 nunciandi,
1275 1756 1309 1816 et
1325 1754 1484 1833 quatenus

352 1861 587 1944 processissent
618 1858 658 1924 de
683 1858 780 1940 lacto,
812 1858 1012 1940 annullandi,
1044 1861 1194 1926 cassandi
1220 1865 1252 1924 et
1267 1856 1431 1938 irritandi,
1447 1879 1483 1922 ac

351 1989 454 2052 penas
471 1968 617 2033 adiectas
630 1973 663 2032 et
677 1967 861 2032 iuramenta
876 1967 1017 2050 prestita
1034 1990 1130 2052 super
1147 1969 1204 2050 eis,
1215 1989 1289 2034 cum
1305 1969 1480 2032 iuramtum

352 2075 515 2142 vinculum
546 2075 730 2158 iniquitatis
762 2096 913 2142 essenon
940 2074 1068 2158 debeat,
1084 2076 1264 2158 relaxandi,
1280 2074 1414 2157 aliaque
1431 2096 1481 2158 ge

350 2184 454 2267 rendi,
485 2182 626 2250 faciendi
641 2189 674 2250 et
690 2184 869 2266 exercendi,
901 2205 964 2268 que
989 2185 1078 2249 circa
1108 2184 1267 2268 premissa
1298 2183 1479 2250 necessaria

350 2292 472 2358 fuerint
487 2293 538 2358 vel
557 2291 655 2358 etiam
686 2297 853 2375 oportuna,
884 2291 1016 2374 plenam
1042 2291 1102 2357 tibi
1133 2292 1338 2359 concedimus
1370 2297 1479 2356 tenore

354 2402 556 2484 presentium
571 2399 768 2467 facultatem.
785 2397 946 2483 Ceterum,
962 2401 1040 2484 quia
1055 2421 1174 2484 parum
1189 2401 1359 2483 prodesset
1376 2400 1477 2463 humi·

349 2507 429 2574 litas
453 2507 640 2590 humilibus,
665 2507 693 2570 si
718 2512 921 2590 contemptus
955 2506 1227 2572 inobiedientibus
1243 2527 1309 2571 non
1341 2505 1478 2586 obesset,

349 2621 461 2682 nostre
484 2613 674 2680 intentionis
700 2614 811 2678 existit
835 2620 869 2677 et
887 2612 1043 2698 volumus,
1066 2614 1153 2698 quod
1164 2611 1353 2678 huiusmodi
1369 2633 1429 2696 per
1444 2617 1476 2676 te

351 2720 590 2807 promulgande
603 2741 685 2804 pene
696 2741 734 2784 ac
751 2720 911 2785 sententie
922 2720 968 2786 sic
978 2721 1062 2803 illos,
1083 2722 1139 2804 qui
1155 2726 1290 2804 treugas
1305 2719 1475 2803 predictas,

350 2829 427 2894 dum
443 2850 501 2914 per
515 2835 549 2894 te
566 2827 687 2893 indicte
703 2825 836 2909 fuerint,
851 2828 1078 2914 infringerent,
1093 2829 1145 2896 vel
1168 2833 1269 2895 etiam
1286 2850 1351 2895 non
1367 2849 1473 2895 serua-

348 2943 424 3002 rent
453 2936 602 3003 afficiant
632 2942 666 3002 et
681 2935 939 3021 apprehendant,
969 2937 1058 3022 quod
1083 2937 1164 3002 alios
1190 2936 1321 3002 easdem
1346 2943 1475 3020 treugas

349 3044 561 3110 obseruantes
584 3044 636 3112 vel
662 3045 838 3112 obseruare
864 3051 998 3128 paratos
1025 3047 1058 3111 in
1075 3046 1186 3128 aliquo
1197 3066 1261 3111 uon
1278 3045 1474 3126 contingant.

347 3143 473 3217 Datum
498 3150 661 3218 Arinione
683 3150 764 3222 XV.
784 3152 940 3220 kalendas
957 3151 1162 3234 Novembris,
1173 3150 1391 3218 Pontificatus
1404 3170 1475 3215 nos·

347 3257 392 3321 tri
408 3257 639 3342 annoqnarta

669 3388 726 3448 (VI.
737 3387 874 3438 Kelemen
887 3389 958 3453 papa
971 3389 1159 3454 regestaibdl.)

876 3803 950 3865 102.

212 4037 224 4047 ‚
345 3957 464 4027 Dusae
479 3963 596 4028 lauda
612 3959 699 4028 sacri>
714 3961 896 4048 loirdlynak
912 3961 1005 4028 levale
1022 3958 1175 4029 Dandolo
1190 3958 1307 4028 Endrc
1322 3958 1468 4028 celenensi

449 4073 581 4158 degetez
598 4069 731 4138 Cottaro
746 4071 778 4135 e's
798 4071 912 4137 Jadrc
930 4071 1065 4138 udroeok
1080 4071 1250 4158 dolgdbcn.
1269 4073 1364 4138 1345.

449 4229 644 4316 Exemplum
670 4231 875 4314 quarundam
900 4230 1088 4297 litterarum
1105 4230 1343 4302 destinatarum
1358 4227 1464 4297 inclito

342 4335 472 4404 domino
487 4336 574 4403 Duoi
590 4359 648 4421 per
664 4337 829 4404 dominum
844 4337 971 4422 Regem
988 4337 1109 4406 Servie.

451 4439 637 4528 Stephanus
653 4445 717 4510 Dei
734 4446 842 4528 gratia
858 4443 978 4527 Servio,
994 4445 1134 4526 Dioclie,
1151 4445 1337 4528 Chilminie,
1353 4442 1462 4522 Zente,

342 4550 486 4618 Albanis
511 4559 544 4617 et
567 4553 728 4621 maritime
747 4554 889 4638 regionis
909 4553 989 4636 Rex,
1005 4576 1063 4620 nec
1079 4576 1145 4620 uon
1160 4553 1318 4642 Bulgarie
1332 4552 1463 4639 Imperii
