3214 5260
388 365 454 430 440
755 379 990 428 mrnourcmm
1006 365 1175 426 inserer.

390 543 425 610 in
451 545 497 608 eis
521 539 566 610 ad
590 543 657 608 Dei
672 550 704 607 et
719 541 795 608 fidei
823 517 990 607 servitidm
1006 539 1219 621 conducendi,
1235 561 1300 606 non
1316 537 1523 606 obstantibus

390 651 506 734 regula
522 658 556 717 et
571 649 862 717 constitutionibus
886 648 1031 714 eiusdem
1058 648 1194 715 Ordinis
1209 653 1243 714 et
1260 648 1334 714 aliis
1349 648 1524 714 contrariis

392 758 651 843 quibuscunque,
666 760 798 843 plenam
824 756 1029 823 concedimus
1046 762 1157 823 tenore
1173 758 1373 841 presentium
1389 755 1525 822 faculta

393 872 466 934 tem.
483 868 607 933 Datum
627 865 788 934 Arinione
803 865 904 936 XVI.
919 865 1079 932 kalendas
1094 865 1286 932 Decembris
1303 863 1524 932 Pontificatus

392 976 498 1043 nostri
514 997 600 1041 anno
617 975 731 1063 prime.

744 1122 802 1186 (vl.
814 1121 896 1172 Incze
910 1120 981 1188 papa
1000 1119 1184 1184 regestdihdl.)

878 1265 1039 1276 uu-——u--u

923 1429 997 1492 353.

399 1590 453 1655 VI.
473 1591 565 1654 lacae
580 1595 672 1676 pa'pc
690 1577 838 1654 Erzee'bet
853 1611 994 1676 maqyar·
1023 1589 1282 1695 aoycbirrilyae't
1289 1587 1432 1674 felbe'ri,
1448 1589 1525 1673 kopp

394 1723 416 1762 a
433 1699 534 1763 ne'uiet
550 1697 691 1764 rendoelc
708 1723 730 1764 a
746 1696 894 1763 litucinolc
911 1699 944 1762 c‘c
958 1698 1112 1762 rutbeoelc
1129 1696 1223 1762 ellani
1238 1697 1413 1784 briborujcit
1429 1701 1526 1761 trimo

843 1829 952 1890 passo.
978 1807 1072 1872 1353.

501 1963 713 2029 Innocentius
739 1963 924 2048 Episcopus
951 1970 1010 2030 stc.
1037 1965 1204 2030 carissime
1235 1964 1269 2028 in
1300 1964 1437 2031 Christo
1462 1963 1523 2029 filie

394 2069 567 2136 Elisabeth
583 2071 703 2137 seniori
719 2071 845 2155 Regine
863 2072 1010 2156 Vngarie
1027 2072 1148 2140 illustri
1165 2072 1304 2138 salutem
1321 2079 1384 2138 etc.
1402 2071 1523 2139 Granis

395 2177 530 2262 querela
545 2200 606 2263 pro
622 2185 716 2263 parte
732 2179 924 2245 dilectorum
933 2180 1075 2246 filiorum
1091 2230 1119 2246 ..
1136 2231 1143 2245 .
1159 2181 1316 2265 Magistri
1326 2187 1360 2245 et
1368 2179 1522 2246 Fratrum

396 2285 581 2371 Hospitalis
606 2286 728 2354 Sancte
753 2289 863 2354 Marie
890 2289 1164 2356 Theotonieorum
1189 2288 1447 2357 Ierosolimitani
1471 2308 1522 2354 no·

394 2393 446 2459 his
462 2416 565 2480 nuper
591 2396 740 2480 exposita
765 2397 964 2478 continebat,
991 2398 1079 2482 quod
1103 2396 1182 2464 licet
1206 2396 1278 2482 ipsi,
1304 2403 1342 2463 ut
1367 2403 1417 2461 est
1437 2403 1520 2460 noto
1591 2443 1594 2496 i

393 2503 489 2584 rium,
521 2510 635 2569 contra
669 2503 818 2570 infideles
853 2505 1044 2572 Lithwanos
1079 2513 1112 2573 et
1146 2505 1319 2572 nonnullos
1353 2504 1520 2570 Rntbenos
1592 2525 1593 2530 ¹

396 2611 594 2676 scismaticos
621 2609 784 2678 subiectos
812 2613 941 2697 eisdem,
966 2614 1195 2699 impugnantes
1226 2614 1316 2697 ipsos
1347 2612 1468 2698 fratres
1490 2614 1520 2673 et

377 2718 480 2783 ,alios
510 2717 725 2802 Christianos,
749 2720 872 2786 bellum
903 2724 1091 2788 continuum
1121 2728 1384 2806 prosequantur:
1415 2725 1520 2785 tamen

394 2826 541 2892 nonnulli
556 2828 678 2894 subditi
704 2829 816 2895 dilecti
841 2829 899 2896 filii
916 2831 1034 2897 nobilis
1050 2832 1111 2898 viri
1127 2881 1134 2897 .
1151 2882 1158 2898 .
1174 2881 1181 2898 .
1197 2831 1299 2898 Ducis
1314 2829 1475 2912 Maronia,
1490 2835 1518 2892 et
1592 2841 1594 2924 ᾗ

396 2935 533 3001 subiecti
558 2938 606 3002 tui
629 2937 715 3004 inter
739 2943 847 3005 terras
874 2939 1051 3006 eorundem
1076 2940 1232 3024 Magistri
1257 2946 1291 3006 et
1306 2941 1473 3021 Fratrum,
1486 2955 1519 3000 ae
1592 2961 1594 3024 ρ

380 3044 618 3109 Liburnorum
644 3049 677 3110 et
701 3045 931 3113 Rntbenorum
960 3049 1184 3130 consistentes,
1208 3054 1389 3134 apparatus
1404 3054 1437 3114 et
1454 3067 1519 3131 pro

398 3173 527 3234 gressus
543 3154 719 3219 eorundem
736 3156 892 3239 Magistri
917 3163 952 3222 et
967 3157 1127 3223 Fratrum
1143 3180 1183 3223 ex
1199 3157 1367 3224 vicinitate
1382 3157 1519 3222 locorum
1592 3207 1594 3228 ι

397 3260 504 3340 sepius
520 3260 703 3343 sentientes,
719 3261 794 3327 illos
812 3262 935 3328 eisdem
953 3265 1112 3330 Litwanis
1129 3265 1306 3346 notificant,
1322 3271 1355 3328 et
1371 3269 1406 3330 vt
1420 3283 1454 3328 se
1472 3259 1519 3325 de·

396 3364 541 3446 tendant,
557 3389 596 3432 ac
611 3376 724 3450 gentes
741 3370 902 3435 dictorum
913 3371 1070 3436 Fratrum
1087 3371 1256 3438 offendant
1273 3377 1307 3438 et
1323 3371 1519 3456 prepediant,

397 3472 538 3539 reddunt
561 3476 761 3557 premonitos
787 3482 820 3542 et
845 3480 946 3543 etiam
971 3478 1190 3562 premunitos3
1213 3485 1248 3546 et
1272 3501 1290 3544 e
1315 3485 1430 3545 eontra
1453 3499 1517 3544 cum

396 3583 495 3648 iidem
512 3584 654 3648 Litwani
670 3591 785 3652 eontra
801 3589 888 3671 ipsos
898 3589 1034 3653 Fratres
1051 3595 1083 3654 et
1099 3593 1204 3654 terras
1220 3609 1333 3654 eornm
1348 3589 1518 3672 procedunt

397 3690 573 3772 hostiliter,
599 3715 655 3758 eos
682 3694 899 3762 amicabiliter
924 3696 1087 3780 recipiunt
1111 3703 1144 3761 et
1159 3702 1374 3780 pertractant,
1389 3697 1468 3782 ipsis
1481 3698 1517 3764 n'·

397 3801 521 3874 ctualia
546 3807 579 3866 et
603 3801 756 3868 ducatum
773 3807 806 3868 in
822 3804 902 3871 locis
918 3806 1013 3872 inviis
1029 3812 1063 3872 et
1078 3805 1309 3873 solitudinibus
1335 3807 1514 3884 exhibendo,

398 3909 430 3972 in
446 3931 599 3993 magnum
624 3911 854 3977 detrimentum
879 3913 1055 3980 eorundem
1075 3914 1231 3998 Magistri
1257 3921 1290 3980 et
1312 3917 1470 3983 Fratrum
1484 3935 1515 3980 ao

398 4015 472 4081 fidei
497 4016 702 4102 Christiane,
726 4041 824 4104 super
849 4021 966 4105 quibus
991 4023 1054 4089 luit
1078 4030 1188 4090 nostre
1213 4024 1412 4109 prouisionis
1427 4047 1516 4093 reme

399 4124 486 4189 dium
510 4125 724 4209 postulatum.
749 4127 847 4197 Vnde
873 4151 932 4196 nos
961 4131 1085 4197 dictum
1111 4131 1236 4197 Ducem
1254 4154 1313 4217 per
1327 4121 1458 4202 litteras
1472 4157 1515 4201 no·

398 4238 484 4297 stras
509 4253 662 4315 rogamus
687 4239 720 4299 et
744 4235 916 4303 hortamur
947 4244 1081 4319 attente,
1113 4240 1341 4308 nichilominus
1375 4245 1437 4311 sihi
1469 4263 1515 4329 per

399 4339 594 4422 Apostolica
619 4344 739 4428 scripta
763 4346 965 4428 mandantes,
992 4348 1079 4431 quod
1099 4348 1204 4415 dictos
1221 4349 1372 4418 subditos
1389 4375 1474 4437 snos,
1487 4357 1515 4418 ut

379 4448 560 4528 ‚desistant
575 4472 596 4514 a
611 4452 766 4532 predictis
793 4459 826 4519 et
841 4455 916 4520 aliis
932 4455 1100 4523 fauoribus
1127 4458 1249 4523 eisdem
1266 4458 1454 4526 infidelibus
1470 4463 1515 4526 in-

399 4555 588 4640 pandendis,
604 4558 736 4624 studeat
750 4582 810 4644 pro
826 4565 1010 4631 reverentia
1026 4565 1098 4648 Dei,
1115 4587 1238 4651 sueque
1254 4566 1340 4649 fidei,
1356 4575 1390 4634 et
1405 4567 1515 4636 bonore

1589 4035 1594 4178 ,
