3108 5246
362 343 428 408 862
710 359 942 410 oncomoznr
961 345 1127 414 annasse.

360 522 449 588 nium
479 527 627 590 nostrum
657 521 801 606 sigillum
831 525 1037 607 presentibus
1068 524 1219 594 dommus
1251 521 1464 613 apponendum

360 630 482 698 Datum
501 630 686 699 Sandomiri
702 629 754 695 die
770 629 886 700 Sancti
901 633 1128 702 Bartholomei
1145 633 1313 722 Apostoli.

544 781 683 844 (Eredetie
696 781 870 850 bbrhirtytn
883 785 979 837 Thorn
991 786 1076 839 vairos
1089 787 1305 847 levtltariban.)

843 929 1002 941 ---—--—--

383 1234 413 1299 Ι.
431 1235 529 1318 Lajoa
545 1255 686 1321 mappas·
708 1233 893 1321 kirdlynak
909 1259 931 1300 o
948 1234 1102 1299 uelenozei
1125 1235 1345 1321 kiiztdrsoadp.
1369 1233 1466 1300 1349.ι

467 1390 566 1459 Anno
583 1391 845 1460 MOOOXLIX
856 1392 908 1460 die
925 1394 1040 1461 ultimo
1056 1405 1175 1461 mensis
1185 1393 1342 1481 Augusti,
1351 1393 1473 1460 secunde

360 1499 556 1568 indictionis,
572 1497 668 1584 Quod
683 1499 727 1567 ad
737 1501 865 1568 litteras
877 1502 1000 1569 domini
1010 1503 1113 1588 Regis
1122 1503 1305 1588 Hungarie,
1316 1522 1473 1586 quasnunc

360 1611 551 1694 recepimus,
566 1609 803 1696 respondeatur
819 1612 853 1676 in
868 1611 933 1676 bac
947 1610 1063 1678 forma.

468 1714 586 1802 Capta.
615 1717 721 1801 Regie
745 1719 932 1786 Maiestatis
956 1719 1089 1786 litteras
1111 1719 1210 1786 sclito
1235 1717 1356 1786 affectu
1370 1717 1473 1782 mentis

360 1827 567 1913 inspeximus
584 1849 721 1910 quanrm
732 1830 830 1894 series
840 1828 966 1912 Regale
976 1829 1179 1913 propositum
1188 1828 1229 1892 de
1239 1827 1433 1894 transeundo
1446 1823 1473 1888 in

360 1937 514 2020 Regnum
531 1934 642 2002 Sicilie
658 1937 831 2003 nunciavit.
857 1934 915 2003 Ad
931 1957 1042 2002 earum
1060 1936 1192 2019 quidem
1208 1935 1392 2020 significata
1405 1931 1473 1998 ridi·

360 2065 432 2110 mus
457 2043 709 2127 rescribendum,
720 2045 808 2128 quod
824 2045 858 2110 id
873 2044 1063 2128 precipuum
1073 2049 1268 2127 gratumque
1284 2041 1378 2110 valde
1394 2040 1475 2106 senti·

360 2174 440 2235 mus,
470 2152 548 2236 quia
578 2151 716 2234 Regalis
740 2149 907 2219 Serenitas
931 2158 1018 2232 tunc,
1043 2173 1116 2217 cum
1140 2152 1315 2218 transitum
1339 2151 1413 2216 tecit
1427 2169 1476 2232 per

359 2266 492 2326 tenutas
508 2265 544 2326 et
569 2259 712 2325 dominia
735 2266 859 2342 nostra,
883 2260 1041 2327 honorem
1067 2265 1101 2326 et
1125 2261 1344 2325 reverentiam
1358 2258 1475 2339 recepit,

361 2369 417 2452 qui
433 2367 594 2434 decebant
608 2366 747 2450 Regiam
763 2367 982 2434 Maiestatem.
998 2367 1087 2434 Nam
1102 2367 1136 2432 id
1160 2368 1252 2433 cordi
1267 2365 1476 2451 principaliter

361 2477 460 2542 situm
485 2475 670 2557 habuimus,
686 2476 720 2540 in
737 2476 874 2560 singulis
889 2475 970 2542 loeis
996 2477 1167 2554 nostriset
1183 2474 1266 2542 alibi
1281 2473 1474 2540 Maiestatem

359 2581 501 2667 Regiam
515 2582 638 2649 bonore
653 2602 781 2667 semper
796 2587 830 2648 et
844 2585 1033 2650 reverencia
1048 2583 1164 2649 colere.
1181 2582 1345 2666 Optamus
1354 2599 1475 2665 qnoque,

359 2697 397 2756 nt
412 2696 586 2776 conceptus
597 2690 786 2756 Maiestatis
796 2690 910 2775 Regie,
926 2697 960 2757 et
977 2691 1037 2773 ria,
1048 2713 1147 2776 quam
1162 2692 1292 2776 paratis
1301 2692 1335 2755 in
1345 2688 1473 2774 proximo

359 2797 392 2862 in
409 2798 562 2882 Regnum
574 2796 693 2883 Sicilie,
707 2819 874 2864 successus
890 2797 1001 2865 felices
1017 2800 1195 2881 inveniant,
1205 2806 1238 2864 et
1247 2797 1345 2863 finem
1359 2796 1472 2862 beatum

360 2907 540 2990 acquirant
557 2905 710 2972 Ceterum
719 2903 963 2973 Ambaaatores
978 2913 1117 2988 nostros,
1127 2907 1318 2972 visitaturos
1334 2904 1472 2970 Maiesta-

359 3017 426 3078 tem
440 3011 581 3096 Regiam
596 3034 636 3078 ex
650 3013 868 3079 insinuatione
882 3014 1130 3098 precedeneium
1154 3013 1343 3078 litterarum
1365 3017 1472 3076 nostra-

359 3141 441 3206 rum,
458 3123 597 3188 sensisse
621 3123 730 3206 potuit
754 3121 862 3206 Regia
887 3119 1056 3188 Serenitas
1072 3142 1143 3188 esse
1157 3127 1304 3205 paratos,
1320 3139 1396 3208 quos
1410 3123 1473 3182 tnnc

358 3227 402 3294 ad
416 3229 617 3312 presenciam
633 3229 773 3314 Regiam
798 3232 908 3296 venire
922 3230 1160 3311 mandabimus,
1176 3250 1249 3295 cum
1264 3228 1371 3294 locum
1385 3225 1472 3290 deter-

262 3401 273 3416 ,
358 3336 518 3402 minatum
533 3343 703 3422 ettempus
719 3343 832 3421 aptum
842 3338 950 3422 Regia
959 3338 1118 3404 Maiestas
1134 3359 1193 3422 per
1209 3339 1326 3403 missos
1340 3333 1389 3403 vel
1401 3333 1472 3398 litte

359 3462 414 3508 ras
430 3441 595 3510 indicabit.

494 3592 530 3656 (A
545 3593 655 3643 ›Misia‹
670 3593 760 3645 eninm
773 3594 911 3646 relenezei
925 3593 1088 3659 allamktiny
1101 3593 1189 3645 XXV.
1204 3590 1367 3650 nunnoni.)

843 3733 1002 3742 n———n--ffl

890 3900 963 3964 293.

382 4057 408 4123 I.
426 4060 526 4146 Lajoa
541 4082 678 4146 braggar
701 4060 883 4148 birrilynolc
901 4085 922 4125 α
949 4061 1103 4126 uclenczei
1127 4061 1350 4148 biiatdrsascig.
1376 4059 1457 4125 1349.

466 4216 566 4283 Anno
582 4216 844 4286 MOOOXLIX.
871 4220 922 4284 die
939 4219 1065 4286 decimo
1082 4218 1297 4305 Septembris,
1310 4220 1472 4287 indictione

363 4326 474 4390 tercia.
492 4324 652 4408 Capta:
670 4326 757 4408 qnod
773 4327 817 4393 ad
832 4329 960 4393 litteras
977 4328 1100 4393 domini
1117 4327 1222 4413 Regis
1239 4326 1408 4412 Hungarie
1423 4345 1475 4391 ros·

363 4431 547 4516 pendentur
562 4434 595 4497 in
610 4433 671 4499 hac
687 4432 809 4502 forma:
1321 4455 1336 4464 ‘

468 4541 749 4612 Excellentissime
765 4543 838 4610 Rex
855 4549 887 4611 et
903 4543 1062 4638 Princeps
1078 4543 1233 4620 Illustris.
1249 4545 1394 4614 Litteras
1416 4540 1475 4620 Mn·
