3166 5256
5 4 64 457 l
579 365 674 427 1344.
1143 365 1187 426 49

5 463 8 632 Ι
91 537 209 604 offerent
224 561 255 604 se
271 539 308 619 ei,
324 540 408 602 siout
423 538 563 604 viderint
577 539 740 622 expedire,
757 545 789 603 et
806 539 872 604 sint
882 539 1001 604 soliciti
1011 538 1189 605 rescribere

5 637 8 744 l
89 645 174 729 nobis,
188 667 381 729 quecumque
396 646 571 712 habuerint
585 653 617 711 et
633 645 779 728 fecerint,
804 653 836 710 et
853 667 947 711 suum
964 645 1144 712 eonsilium.

175 809 207 868 (A
220 809 325 858 ›misti‹
340 808 430 858 czimll
443 809 579 858 velenezei
592 809 818 871 ellamkenyvbol
832 808 921 858 xxn.
936 809 992 858 ln'it.
1008 813 1050 858 66.
1065 809 1127 870 lev.)

546 987 704 998 ”sau—..—

600 1241 651 1302 53.

134 1402 235 1482 «Ιάηοε,
253 1398 385 1486 Nelipoe
398 1397 606 1484 qrdsfldnolc
622 1400 781 1484 kllvetetqe
802 1399 833 1463 V
830 1392 1008 1464 eleoczeben
1036 1403 1129 1466 1344.

5 1631 7 1638 ‚
172 1559 264 1625 Anno
280 1555 539 1626 MGOOXLIV.
571 1557 622 1622 die
649 1558 733 1624 XX.
765 1556 858 1624 Julii.
890 1555 1054 1641 Cepis:
1082 1558 1189 1643 Super

5 1693 6 1736 ἢ
82 1667 232 1730 ambaxste
247 1664 385 1730 Comitis
400 1662 564 1728 Johannis
580 1664 718 1730 condem
750 1663 889 1756 Comitis
905 1663 1046 1748 Neliptii
1065 1666 1188 1754 eligen-

5 1813 7 1858 ;
81 1781 126 1838 tur
137 1781 196 1838 tres
223 1775 385 1857 sapientes
415 1794 474 1856 per
498 1779 565 1836 tres
592 1792 707 1837 manus
732 1773 935 1856 electionum,
961 1773 1112 1838 videlicet
1127 1797 1186 1857 per

5 1929 7 1934 -
81 1901 163 1945 unam
176 1903 228 1965 per
238 1881 423 1962 Dominum,
434 1876 648 1945 Oonsilisrios
664 1884 698 1943 et
714 1876 843 1962 Capite,
859 1885 893 1944 et
908 1901 967 1963 per
982 1878 1063 1945 duas
1081 1882 1114 1944 in
1125 1882 1186 1948 isto

5 1981 7 2038 l
82 1985 212 2072 Consilio,
225 1991 281 2073 qni
297 1990 377 2054 dent
391 1988 486 2052 nobis
503 2007 597 2051 suum
622 1987 790 2053 consilium
824 2009 921 2072 super
937 1989 1017 2072 ipss,
1033 2011 1105 2055 cum
1122 2013 1187 2074 quo

5 2143 6 2148 η
81 2097 182 2161 erimus
196 2097 253 2176 hie,
269 2103 303 2162 et
318 2095 384 2175 fiet,
407 2096 491 2160 sicut
522 2093 695 2176 videbitur,
726 2101 759 2160 et
784 2096 921 2179 quilibet
945 2099 1049 2180 possit
1063 2119 1186 2182 ponere

5 2205 6 2252 ἒ
80 2211 195 2284 partem,
210 2211 241 2268 et
257 2209 390 2268 vocetur
406 2203 574 2266 eonsilium
591 2202 653 2268 sub
670 2223 753 2286 pena
770 2199 948 2270 solidorum
968 2203 1014 2269 X.
1030 2205 1075 2270 Et
1092 2227 1185 2290 expe·

5 2351 7 2380 ι
79 2309 156 2374 (liant
169 2333 200 2375 se
222 2332 324 2394 usque
349 2310 391 2376 ad
417 2309 501 2375 diem
517 2309 611 2374 Jouis
636 2310 818 2392 proximum
843 2319 921 2395 post
935 2333 1053 2378 nonem
1069 2313 1109 2376 ‹le
1125 2335 1184 2379 suo

5 2435 6 2466 1
79 2419 199 2484 consilio.

166 2583 198 2642 (Δ
211 2582 319 2632 ›Minu‹
334 2581 423 2630 ozimt
436 2579 572 2631 velenczei
585 2579 811 2644 enamkunyvnol
832 2581 923 2632 XXII.
935 2581 992 2631 kltt.
1009 2586 1050 2632 76.
1063 2581 1127 2645 lev.)

539 2779 697 2789 ——n——-

590 3013 641 3074 54.

6 3149 7 3158 .
77 3175 102 3237 A
117 3177 253 3240 velenczei
271 3171 617 3259 leorrndnytancicenak
628 3171 839 3234 inreztedtni
855 3195 874 3234 o
892 3170 1031 3234 tininiao'
1044 3172 1182 3259 profedq

439 3281 676 3344 bistosttctectra.
695 3281 788 3343 1344.

161 3443 254 3510 Anno
270 3439 526 3510 MCOOXLIV.
543 3439 596 3504 die
613 3437 696 3502 XX.
728 3437 821 3503 Julii.
851 3437 1052 3504 Examinete
1069 3439 1180 3504 ambs·

7 3543 9 3570 ³
72 3557 135 3616 xnte
150 3553 290 3637 exposite
305 3571 366 3634 pro
381 3553 476 3631 parte
492 3546 622 3612 domine
648 3543 824 3613 Vedislsve
850 3544 958 3627 relioe,
983 3554 1016 3611 et
1041 3546 1180 3612 Comitis

7 3683 8 3686 ¹
71 3657 211 3726 lobannis
226 3661 304 3726 olim
320 3658 380 3724 lilii
394 3657 530 3740 Egregii
555 3656 616 3720 viri
644 3653 784 3738 Noliptii
811 3651 948 3718 Comitis
967 3653 1088 3734 'finini
1106 3677 1179 3720 con·

7 3757 9 3842 l
71 3767 161 3835 suluut
174 3768 377 3836 concorditer
393 3765 576 3848 sepientes:

7 3871 8 3882 ’
158 3877 276 3963 Capta:
294 3875 391 3961 Quod
408 3871 644 3957 respondeatur
659 3868 878 3936 Ambsxatori
889 3870 1036 3954 predicto
1047 3871 1176 3937 domine

8 3993 10 4066 ζ
52 4032 57 4043 .
71 3988 96 4048 et
105 3983 158 4050 filii
171 3987 226 4068 sui,
241 3986 383 4070 qualiter
399 4004 456 4047 nos
481 3987 633 4064 optantes
666 3985 789 4044 statum
813 3979 983 4062 pacificum
1000 3984 1033 4042 et
1049 3999 1178 4043 conser-

8 4077 10 4158 l
69 4094 206 4160 ustionem
220 4096 322 4180 ipsius
337 4093 465 4158 domine
482 4098 514 4154 et
531 4088 668 4154 Comitis
685 4086 742 4151 filii
758 4087 808 4152 sui
825 4109 863 4152 sc
879 4087 1024 4152 locorum
1036 4106 1176 4167 suorum,

8 4185 9 4234 ³
67 4205 235 4278 grauitatem
252 4211 285 4269 et
301 4199 542 4285 displicentiam
559 4195 755 4279 sumpsimus
781 4196 822 4260 ‹le
839 4195 993 4276 novitate,
1010 4215 1110 4276 quum
1128 4195 1174 4260 in·

8 4323 10 4398 q
66 4309 223 4376 tellenimus
239 4311 321 4377 uelle
336 4309 409 4375 fieri
426 4313 539 4374 eontra
555 4326 619 4388 eos,
635 4312 668 4370 et
694 4311 869 4387 propterea
896 4302 1040 4368 seribere
1065 4305 1176 4386 provi·

8 4399 10 4480 l
65 4413 151 4481 <limus
164 4442 220 4502 per
235 4419 364 4484 litteras
381 4424 511 4481 nostras
527 4421 558 4478 et
576 4415 779 4482 committere
806 4410 1002 4474 Rectoribus
1020 4417 1053 4475 et
1068 4412 1173 4477 fideli-

8 4487 11 4550 l
64 4519 111 4588 bus
125 4527 234 4592 nostris
251 4523 417 4604 Sleuonie‚
442 4523 523 4586 sient
540 4520 621 4585 alies
652 4518 797 4597 fecimus,
814 4520 852 4581 ut
868 4516 1032 4581 dominam
1048 4519 1177 4601 predio·

101 4658 188 4702 nonu.
204 4665 286 4700 nnus.
302 4662 373 4698 mer.
389 4667 433 4679 -
448 4657 518 4694 nc‘rn
533 4657 593 4693 uxr.
610 4657 641 4694 11.
1047 4631 1069 4690 4
