3214 5260
381 341 447 419 446
739 367 973 420 preconiorum
990 348 1158 422 anabuns.

381 541 460 614 tere,
476 539 510 598 et
525 532 751 599 nichilominus
769 532 936 599 destinare
953 534 995 600 ad
1011 535 1164 618 Regnum
1175 537 1282 621 ipsum
1293 535 1498 620 aliquosriros

381 640 515 726 probos
531 641 682 707 timentes
697 642 815 724 Deum,
832 647 864 706 et
879 642 913 706 in
928 641 1001 726 lege
1026 641 1128 726 ipsius
1144 644 1272 726 plenius
1288 643 1439 727 eruditos,
1453 645 1500 726 qui

380 748 576 815 venerabilis
593 748 709 815 fratris
732 750 840 814 nostri
855 750 1082 816 Bartholomei
1097 752 1253 836 Episcopi
1276 751 1501 836 Traguriensis,

382 855 503 922 dudum
521 857 554 920 in
571 858 721 940 partibus
738 856 803 920 illis
819 853 1013 940 Apostolice
1030 855 1123 923 Sedis
1140 859 1273 942 Nuucii,
1288 857 1435 938 feliciter,
1442 856 1501 922 iau·

381 969 455 1030 ente
471 964 623 1046 Domino,
648 963 809 1029 inchoatis
840 963 994 1046 operibus
1009 967 1251 1046 prosecutionis
1268 965 1433 1031 adicerent
1447 974 1501 1031 stu.

383 1070 473 1136 dium
485 1096 492 1153 ;
504 1094 562 1155 per
574 1071 659 1155 quod
671 1073 713 1138 ad
730 1078 878 1156 optatum
890 1073 1145 1155 perducerentur
1155 1074 1502 1158 exitumdignaremur.

381 1178 543 1261 Idemque
561 1177 794 1262 Traguriensis
818 1180 1012 1262 Episcopus,
1028 1181 1119 1246 cuins
1144 1180 1301 1247 relatibus
1318 1180 1460 1246 adhiberi
1475 1180 1504 1244 fi-

383 1289 456 1354 dem
468 1310 526 1371 per
539 1287 668 1353 easdem
681 1288 812 1353 litteras
821 1287 955 1370 petiisti,
965 1287 1060 1353 nobis
1070 1291 1227 1372 exposuit,
1243 1290 1330 1372 quod
1345 1296 1381 1356 tu
1395 1289 1502 1374 populo

382 1392 576 1460 Christiano
592 1394 735 1478 partium
747 1393 893 1460 Orientis
910 1415 1007 1477 super
1023 1393 1256 1461 afflictionibus
1269 1403 1303 1462 et
1318 1398 1503 1480 persecutio·

380 1503 476 1569 nibus
510 1504 609 1584 darie,
637 1503 753 1586 quibus
770 1523 825 1566 eos
842 1501 1047 1569 'sarchorum
1064 1501 1154 1569 suror
1170 1507 1320 1572 immanis
1336 1506 1504 1571 indesinen-

381 1618 434 1675 ter
452 1613 617 1692 angariat,
633 1612 757 1676 viscera
773 1611 906 1693 pietatis
917 1609 1022 1696 Regie
1032 1612 1075 1676 ad
1092 1616 1347 1698 compassionem
1357 1615 1504 1698 aperiens,

383 1720 475 1784 etad
493 1718 652 1803 opprobia
677 1718 945 1802 exprobrantium
970 1720 1094 1784 nomini
1112 1719 1300 1787 Christiano
1316 1721 1466 1800 tollenda,
1479 1727 1505 1784 et

382 1825 602 1892 auferendum
632 1825 789 1908 perfidam
802 1830 933 1909 gentem
944 1825 1146 1900 credentium
1158 1829 1197 1894 de
1210 1828 1324 1894 finibus
1335 1830 1505 1895 accendens

381 1934 483 1999 animi
499 1933 548 1999 tui
564 1933 679 2015 zelum,
696 1939 728 1997 et
745 1934 890 1997 excitans
906 1935 1087 2015 potentiam
1104 1935 1209 2018 Regia
1221 1937 1415 2021 dignitatis:
1432 1936 1504 2001 desi·

383 2040 523 2106 derabas
550 2039 591 2105 ab
624 2039 738 2104 eadem
763 2039 914 2105 Ecclesia
938 2048 1043 2106 matre
1058 2049 1117 2106 tua
1133 2047 1246 2108 contra
1264 2041 1413 2108 Tarchos
1429 2044 1505 2127 ipsos

384 2148 588 2232 Capitaaeus
604 2147 762 2227 ordinari,
777 2155 812 2212 rt
829 2147 932 2231 ipsius
942 2148 1091 2214 Ecclesie
1109 2150 1271 2232 spirituali
1282 2150 1413 2216 adiutus
1427 2151 1505 2215 auxi·

386 2255 432 2320 lio
449 2262 482 2320 et
505 2254 649 2319 directus
676 2253 820 2336 consilio,
837 2255 870 2319 in
895 2257 1013 2321 virtute
1031 2255 1206 2338 Altissimi,
1222 2259 1277 2342 qui
1293 2259 1356 2342 piis
1372 2258 1462 2324 lauet
1474 2257 1505 2322 li-

385 2365 502 2429 benter
519 2363 679 2447 operibus,
690 2384 822 2445 gregem
833 2363 966 2428 Domini
992 2366 1107 2448 ipsum,
1132 2365 1283 2431 videlicet
1297 2366 1458 2451 populum,
1471 2367 1504 2431 de

384 2471 534 2555 luporum
548 2470 734 2549 eorundem,
745 2471 869 2536 scilicet
879 2470 1093 2555 Trtrchorum,
1103 2472 1250 2539 faucibus
1259 2480 1412 2558 potenter
1427 2497 1504 2540 erue-

380 2603 442 2662 reS,
468 2587 500 2645 et
525 2580 695 2645 subactum
711 2581 788 2660 iugo
804 2580 997 2645 miserabilis
1022 2582 1188 2646 seruitutis
1213 2581 1437 2649 Christianam
1459 2582 1504 2647 ab·

381 2689 524 2754 solueres
550 2687 750 2754 libertatem.
782 2685 910 2770 Quibus
936 2687 1083 2753 omnibus
1107 2689 1284 2755 intellectis
1316 2692 1378 2758 stb.
1396 2691 1502 2776 (eidem

382 2797 548 2879 Episcopo
566 2793 795 2877 Traguriensi)
812 2794 1029 2860 venerabilem
1045 2795 1180 2860 fratrem
1205 2804 1355 2864 nostrum
1379 2799 1502 2865 Petrum

381 2905 582 2986 Episcopum
608 2901 802 2966 Pactensem
830 2901 892 2966 stb.
909 2902 1057 2970 dedimus
1073 2905 1196 2969 socium
1213 2905 1276 2972 stb.
1293 2905 1503 2991 Quapropter,

382 3010 602 3076 Serenitatem
620 3009 726 3074 Tuam
742 3031 909 3076 monemus
925 3012 986 3077 stb.
1003 3019 1165 3094 quatenus
1188 3013 1319 3079 eosdem
1335 3015 1505 3098 Episcopos

382 3141 442 3204 pro
460 3124 574 3184 nostra
590 3125 624 3183 et
639 3117 832 3202 Apostolice
850 3117 945 3183 Sedis
956 3108 1137 3186 reverentia
1152 3120 1293 3206 benigne
1304 3124 1441 3206 recipias
1451 3121 1504 3186 stb.

385 3229 419 3292 in
435 3228 520 3292 bono
548 3232 734 3293 constanter
759 3248 858 3311 opere
882 3248 1105 3312 perseuerans,
1130 3229 1171 3294 ad
1196 3230 1299 3312 ipsius
1314 3229 1450 3296 feliciter
1466 3231 1504 3293 in·

382 3337 494 3401 clroati
522 3335 646 3414 negotii
672 3335 816 3400 votiuam
852 3336 1159 3402 consummationem
1186 3339 1233 3402 sic
1266 3336 1356 3403 velut
1379 3339 1505 3422 diligens

382 3450 536 3526 operator
554 3442 692 3508 solerter
708 3442 868 3523 intendas
885 3445 973 3528 quod
992 3443 1053 3510 stb.
1069 3445 1139 3528 ipse
1164 3445 1350 3512 retributor
1374 3447 1503 3511 omnium

381 3551 540 3616 bonorum
557 3549 659 3630 DeuS,
676 3551 766 3616 curius
783 3557 833 3614 est
849 3551 936 3616 idem
951 3552 1116 3634 negotium
1142 3554 1273 3636 proprie
1290 3555 1462 3638 proprium,
1476 3559 1505 3616 et

382 3660 434 3724 cui
451 3679 618 3740 nunquam
635 3658 705 3722 sine
722 3659 984 3724 remuneratione
1011 3660 1163 3738 semritur,
1180 3661 1326 3725 eiusdem
1343 3662 1448 3744 Regni
1462 3661 1503 3725 tui

382 3767 540 3831 terminos
557 3766 701 3849 ampliet,
718 3765 836 3831 dilatet
852 3766 942 3848 fines,
958 3767 1112 3832 tluonum
1129 3766 1326 3848 corroboret,
1344 3775 1504 3853 etsceptra

384 3874 562 3954 confirmet,
589 3893 629 3937 ac
653 3872 786 3938 tandem
810 3880 844 3937 tc
870 3874 1097 3956 subiectosque
1121 3873 1182 3939 tibi
1206 3875 1346 3958 populos
1376 3874 1504 3940 Celestis

389 3977 498 4064 Regni
515 3981 615 4045 saciat
642 3980 824 4063 coheredes
855 3977 991 4064 Nosque
1016 4002 1096 4046 non
1130 3980 1268 4046 solum
1300 3984 1343 4048 in
1373 3984 1503 4048 huius·

381 4088 498 4154 modi
517 4087 856 4171 Capitoneatus
874 4087 1503 4175 officio,sedinquibuscunquealiis

382 4196 525 4261 honestis
542 4204 576 4260 et
591 4195 690 4260 licitis
708 4204 784 4263 rota
799 4203 865 4279 tua,
876 4201 1033 4280 quiantum
1050 4219 1122 4262 cum
1131 4197 1202 4262 Deo
1212 4200 1398 4281 poterimus
1407 4199 1502 4283 Apos-

381 4305 490 4368 tolieis
507 4303 674 4368 fauoribus
691 4326 938 4388 prosequamur.
954 4303 1079 4372 Datum
1096 4305 1257 4371 Arinione
1274 4306 1340 4371 IX.
1358 4305 1502 4373 kalendas

385 4412 411 4480 J
413 4413 547 4476 anuarii
562 4411 780 4478 Pontificatus
797 4414 901 4478 nostri
917 4435 1002 4479 anno
1020 4414 1171 4479 secunda.

702 4601 706 4613 ι
732 4542 791 4603 (vl.
802 4543 883 4592 Incze
897 4543 969 4606 pripa
982 4544 1172 4608 regestaibbl.)
