3110 5248
389 355 452 437 aad
738 347 973 432 nrrnonncziai
989 354 1156 430 rucanas.

386 523 652 634 impedimentum
678 545 727 612 vel
747 545 965 624 obstaculum,
983 543 1225 629 respondeatur
1240 561 1301 626 per
1317 545 1440 607 nostros
1454 535 1501 606 Sa·

386 659 521 744 pientes,
546 656 634 741 quod
659 661 833 742 postquam
857 651 978 718 crimus
995 653 1028 718 in
1044 653 1131 719 bona
1147 671 1238 738 pace,
1256 671 1365 718 secum
1381 649 1500 714 intendi·

388 787 460 832 mus
476 764 567 832 illam
583 784 643 848 pro
654 768 750 848 parte
767 766 880 830 nostra
894 760 1134 828 inviolabiliter·
1144 759 1330 839 observare,
1345 755 1501 824 dummodo

387 894 447 960 pro
463 877 557 956 parte
574 869 640 938 Sue
656 869 845 938 Maiestatis
864 868 959 934 nobis
976 868 1127 936 similiter
1144 867 1356 947 observetnr3
1373 871 1405 932 et
1421 884 1502 949 super

388 983 449 1048 hoc
474 985 597 1066 puncto
613 981 736 1046 instent
756 985 788 1044 et
803 977 928 1045 faciant
943 979 1045 1046 nostri
1063 976 1236 1063 Sapientes
1253 981 1412 1061 qnantum
1425 979 1502 1058 pote·

388 1093 476 1171 runt,
500 1086 588 1172 quod
613 1086 692 1152 dicti
708 1083 949 1152 Ambaxatores
967 1086 1009 1151 de
1028 1085 1210 1151 huiusmodi
1227 1084 1435 1168 responsione
1450 1081 1502 1146 sint

1548 445 1550 528 i

389 1195 545 1265 contenti.
570 1193 636 1262 Sed
661 1195 688 1260 si
714 1194 844 1261 omnino
869 1200 901 1258 et
931 1190 1074 1260 finaliter
1091 1196 1174 1259 seire
1199 1191 1322 1257 vellent
1338 1190 1452 1257 clarius
1465 1191 1502 1255 in·‘
1548 1249 1550 1260 n

388 1306 566 1373 tentionem
594 1309 740 1371 nostram
768 1321 864 1388 snper
882 1303 953 1386 hoc,
967 1309 1045 1370 tunc
1069 1301 1298 1387 respondeant,
1324 1301 1409 1385 qnod
1435 1300 1502 1366 siem

389 1413 455 1482 iam
471 1412 620 1494 diximus,
635 1411 834 1478 intendimus
844 1432 904 1496 pro
915 1418 1010 1495 parte
1026 1419 1140 1478 nostra
1154 1409 1278 1477 habere
1294 1409 1328 1476 in
1345 1431 1422 1476 casu
1438 1428 1501 1492 qno

389 1519 472 1589 libet
482 1542 555 1587 cum
571 1521 749 1587 Maiestate
766 1517 834 1585 Sua
853 1518 1106 1585 benivolentiam
1123 1525 1156 1584 et
1172 1539 1326 1603 amorem,
1342 1525 1374 1584 et
1388 1524 1501 1603 propte·
1549 1541 1550 1546 ¹

390 1651 447 1696 rea
472 1629 619 1708 dicimus,
645 1629 734 1711 quod
759 1634 932 1713 postquam
959 1631 1078 1694 erimus
1103 1630 1137 1694 in
1163 1648 1274 1694 amore
1294 1632 1327 1692 et
1343 1625 1499 1693 concordia
1548 1643 1550 1716 ὲ

391 1759 510 1818 secum,
535 1741 568 1803 et
591 1737 674 1803 Eius
690 1735 859 1816 Maiestas,
877 1738 962 1802 sicut
977 1741 1011 1802 et
1027 1759 1086 1802 nos
1101 1735 1210 1801 iacere
1225 1734 1430 1815 intendimus,
1442 1755 1500 1818 per-
1548 1717 1550 1794 l

392 1841 557 1913 severabit
582 1845 614 1910 in
640 1863 721 1929 pace
737 1843 895 1928 predicta,
915 1864 973 1909 nos
987 1862 1053 1908 non
1068 1840 1283 1925 impediemus
1298 1861 1359 1906 nos
1374 1841 1406 1906 in
1420 1839 1499 1906 factis
1548 1877 1550 1930 3

293 2031 296 2038 1
392 1953 519 2032 alienis,
535 1957 569 2017 et
584 1952 657 2018 ideo
673 1950 873 2016 transeundo
885 1949 1007 2033 absque
1021 1950 1143 2014 lesione
1158 1957 1274 2015 nemra
1289 1951 1418 2032 poterit,
1432 1949 1500 2015 dent

391 2059 539 2140 voluerit,
556 2058 663 2125 facere
678 2058 769 2124 facta
785 2080 852 2125 sua.

497 2165 570 2232 Die.
586 2165 647 2236 IV.
658 2166 811 2250 Augusti.
828 2165 986 2251 Capta:
1005 2164 1101 2249 Quod
1117 2168 1342 2233 committatur
1358 2163 1500 2250 Sapienti·
1548 2133 1550 2214 f

391 2276 460 2358 bus,
485 2276 572 2360 qnod
597 2276 733 2343 redeant
759 2275 802 2342 ad
828 2276 906 2341 istos
931 2273 1184 2358 Ambaxatores,
1209 2281 1243 2340 et
1268 2281 1447 2359 procurent,
1462 2273 1499 2338 in·

391 2389 478 2450 stent
494 2389 528 2449 et
543 2385 621 2451 dent
637 2404 762 2450 omnem
778 2404 922 2468 operam,
932 2384 1267 2467 quodcontentcnt-ur,
1284 2385 1369 2467 quod
1385 2386 1415 2449 in
1430 2390 1498 2449 trau·
1548 2407 1550 2476 3

390 2495 463 2576 guis
489 2499 629 2577 ponatur
653 2489 771 2558 Gomes
797 2491 921 2558 Paulus
947 2514 1019 2558 cum
1044 2493 1134 2574 locis,
1149 2499 1333 2576 quetenet;
1349 2501 1380 2559 et
1396 2494 1419 2558 si
1434 2491 1498 2557 fina-

390 2601 467 2667 liter
478 2608 509 2666 et
525 2602 654 2667 omnino
670 2601 733 2666 hoc
750 2600 899 2666 obtinere
915 2623 980 2666 non
999 2609 1132 2686 possent
1140 2601 1262 2684 taliter,
1278 2600 1365 2685 qnod
1380 2601 1497 2687 amplius
1548 2625 1550 2654 ³

389 2730 455 2772 non
480 2715 651 2791 sperarent
674 2729 769 2792 posse
785 2729 840 2774 eos
868 2709 1024 2774 reducere
1048 2706 1092 2774 ad
1117 2707 1334 2774 intencionem
1358 2717 1495 2784 nostram,
1548 2709 1550 2794 ᾗ

370 2822 558 2881 'remaneat
587 2816 620 2881 in
646 2815 800 2882 libertate
830 2815 973 2900 Domini,
995 2815 1277 2898 Consiliariorum,
1303 2817 1444 2903 Capitnm
1464 2817 1497 2881 dc

392 2921 469 2988 XL.
495 2921 702 3007 Sapientium
730 2929 764 2988 et
788 2925 921 2991 maioris
947 2927 1052 3009 partis
1077 2925 1271 2990 licenciandi
1291 2948 1345 2991 eos
1365 2948 1429 2991 crim
1443 2925 1496 2989 illis
1548 2929 1550 2956 ³

391 3032 497 3098 uerbis
523 3033 795 3116 convenientibus,
812 3055 875 3116 que
891 3023 1095 3117 videbuntur,
1111 3043 1143 3100 et
1159 3037 1205 3101 sic
1221 3042 1253 3102 ct
1268 3037 1395 3121 quando
1410 3037 1450 3103 eis
1463 3033 1496 3099 ai·
1546 3033 1550 3040 “

391 3139 528 3204 debitur.
552 3138 678 3207 Verum
704 3142 732 3206 si
757 3141 799 3206 ab
830 3142 877 3206 eis
906 3142 1084 3207 haberetur
1101 3142 1192 3209 aliud
1208 3142 1248 3208 de
1263 3165 1358 3226 novc,
1373 3145 1497 3211 veniatur

393 3247 435 3312 ad
451 3247 539 3311 istud
556 3247 746 3333 Consilium,
763 3255 796 3314 et
813 3247 877 3330 liet,
894 3250 979 3314 sicut
994 3247 1156 3317 videbitur
1172 3251 1298 3318 melius.

499 3353 624 3438 Capta:
651 3353 746 3438 Quod
771 3357 806 3422 in
832 3377 918 3438 casu,
945 3379 1009 3440 quo
1035 3359 1090 3424 isti
1107 3357 1352 3427 Ambaxatores
1368 3357 1495 3426 recedant

390 3461 461 3526 sine
477 3463 659 3544 concordio,
683 3463 854 3547 Dominus,
871 3462 1070 3548 Consiliarii,
1088 3463 1210 3551 Capita
1225 3474 1260 3533 et
1276 3467 1442 3553 Sapientes
1454 3467 1495 3532 ha·
1546 3445 1550 3556 ’ξ

391 3569 491 3634 beant
508 3569 693 3634 libertatem
710 3592 768 3655 per
784 3574 942 3637 maiorem
959 3580 1087 3657 partem
1104 3595 1216 3642 eorum
1234 3578 1394 3644 scribendi
1410 3575 1494 3642 Conni·
1548 3611 1550 3630 ι

384 3676 478 3742 tibus
503 3676 625 3743 nostris
642 3675 799 3761 Tragurii
815 3687 847 3745 et
866 3677 1003 3763 Spaleti,
1023 3683 1080 3766 qui
1094 3683 1280 3750 habuerunt
1295 3708 1353 3770 pre
1369 3682 1493 3751 manibus
1544 3699 1550 3766 ,ς

390 3785 456 3848 ista
480 3783 571 3849 facta
597 3781 734 3850 Comitis
759 3785 866 3872 Pauli,
891 3787 975 3872 quod
1004 3789 1067 3873 ipsi
1086 3812 1160 3856 cum
1178 3791 1299 3859 litteris
1316 3792 1429 3860 nostris
1443 3809 1493 3856 cre

390 3889 539 3955 dulitatis
555 3892 772 3974 personaliter
798 3896 863 3960 sint
878 3917 951 3962 cum
968 3896 1096 3965 Oomite
1112 3900 1227 3984 Paulo,
1258 3903 1451 3970 notificantes
1463 3895 1491 3976 ei,
1548 3897 1550 3910 ¹

390 3997 424 4061 in
450 4019 514 4080 quo
531 4006 652 4082 puncto
667 3989 890 4084 remansimus,
910 4004 1065 4072 videlicet
1081 4005 1121 4074 de
1138 4029 1202 4074 non
1218 4010 1436 4077 concordando
1448 4025 1491 4070 nos
1548 4021 1550 4068 ὲ

393 4103 496 4170 solum
522 4108 707 4173 occassione
733 4107 813 4174 dieti
839 4110 987 4194 Comitis,
1018 4116 1107 4198 quod
1132 4123 1238 4182 totum
1264 4117 1395 4185 fecimus
1410 4103 1490 4181 solun
1548 4131 1550 4196 j

391 4230 451 4292 pro
477 4217 721 4282 conservatione
748 4217 849 4301 ipsius
875 4225 907 4286 et
923 4220 1068 4288 locorum
1086 4245 1228 4306 suorum,
1243 4225 1418 4293 inducendo
1432 4239 1488 4288 enm
1547 4205 1550 4238 ³

393 4315 434 4380 ad
460 4323 678 4396 constantiam
694 4331 726 4389 et
742 4325 947 4396 devotionem
965 4333 1069 4396 nostri
1084 4331 1241 4420 Dominii,
1257 4340 1407 4420 quantum
1420 4336 1491 4415 polt-
1549 4309 1550 4326 ἶ

392 4431 476 4489 runt.
492 4424 578 4492 Item
593 4431 831 4514 respondeatur
848 4434 970 4503 Comiti
985 4436 1091 4522 Noae,
1107 4432 1489 4524 recommendandoproni·
1548 4433 1550 4438 ’

393 4529 538 4599 dentiam
563 4558 654 4604 suam
681 4539 720 4606 de
746 4540 818 4624 hiis,
844 4565 906 4629 que
931 4545 1009 4612 fecit
1028 4570 1100 4614 cum
1117 4547 1247 4617 Gemite
1264 4550 1414 4636 Gregorio
1427 4543 1489 4612 Cor·
1549 4627 1550 4632 ἵ
