3220 5262
389 340 454 402 612
600 333 605 347 “
748 353 983 400 orraouucanu
1000 341 1161 400 auctura

391 523 500 580 nostre
511 538 519 594 3
530 516 682 598 volentes,
692 517 720 579 si
730 535 764 581 es
779 515 814 578 in
830 513 934 580 Ouria
949 514 1051 595 Regis
1066 513 1154 596 quod
1169 535 1224 580 eas
1240 520 1412 607 presentes,
1421 521 1448 579 et
1457 535 1495 578 re·

390 623 580 708 sponsiones
596 644 708 688 earum
723 643 877 706 procures
893 629 927 688 et
943 623 1063 688 mittes
1075 619 1111 688 Si
1126 629 1235 688 autem
1245 621 1444 702 recessisses
1456 641 1496 686 cr·
1587 607 1589 640 r

390 729 571 796 dicavimus
588 730 720 812 cursori,
736 731 825 814 quod
850 729 948 798 vadat
973 751 1046 796 oum
1063 731 1109 797 eis
1125 729 1167 796 ad
1184 730 1319 816 Regem,
1335 738 1369 797 et
1384 751 1495 814 respon·
1588 783 1589 828 ;

392 839 516 905 sionem
532 843 688 922 reportet
705 837 829 903 Datum
845 845 997 924 utsupra
1014 837 1127 924 (1364.
1144 839 1239 923 april.
1256 843 1325 924 29.)
1587 829 1589 836 ’

518 989 552 1050 (Α
569 987 669 1036 »Liber
682 986 873 1037 Secretorumc
889 987 980 1036 czimtt
994 987 1133 1037 velenczei
1147 989 1394 1052 ellamkiinyvbolp

920 1313 996 1375 448.

392 1472 418 1536 A
453 1473 605 1538 veieaczei
635 1473 776 1558 depensis
808 1474 833 1536 Ι.
866 1475 967 1559 Lajoe
997 1495 1140 1560 mcqycr
1171 1474 1286 1560 kirolp
1310 1498 1330 1538 a
1352 1472 1501 1558 judiciale
1587 1547 1589 1570 Ι

683 1582 959 1669 mepkciroaoddaa
979 1583 1126 1668 lippihec.
1146 1583 1241 1646 1364.
1587 1575 1589 1586 ⁴

499 1739 617 1808 Amice
633 1741 809 1807 carissime.
826 1741 975 1808 Litteras
992 1741 1086 1807 nobis
1102 1763 1163 1826 per
1178 1743 1297 1808 harum
1308 1741 1505 1807 exhibitorem
1588 1799 1589 1804 ,

328 1875 334 1888 ·
393 1850 545 1933 directae,
570 1857 603 1916 et
627 1851 726 1916 etiam
751 1851 880 1936 copiam
905 1849 1125 1935 responsionis
1152 1856 1259 1915 vestre
1289 1849 1378 1915 fideli
1406 1855 1505 1914 nostro
1587 1853 1589 1914 ἓ

391 1957 532 2025 Nicolao
558 1959 652 2024 Bano
679 1957 814 2024 Oroatie
831 1964 864 2023 et
879 1957 1048 2024 Dalmatie
1065 1958 1108 2023 ad
1124 1957 1284 2040 quasdem
1300 1959 1428 2023 litteras
1443 1975 1504 2021 sues
1587 2003 1589 2010 .

392 2066 489 2146 facte,
505 2066 675 2134 affectione
691 2067 788 2133 solita
803 2067 993 2151 recepimus.
1010 2067 1056 2132 Et
1075 2088 1173 2150 super
1190 2065 1241 2133 his
1258 2066 1397 2132 amicitie
1415 2071 1507 2131 vestre
1587 2079 1589 2118 i

384 2175 634 2260 respondemus,
658 2173 747 2259 quod
773 2175 813 2240 de
838 2174 1025 2258 hujusmodi
1056 2175 1268 2258 responsione
1300 2181 1408 2241 restra
1436 2175 1507 2240 hene

394 2289 641 2365 contentamur;
656 2288 805 2349 tenentes
828 2283 970 2364 indubie,
982 2283 1069 2367 quod
1084 2281 1234 2350 fidelibus
1250 2284 1372 2348 nostris
1388 2281 1510 2366 Symoni
1587 2277 1589 2292 ¹

394 2391 435 2457 de
459 2389 610 2458 Diacono
634 2397 669 2457 et
691 2390 840 2458 Johanni
867 2390 959 2457 Gelli
983 2392 1109 2458 civibus
1140 2391 1326 2458 Jadratinis
1358 2413 1397 2456 ex
1427 2397 1509 2476 parte
1587 2393 1589 2460 l

393 2505 584 2582 vestrorum,
616 2519 696 2583 quos
729 2505 879 2566 auctores
905 2499 1119 2584 dampnorum
1149 2519 1282 2566 suorum
1313 2500 1512 2583 reperieritis,
1588 2529 1589 2532 ¹

394 2608 587 2692 condignam
611 2606 807 2692 impendatis
833 2613 866 2672 et
890 2609 1012 2674 iustam
1039 2606 1307 2674 satisfactionem.
1324 2609 1413 2674 Data
1428 2605 1510 2672 Bude

394 2715 447 2781 die
464 2714 589 2782 decime
605 2719 747 2800 septima
762 2717 882 2782 mensis
899 2716 993 2782 Maii.

502 2827 615 2892 Kicttl.
631 2824 751 2890 Inclito
768 2823 897 2891 domino
908 2823 1087 2890 Laurentio
1098 2822 1187 2891 Celsi
1199 2825 1285 2892 Duci
1296 2823 1511 2903 Venetiarum,
1588 2809 1589 2856 3

395 2935 499 3000 amico
515 2939 629 3000 nostro
646 2932 842 3000 carissimo·
1588 2919 1589 2924 ἵ

501 3077 540 3148 (Α
564 3078 666 3142 »Copia
689 3079 723 3129 de
748 3079 991 3130 commemoriali«
1012 3079 1102 3128 czimtl
1116 3081 1256 3130 velenczei
1271 3080 1446 3144 illemlronyr
1459 3077 1513 3126 Vll.

399 3169 550 3220 klitetenek
564 3173 587 3220 1.
602 3168 747 3232 reszebttl.)

940 3313 1041 3322 .--—

921 3457 998 3519 449.

399 3619 436 3683 V.
462 3617 574 3682 Oricia
585 3623 680 3704 pcipe
697 3619 721 3680 I.
739 3619 838 3703 Lojoe
858 3642 999 3705 mapyer
1016 3619 1143 3706 ttrotpr
1157 3619 1222 3683 IV.
1238 3621 1367 3707 Koroly
1382 3623 1517 3696 reiecti-r,
1587 3623 1589 3640 ¹

396 3751 417 3790 α
443 3726 573 3791 sicilici
590 3726 762 3813 kirriiyecip
778 3728 811 3790 e'e
827 3750 866 3790 oz
883 3729 1016 3813 Epplrciz
1033 3729 1222 3814 ircioycibou
1238 3729 1369 3792 lciivetctt
1385 3732 1517 3793 toleriai-
1588 3801 1589 3812 χ

810 3835 857 3898 e'rt
874 3835 1004 3898 ‹licae‘ri
1023 3837 1118 3900 1364.

503 3993 658 4063 Vrbanus
677 3995 861 4078 Episcopus
873 4001 932 4060 etc.
943 3995 1111 4061 carissimo
1122 3996 1156 4059 in
1167 3994 1299 4063 Christo
1309 3997 1374 4063 filio
1386 3997 1519 4063 Lrulcri-
1587 3981 1589 4050 l

397 4123 434 4169 co
444 4100 531 4185 Regi
542 4100 689 4186 Vagarie
699 4102 830 4185 illustri,
841 4103 979 4168 salutem
989 4108 1049 4168 etc.
1068 4101 1183 4187 Nuper
1199 4103 1406 4172 Venerabilis
1421 4106 1520 4170 frater
1587 4063 1589 4218 1

396 4215 506 4274 noster
521 4209 641 4276 Petrus
657 4210 839 4295 Episcopus
854 4210 1063 4278 Florentinus
1079 4234 1100 4277 a
1116 4218 1174 4277 tua
1190 4233 1339 4278 reuersus
1354 4214 1522 4297 presentia
1588 4223 1589 4288 ᾖ

397 4319 1520 4403 capitulapaciaquamcumcarissimoinOhristofilioncstroOarolo

394 4426 619 4493 Romanorum
643 4428 849 4514 Imperatore
869 4429 1003 4513 Semper
1021 4429 1174 4515 Augusto
1198 4429 1270 4498 Tua
1286 4431 1411 4497 facerat
1427 4431 1521 4512 Mag-

396 4536 519 4621 nitudo,
545 4543 577 4602 et·
603 4537 643 4601 de
668 4557 734 4619 qua
759 4559 840 4621 pace
859 4540 920 4604 toti
940 4540 1062 4624 populo
1079 4539 1269 4605 Christiano
1285 4540 1424 4624 perutili,
1442 4541 1521 4604 sicut
