3220 5262
391 355 455 421 656
741 370 975 423 nrrtouuozrm
993 355 1160 424 sununs.

389 537 495 620 ipsum
510 534 658 619 emerint,
667 536 718 604 vel
732 536 799 602 alia
815 538 967 619 sequenti
981 538 1290 622 immediate,usque
1307 535 1351 603 ad
1370 554 1516 620 vesperas

391 644 451 710 sub
481 665 566 730 pena
596 645 776 712 solidorum
807 645 847 711 II
879 666 938 732 pro
969 645 1065 730 libra,
1095 654 1128 712 et
1146 645 1271 713 dictum
1286 651 1458 732 argentum
1474 646 1517 710 sio

391 750 608 837 ponderatum
634 774 698 820 non
723 755 872 838 accipere
896 754 947 819 vel
972 774 1101 820 movero
1126 754 1166 819 de
1191 775 1289 839 super
1313 754 1440 821 bancho
1456 752 1519 816 olfi-

391 861 520 928 cialium
559 862 698 946 argenti,
730 862 830 928 donec
861 860 950 928 sacta
980 862 1081 928 suerit
1112 863 1231 929 solutio
1262 863 1413 946 intregro
1443 861 1528 926 dicti

391 972 520 1052 argenti
535 971 570 1035 in
585 971 724 1054 pecunia
739 976 920 1037 numerata.
938 971 1001 1038 stb.

461 1117 497 1178 (A
513 1117 624 1166 ›uisci‹
639 1118 729 1168 caimtt
742 1118 883 1168 velencaei
896 1117 1126 1181 ullamkunyvbol
1140 1117 1257 1168 XXXII.
1272 1117 1330 1167 hot.
1348 1121 1408 1166 180.
1421 1116 1450 1178 l.)

872 1263 1034 1276 ——-

390 1569 417 1635 I.
443 1568 544 1656 Lojoo
567 1592 711 1656 mopyor·
726 1565 914 1655 kirdlynak
929 1569 1275 1656 mephatolmazuduya
1297 1569 1421 1634 Vilnros
1435 1567 1516 1652 ptest

308 1675 318 1686 ”
385 1681 517 1766 phapdk
541 1683 706 1756 szdmn‘ro,
722 1679 803 1764 hogy
820 1701 841 1741 a
858 1677 950 1764 haphe
966 1677 1184 1763 herczeqekkel
1200 1679 1386 1764 seductaiqet
1403 1677 1515 1742 kdthea-

864 1809 928 1850 sen.
947 1787 1012 1850 136
1017 1788 1042 1850 7.

497 1944 681 2012 Ludoricus
715 1945 781 2012 Dei
806 1947 921 2030 gracia
945 1945 1018 2012 Rex
1044 1945 1216 2030 Hungarie
1244 1952 1358 2014 notum
1384 1947 1514 2012 facimus
1600 1987 1602 1994 ,

389 2053 545 2118 uniuersis
570 2061 740 2138 presentes
764 2052 894 2120 litteras
919 2055 1124 2139 inspecturis,
1149 2057 1237 2140 quod
1253 2079 1313 2122 nos
1330 2057 1370 2123 de
1386 2056 1516 2121 circum·
1600 2103 1602 2110 ,

388 2161 574 2246 apertionis,
597 2161 673 2228 fidei
697 2168 731 2226 et
755 2163 935 2228 constantis
960 2163 1089 2230 virtutis
1108 2163 1271 2230 industria
1290 2162 1397 2228 fidelis
1419 2167 1515 2229 nostri
1601 2249 1602 2252 Ἴ

390 2267 501 2334 deuoti
517 2269 710 2336 venerabilis
727 2270 762 2335 in
777 2268 909 2336 Christo
926 2271 1031 2355 patris
1047 2270 1170 2337 domini
1180 2271 1349 2342 Wilhelmi
1366 2271 1517 2362 Episcopi

389 2375 757 2461 Quinqueecclesiensis,
789 2376 922 2464 Capelle
952 2385 1064 2446 nostre
1095 2377 1232 2445 Comitis
1270 2386 1304 2445 et
1343 2377 1516 2445 Secretarii

389 2486 493 2551 nostri
525 2483 733 2571 Cancellorii,
757 2493 790 2552 et
818 2483 1007 2571 Consiliarij
1026 2488 1318 2575 ,presumpcionem
1351 2486 1514 2592 indubiam

388 2590 584 2659 fiducialiter
623 2594 818 2678 obtinentes
859 2595 967 2679 ipsum
1009 2594 1052 2660 ad
1084 2593 1317 2662 Serenissimos
1348 2594 1516 2678 Principes

389 2698 549 2766 Domiuos
574 2699 776 2786 Stephanum
793 2703 963 2786 seniorem,
987 2699 1181 2787 Adolphum
1205 2710 1238 2769 et
1260 2703 1448 2785 Albertum,
1463 2724 1517 2768 nec

388 2808 454 2876 noir
479 2809 682 2895 Stephanum
707 2816 741 2877 et
774 2811 981 2878 Fridericum
1013 2811 1098 2878 filios
1130 2813 1314 2897 supradicti
1346 2809 1518 2895 Stephani,

388 2915 560 2984 Palatinos
583 2917 677 3003 Itoni,
701 2925 735 2985 et
759 2917 870 2986 Duces
886 2919 1045 3002 Bawarie,
1069 2920 1247 2987 auunculus
1273 2925 1406 2986 nostros
1421 2921 1517 2985 caris-

389 3029 487 3095 simos
513 3047 610 3111 super
636 3027 733 3093 certis
753 3027 814 3093 sibi
830 3030 1009 3096 commissis
1025 3030 1169 3114 negooijs
1185 3029 1336 3095 duximus
1351 3030 1517 3095 transmit-

387 3135 542 3218 tendum;
581 3136 761 3222 largientes
800 3138 906 3205 eidem
947 3139 1058 3222 vigore
1094 3138 1294 3225 presentium
1326 3140 1458 3224 plenam
1488 3145 1516 3203 et
1601 3181 1602 3184 κ

388 3245 607 3313 omnimodam
630 3246 715 3313 inter
730 3247 796 3313 iam
815 3245 921 3314 dictos
949 3248 1129 3315 auunculus
1155 3254 1283 3314 nostros
1300 3255 1333 3315 et
1348 3269 1408 3314 nos
1424 3267 1519 3332 super

389 3353 510 3420 eisdem
545 3356 688 3440 negocijs
713 3356 881 3422 tractandi
905 3363 937 3421 et
961 3356 1176 3422 concludendi
1197 3363 1403 3440 potestatem,
1419 3363 1452 3420 et
1468 3375 1518 3439 ge·

388 3460 543 3528 neraliter
568 3463 678 3527 omnia
703 3469 735 3528 et
760 3462 891 3546 singula
916 3461 1068 3546 faciendi,
1093 3485 1157 3549 quo
1182 3464 1270 3530 circa
1290 3464 1364 3547 ipsa
1380 3463 1515 3547 negocia

388 3570 509 3636 suerint
533 3574 729 3654 necessaria,
754 3571 804 3638 vel
829 3571 1076 3656 quomodolibet
1100 3579 1281 3657 oportuna;
1306 3579 1426 3654 ratum,
1447 3592 1518 3654 gru·

388 3682 456 3743 tum
475 3684 508 3744 ot
532 3678 660 3745 firmum
687 3679 841 3760 habituri,
866 3677 1026 3763 quidquid
1050 3681 1084 3746 in
1108 3679 1168 3763 his,
1192 3699 1333 3746 necnon
1349 3679 1384 3744 iu
1401 3679 1518 3763 depen-

388 3785 511 3854 denciis
535 3786 578 3854 ab
602 3789 658 3872 eie,
681 3809 738 3854 sen
758 3789 911 3854 connexis
931 3809 1004 3854 oum
1021 3787 1153 3869 eisdem,
1169 3810 1229 3872 per
1246 3788 1369 3854 dictum
1385 3785 1517 3856 Wilhel·
1601 3853 1602 3856 ,

388 3915 474 3962 mum
500 3896 699 3981 Episcopum
720 3903 898 3963 tractatum
914 3896 1014 3963 fuerit
1029 3918 1087 3963 seu
1102 3898 1308 3978 conclusum
1323 3897 1439 3963 harum
1455 3895 1513 3960 suh
1601 3985 1602 3990 γ

388 4012 514 4071 secreto
539 4013 653 4072 nostro
679 4005 788 4090 sigillo
801 4005 985 4071 testimonio
1001 4005 1199 4074 litterarum.
1215 4004 1340 4072 Datum
1356 4003 1450 4069 Bude
1465 4003 1516 4067 die
1600 4021 1602 4066 ς

388 4114 541 4180 vicesimo
551 4114 690 4198 septimo
700 4113 819 4180 mensis
831 4112 984 4180 Octobris
993 4134 1079 4180 auno
1090 4112 1224 4180 Domini
1235 4111 1407 4180 millesimo
1424 4107 1515 4175 CCC.
1600 4157 1602 4206 5

390 4221 593 4304 sexagesimo
610 4221 759 4305 septimo.
1601 4221 1602 4228 ³

418 4367 500 4432 (Regi
513 4367 633 4418 ktzirati
646 4368 782 4419 eodexbol
796 4383 812 4418 a
825 4367 907 4433 bajor
920 4369 973 4420 hir.
987 4369 1137 4420 miincheni
1150 4368 1282 4433 omatgos
1296 4365 1485 4424 levtlttrban.)
1599 4319 1602 4396 l

874 4509 1034 4524 na———a-u
