<?xml version="1.0" encoding="UTF-8"?>
<!DOCTYPE html PUBLIC "-//W3C//DTD XHTML 1.0 Transitional//EN"
    "http://www.w3.org/TR/xhtml1/DTD/xhtml1-transitional.dtd">
<html xmlns="http://www.w3.org/1999/xhtml" xml:lang="en" lang="en">
 <head>
  <title>
</title>
<meta http-equiv="Content-Type" content="text/html;charset=utf-8" />
  <meta name='ocr-system' content='tesseract 3.04.00' />
  <meta name='ocr-capabilities' content='ocr_page ocr_carea ocr_par ocr_line ocrx_word'/>
</head>
<body>
  <div class='ocr_page' id='page_1' title='image "./magyardiplomacz01wenzgoog_0289.png"; bbox 0 0 3110 5248; ppageno 0'>
   <div class='ocr_carea' id='block_1_1' title="bbox 565 363 1173 430">
    <p class='ocr_par' dir='ltr' id='par_1_1' title="bbox 565 363 1173 430">
     <span class='ocr_line' id='line_1_1' title="bbox 565 363 1173 430; baseline 0.002 -3"><span class='ocrx_word' id='word_1_1' title='bbox 565 363 659 429; x_wconf 75' lang='lat'>1347.</span> <span class='ocrx_word' id='word_1_2' title='bbox 1110 367 1173 430; x_wconf 74' lang='lat'>253</span> 
     </span>
    </p>
   </div>
   <div class='ocr_carea' id='block_1_2' title="bbox 53 539 1177 1165">
    <p class='ocr_par' dir='ltr' id='par_1_2' title="bbox 54 539 1177 1055">
     <span class='ocr_line' id='line_1_2' title="bbox 57 539 1174 624; baseline 0 -18"><span class='ocrx_word' id='word_1_3' title='bbox 57 559 178 624; x_wconf 87' lang='lat' dir='ltr'>prorsus</span> <span class='ocrx_word' id='word_1_4' title='bbox 193 540 368 623; x_wconf 84' lang='lat' dir='ltr'>abstineat,</span> <span class='ocrx_word' id='word_1_5' title='bbox 384 547 417 606; x_wconf 92' lang='lat' dir='ltr'>et</span> <span class='ocrx_word' id='word_1_6' title='bbox 433 539 475 606; x_wconf 86' lang='lat' dir='ltr'>ab</span> <span class='ocrx_word' id='word_1_7' title='bbox 492 541 579 606; x_wconf 90' lang='lat' dir='ltr'>omni</span> <span class='ocrx_word' id='word_1_8' title='bbox 596 541 752 621; x_wconf 87' lang='lat' dir='ltr'>amicitia,</span> <span class='ocrx_word' id='word_1_9' title='bbox 768 539 1042 622; x_wconf 82' lang='lat' dir='ltr'>confederatione,</span> <span class='ocrx_word' id='word_1_10' title='bbox 1058 541 1174 606; x_wconf 86' lang='lat' dir='ltr'>rnione</span> 
     </span>
     <span class='ocr_line' id='line_1_3' title="bbox 58 647 1174 734; baseline 0.004 -24"><span class='ocrx_word' id='word_1_11' title='bbox 58 648 101 711; x_wconf 84' lang='lat' dir='ltr'>rel</span> <span class='ocrx_word' id='word_1_12' title='bbox 115 647 180 732; x_wconf 87' lang='lat' dir='ltr'>liga</span> <span class='ocrx_word' id='word_1_13' title='bbox 194 649 286 716; x_wconf 77' lang='lat' dir='ltr'>nnita</span> <span class='ocrx_word' id='word_1_14' title='bbox 301 649 354 713; x_wconf 88' lang='lat' dir='ltr'>vel</span> <span class='ocrx_word' id='word_1_15' title='bbox 370 648 509 716; x_wconf 87' lang='lat' dir='ltr'>vnienda</span> <span class='ocrx_word' id='word_1_16' title='bbox 525 671 597 714; x_wconf 90' lang='lat' dir='ltr'>cum</span> <span class='ocrx_word' id='word_1_17' title='bbox 613 650 695 732; x_wconf 90' lang='lat' dir='ltr'>ipso,</span> <span class='ocrx_word' id='word_1_18' title='bbox 713 671 747 714; x_wconf 87' lang='lat' dir='ltr'>so</span> <span class='ocrx_word' id='word_1_19' title='bbox 763 653 956 734; x_wconf 77' lang='lat' dir='ltr'>gentemque</span> <span class='ocrx_word' id='word_1_20' title='bbox 973 655 1174 714; x_wconf 84' lang='lat' dir='ltr'>suanrretra-</span> 
     </span>
     <span class='ocr_line' id='line_1_4' title="bbox 55 754 1175 842; baseline 0.001 -23"><span class='ocrx_word' id='word_1_21' title='bbox 55 754 113 836; x_wconf 81' lang='lat' dir='ltr'>hat,</span> <span class='ocrx_word' id='word_1_22' title='bbox 136 757 306 842; x_wconf 88' lang='lat' dir='ltr'>ipsumque</span> <span class='ocrx_word' id='word_1_23' title='bbox 333 763 402 823; x_wconf 90' lang='lat' dir='ltr'>tam</span> <span class='ocrx_word' id='word_1_24' title='bbox 427 755 580 823; x_wconf 76' lang='lat' dir='ltr'>fallacem</span> <span class='ocrx_word' id='word_1_25' title='bbox 606 758 723 838; x_wconf 79' lang='lat' dir='ltr'>virum,</span> <span class='ocrx_word' id='word_1_26' title='bbox 738 759 795 840; x_wconf 91' lang='lat' dir='ltr'>qui</span> <span class='ocrx_word' id='word_1_27' title='bbox 812 777 876 822; x_wconf 91' lang='lat' dir='ltr'>non</span> <span class='ocrx_word' id='word_1_28' title='bbox 894 756 936 822; x_wconf 90' lang='lat' dir='ltr'>ad</span> <span class='ocrx_word' id='word_1_29' title='bbox 952 755 1055 841; x_wconf 91' lang='lat' dir='ltr'>ipsius</span> <span class='ocrx_word' id='word_1_30' title='bbox 1074 755 1175 838; x_wconf 86' lang='lat' dir='ltr'>Regis</span> 
     </span>
     <span class='ocr_line' id='line_1_5' title="bbox 54 861 1177 947; baseline 0.004 -22"><span class='ocrx_word' id='word_1_31' title='bbox 54 861 204 946; x_wconf 87' lang='lat' dir='ltr'>honorem,</span> <span class='ocrx_word' id='word_1_32' title='bbox 233 864 291 930; x_wconf 88' lang='lat' dir='ltr'>sed</span> <span class='ocrx_word' id='word_1_33' title='bbox 317 864 360 930; x_wconf 91' lang='lat' dir='ltr'>ad</span> <span class='ocrx_word' id='word_1_34' title='bbox 385 885 444 930; x_wconf 88' lang='lat' dir='ltr'>sua</span> <span class='ocrx_word' id='word_1_35' title='bbox 460 863 536 929; x_wconf 89' lang='lat' dir='ltr'>feda</span> <span class='ocrx_word' id='word_1_36' title='bbox 551 869 584 930; x_wconf 90' lang='lat' dir='ltr'>et</span> <span class='ocrx_word' id='word_1_37' title='bbox 599 864 710 947; x_wconf 89' lang='lat' dir='ltr'>turpia</span> <span class='ocrx_word' id='word_1_38' title='bbox 728 862 895 929; x_wconf 87' lang='lat' dir='ltr'>commoda</span> <span class='ocrx_word' id='word_1_39' title='bbox 911 862 1016 928; x_wconf 88' lang='lat' dir='ltr'>inhiat</span> <span class='ocrx_word' id='word_1_40' title='bbox 1033 869 1065 928; x_wconf 90' lang='lat' dir='ltr'>et</span> <span class='ocrx_word' id='word_1_41' title='bbox 1080 861 1177 930; x_wconf 84' lang='lat' dir='ltr'>anhe-</span> 
     </span>
     <span class='ocr_line' id='line_1_6' title="bbox 54 967 1176 1055; baseline 0.004 -23"><span class='ocrx_word' id='word_1_42' title='bbox 54 968 103 1048; x_wconf 86' lang='lat' dir='ltr'>lat,</span> <span class='ocrx_word' id='word_1_43' title='bbox 119 971 245 1037; x_wconf 88' lang='lat' dir='ltr'>omuino</span> <span class='ocrx_word' id='word_1_44' title='bbox 261 971 386 1037; x_wconf 87' lang='lat' dir='ltr'>abiciat</span> <span class='ocrx_word' id='word_1_45' title='bbox 412 977 445 1038; x_wconf 91' lang='lat' dir='ltr'>et</span> <span class='ocrx_word' id='word_1_46' title='bbox 471 969 620 1055; x_wconf 89' lang='lat' dir='ltr'>repellat.</span> <span class='ocrx_word' id='word_1_47' title='bbox 639 969 687 1039; x_wconf 89' lang='lat' dir='ltr'>Vt</span> <span class='ocrx_word' id='word_1_48' title='bbox 702 977 812 1036; x_wconf 89' lang='lat' dir='ltr'>autem</span> <span class='ocrx_word' id='word_1_49' title='bbox 829 970 932 1055; x_wconf 88' lang='lat' dir='ltr'>ipsius</span> <span class='ocrx_word' id='word_1_50' title='bbox 948 967 1081 1036; x_wconf 88' lang='lat' dir='ltr'>Nicolai</span> <span class='ocrx_word' id='word_1_51' title='bbox 1096 990 1176 1053; x_wconf 90' lang='lat' dir='ltr'>erga</span> 
     </span>
    </p>

    <p class='ocr_par' dir='ltr' id='par_1_3' title="bbox 53 1075 1176 1165">
     <span class='ocr_line' id='line_1_7' title="bbox 53 1075 1176 1165; baseline 0.001 -24"><span class='ocrx_word' id='word_1_52' title='bbox 53 1083 84 1141; x_wconf 90' lang='lat' dir='ltr'>te</span> <span class='ocrx_word' id='word_1_53' title='bbox 112 1077 330 1163; x_wconf 88' lang='lat' dir='ltr'>honoremque</span> <span class='ocrx_word' id='word_1_54' title='bbox 354 1086 448 1144; x_wconf 88' lang='lat' dir='ltr'>tuum</span> <span class='ocrx_word' id='word_1_55' title='bbox 472 1080 637 1165; x_wconf 85' lang='lat' dir='ltr'>percipias</span> <span class='ocrx_word' id='word_1_56' title='bbox 663 1079 806 1145; x_wconf 90' lang='lat' dir='ltr'>animum</span> <span class='ocrx_word' id='word_1_57' title='bbox 823 1084 856 1144; x_wconf 88' lang='lat' dir='ltr'>et</span> <span class='ocrx_word' id='word_1_58' title='bbox 871 1075 1032 1158; x_wconf 85' lang='lat' dir='ltr'>affectum,</span> <span class='ocrx_word' id='word_1_59' title='bbox 1048 1079 1176 1159; x_wconf 89' lang='lat' dir='ltr'>copiam</span> 
     </span>
    </p>
   </div>
   <div class='ocr_carea' id='block_1_3' title="bbox 55 1185 1177 1471">
    <p class='ocr_par' dir='ltr' id='par_1_4' title="bbox 55 1185 1177 1471">
     <span class='ocr_line' id='line_1_8' title="bbox 57 1185 1177 1271; baseline -0.002 -20"><span class='ocrx_word' id='word_1_60' title='bbox 57 1185 213 1252; x_wconf 78' lang='lat' dir='ltr'>cuiusdam</span> <span class='ocrx_word' id='word_1_61' title='bbox 238 1187 359 1269; x_wconf 85' lang='lat' dir='ltr'>littere,</span> <span class='ocrx_word' id='word_1_62' title='bbox 386 1208 484 1271; x_wconf 87' lang='lat' dir='ltr'>quam</span> <span class='ocrx_word' id='word_1_63' title='bbox 508 1189 578 1271; x_wconf 87' lang='lat' dir='ltr'>ipse</span> <span class='ocrx_word' id='word_1_64' title='bbox 602 1186 695 1254; x_wconf 87' lang='lat' dir='ltr'>nobis</span> <span class='ocrx_word' id='word_1_65' title='bbox 719 1185 911 1264; x_wconf 78' lang='lat' dir='ltr'>transmisit,</span> <span class='ocrx_word' id='word_1_66' title='bbox 935 1185 1095 1252; x_wconf 74' lang='lat' dir='ltr'>mittimus</span> <span class='ocrx_word' id='word_1_67' title='bbox 1116 1185 1177 1252; x_wconf 93' lang='lat' dir='ltr'>tibi</span> 
     </span>
     <span class='ocr_line' id='line_1_9' title="bbox 55 1292 1175 1376; baseline 0.001 -17"><span class='ocrx_word' id='word_1_68' title='bbox 55 1294 248 1376; x_wconf 83' lang='lat' dir='ltr'>presentibus</span> <span class='ocrx_word' id='word_1_69' title='bbox 264 1296 484 1362; x_wconf 89' lang='lat' dir='ltr'>interclusam.</span> <span class='ocrx_word' id='word_1_70' title='bbox 508 1296 634 1363; x_wconf 89' lang='lat' dir='ltr'>Datum</span> <span class='ocrx_word' id='word_1_71' title='bbox 658 1292 826 1362; x_wconf 86' lang='lat' dir='ltr'>Aninione</span> <span class='ocrx_word' id='word_1_72' title='bbox 852 1293 932 1364; x_wconf 81' lang='lat' dir='ltr'>VIL</span> <span class='ocrx_word' id='word_1_73' title='bbox 949 1293 1022 1360; x_wconf 86' lang='lat' dir='ltr'>idus</span> <span class='ocrx_word' id='word_1_74' title='bbox 1039 1293 1175 1361; x_wconf 89' lang='lat' dir='ltr'>Decem-</span> 
     </span>
     <span class='ocr_line' id='line_1_10' title="bbox 55 1399 691 1471; baseline 0.013 -8"><span class='ocrx_word' id='word_1_75' title='bbox 55 1400 114 1464; x_wconf 86' lang='lat' dir='ltr'>bris</span> <span class='ocrx_word' id='word_1_76' title='bbox 128 1399 347 1468; x_wconf 87' lang='lat' dir='ltr'>Pontificatus</span> <span class='ocrx_word' id='word_1_77' title='bbox 363 1403 468 1470; x_wconf 87' lang='lat' dir='ltr'>nostri</span> <span class='ocrx_word' id='word_1_78' title='bbox 483 1424 570 1470; x_wconf 88' lang='lat' dir='ltr'>anno</span> <span class='ocrx_word' id='word_1_79' title='bbox 589 1411 691 1471; x_wconf 88' lang='lat' dir='ltr'>sexto.</span> 
     </span>
    </p>
   </div>
   <div class='ocr_carea' id='block_1_4' title="bbox 56 1545 1176 1705">
    <p class='ocr_par' dir='ltr' id='par_1_5' title="bbox 56 1545 1176 1705">
     <span class='ocr_line' id='line_1_11' title="bbox 151 1545 1176 1612; baseline -0.001 -18"><span class='ocrx_word' id='word_1_80' title='bbox 151 1545 256 1606; x_wconf 83' lang='lat' dir='ltr'>(Peizel</span> <span class='ocrx_word' id='word_1_81' title='bbox 279 1547 400 1598; x_wconf 77' lang='lat' dir='ltr'>Perenna</span> <span class='ocrx_word' id='word_1_82' title='bbox 421 1547 533 1599; x_wconf 71' lang='lat' dir='ltr'>Htrton</span> <span class='ocrx_word' id='word_1_83' title='bbox 558 1548 707 1601; x_wconf 71' lang='lat' dir='ltr'>»collectio</span> <span class='ocrx_word' id='word_1_84' title='bbox 720 1548 909 1612; x_wconf 79' lang='lat' dir='ltr'>Epistularum</span> <span class='ocrx_word' id='word_1_85' title='bbox 922 1547 1030 1598; x_wconf 82' lang='lat' dir='ltr'>Nicolal</span> <span class='ocrx_word' id='word_1_86' title='bbox 1044 1547 1176 1598; x_wconf 73' lang='lat' dir='ltr'>Tribunir</span> 
     </span>
     <span class='ocr_line' id='line_1_12' title="bbox 56 1633 709 1705; baseline 0.011 -21"><span class='ocrx_word' id='word_1_87' title='bbox 56 1659 82 1669; x_wconf 97' lang='lat'>-</span> <span class='ocrx_word' id='word_1_88' title='bbox 95 1633 294 1702; x_wconf 77' lang='lat' dir='ltr'>baitrahagyott</span> <span class='ocrx_word' id='word_1_89' title='bbox 307 1637 426 1688; x_wconf 73' lang='lat' dir='ltr'>kezirati</span> <span class='ocrx_word' id='word_1_90' title='bbox 439 1637 709 1705; x_wconf 73' lang='lat' dir='ltr'>gyi&#39;rp&#39;temeuyebol.)</span> 
     </span>
    </p>
   </div>
   <div class='ocr_carea' id='block_1_5' title="bbox 579 1925 652 1988">
    <p class='ocr_par' dir='ltr' id='par_1_6' title="bbox 579 1925 652 1988">
     <span class='ocr_line' id='line_1_13' title="bbox 579 1925 652 1988; baseline 0 0"><span class='ocrx_word' id='word_1_91' title='bbox 579 1925 652 1988; x_wconf 82' lang='lat'>234.</span> 
     </span>
    </p>
   </div>
   <div class='ocr_carea' id='block_1_6' title="bbox 55 2080 1176 2280">
    <p class='ocr_par' dir='ltr' id='par_1_7' title="bbox 55 2080 1176 2280">
     <span class='ocr_line' id='line_1_14' title="bbox 55 2080 1176 2172; baseline 0.003 -26"><span class='ocrx_word' id='word_1_92' title='bbox 55 2080 247 2150; x_wconf 63' lang='lat' dir='ltr'>Arusacen·</span> <span class='ocrx_word' id='word_1_93' title='bbox 273 2085 622 2172; x_wconf 74' lang='lat' dir='ltr'>komdoytaudcanck</span> <span class='ocrx_word' id='word_1_94' title='bbox 647 2083 827 2151; x_wconf 71' lang='lat' dir='ltr'>tndoaitdau</span> <span class='ocrx_word' id='word_1_95' title='bbox 852 2081 1044 2172; x_wconf 72' lang='lat' dir='ltr'>Aoipnonbc</span> <span class='ocrx_word' id='word_1_96' title='bbox 1061 2087 1094 2150; x_wconf 73' lang='lat' dir='ltr'>ta</span> <span class='ocrx_word' id='word_1_97' title='bbox 1109 2085 1176 2150; x_wconf 86' lang='grc' dir='ltr'>Νά-</span> 
     </span>
     <span class='ocr_line' id='line_1_15' title="bbox 144 2192 1081 2280; baseline 0.002 -24"><span class='ocrx_word' id='word_1_98' title='bbox 144 2193 260 2278; x_wconf 79' lang='lat' dir='ltr'>polyba</span> <span class='ocrx_word' id='word_1_99' title='bbox 277 2193 304 2256; x_wconf 90' lang='grc' dir='ltr'>Ι.</span> <span class='ocrx_word' id='word_1_100' title='bbox 322 2193 420 2278; x_wconf 86' lang='lat' dir='ltr'>Lajoa</span> <span class='ocrx_word' id='word_1_101' title='bbox 435 2215 578 2280; x_wconf 71' lang='lat' dir='ltr'>maggae·</span> <span class='ocrx_word' id='word_1_102' title='bbox 592 2193 703 2279; x_wconf 69' lang='lat' dir='ltr'>madiy</span> <span class='ocrx_word' id='word_1_103' title='bbox 718 2192 960 2278; x_wconf 74' lang='lat' dir='ltr'>tadjoratorol.</span> <span class='ocrx_word' id='word_1_104' title='bbox 986 2195 1081 2259; x_wconf 79' lang='lat'><strong><em>1347.</em></strong></span> 
     </span>
    </p>
   </div>
   <div class='ocr_carea' id='block_1_7' title="bbox 2 2349 1185 4488">
    <p class='ocr_par' dir='ltr' id='par_1_8' title="bbox 2 2349 1185 4488">
     <span class='ocr_line' id='line_1_16' title="bbox 153 2349 1176 2436; baseline -0.001 -18"><span class='ocrx_word' id='word_1_105' title='bbox 153 2351 251 2418; x_wconf 87' lang='lat' dir='ltr'>Anno</span> <span class='ocrx_word' id='word_1_106' title='bbox 276 2349 556 2422; x_wconf 81' lang='lat' dir='ltr'>MOOOXLVII.</span> <span class='ocrx_word' id='word_1_107' title='bbox 582 2352 635 2418; x_wconf 91' lang='lat' dir='ltr'>die</span> <span class='ocrx_word' id='word_1_108' title='bbox 660 2351 743 2420; x_wconf 86' lang='lat' dir='ltr'>VII.</span> <span class='ocrx_word' id='word_1_109' title='bbox 776 2351 976 2419; x_wconf 80' lang='lat' dir='ltr'>Decembris.</span> <span class='ocrx_word' id='word_1_110' title='bbox 1008 2351 1176 2436; x_wconf 83' lang='lat' dir='ltr'>Capta:</span> 
     </span>
     <span class='ocr_line' id='line_1_17' title="bbox 56 2455 1179 2544; baseline 0 -20"><span class='ocrx_word' id='word_1_111' title='bbox 56 2455 144 2540; x_wconf 77' lang='lat' dir='ltr'>Quod</span> <span class='ocrx_word' id='word_1_112' title='bbox 159 2459 322 2527; x_wconf 87' lang='lat' dir='ltr'>scribatur</span> <span class='ocrx_word' id='word_1_113' title='bbox 338 2460 552 2527; x_wconf 89' lang='lat' dir='ltr'>Procuratori</span> <span class='ocrx_word' id='word_1_114' title='bbox 562 2469 676 2527; x_wconf 92' lang='lat' dir='ltr'>nostro</span> <span class='ocrx_word' id='word_1_115' title='bbox 686 2459 719 2525; x_wconf 90' lang='lat' dir='ltr'>in</span> <span class='ocrx_word' id='word_1_116' title='bbox 729 2457 832 2526; x_wconf 83' lang='lat' dir='ltr'>Curia</span> <span class='ocrx_word' id='word_1_117' title='bbox 842 2459 1001 2540; x_wconf 88' lang='lat' dir='ltr'>Romana,</span> <span class='ocrx_word' id='word_1_118' title='bbox 1016 2459 1179 2544; x_wconf 90' lang='lat' dir='ltr'>quomodo</span> 
     </span>
     <span class='ocr_line' id='line_1_18' title="bbox 57 2563 1180 2651; baseline 0.004 -23"><span class='ocrx_word' id='word_1_119' title='bbox 57 2566 82 2628; x_wconf 91' lang='lat' dir='ltr'>ei</span> <span class='ocrx_word' id='word_1_120' title='bbox 98 2567 293 2650; x_wconf 70' lang='lat' dir='ltr'>scripsimus</span> <span class='ocrx_word' id='word_1_121' title='bbox 310 2566 398 2651; x_wconf 90' lang='lat' dir='ltr'>quod</span> <span class='ocrx_word' id='word_1_122' title='bbox 415 2567 711 2634; x_wconf 78' lang='lat' dir='ltr'>deliberaveramus</span> <span class='ocrx_word' id='word_1_123' title='bbox 727 2569 855 2633; x_wconf 89' lang='lat' dir='ltr'>mittere</span> <span class='ocrx_word' id='word_1_124' title='bbox 872 2573 1001 2633; x_wconf 88' lang='lat' dir='ltr'>nostros</span> <span class='ocrx_word' id='word_1_125' title='bbox 1013 2563 1180 2632; x_wconf 85' lang='lat' dir='ltr'>Ambaxa·</span> 
     </span>
     <span class='ocr_line' id='line_1_19' title="bbox 55 2673 1178 2759; baseline 0.004 -23"><span class='ocrx_word' id='word_1_126' title='bbox 55 2678 137 2738; x_wconf 88' lang='lat' dir='ltr'>tores</span> <span class='ocrx_word' id='word_1_127' title='bbox 152 2675 194 2741; x_wconf 90' lang='lat' dir='ltr'>ad</span> <span class='ocrx_word' id='word_1_128' title='bbox 210 2675 375 2740; x_wconf 90' lang='lat' dir='ltr'>dominum</span> <span class='ocrx_word' id='word_1_129' title='bbox 390 2673 517 2759; x_wconf 80' lang='lat' dir='ltr'>Regem</span> <span class='ocrx_word' id='word_1_130' title='bbox 534 2675 709 2759; x_wconf 88' lang='lat' dir='ltr'>Hungarie</span> <span class='ocrx_word' id='word_1_131' title='bbox 724 2697 784 2759; x_wconf 92' lang='lat' dir='ltr'>pro</span> <span class='ocrx_word' id='word_1_132' title='bbox 799 2674 976 2741; x_wconf 88' lang='lat' dir='ltr'>tractando</span> <span class='ocrx_word' id='word_1_133' title='bbox 993 2674 1178 2740; x_wconf 89' lang='lat' dir='ltr'>acconoium</span> 
     </span>
     <span class='ocr_line' id='line_1_20' title="bbox 60 2781 1181 2868; baseline 0.004 -24"><span class='ocrx_word' id='word_1_134' title='bbox 60 2786 90 2845; x_wconf 91' lang='lat' dir='ltr'>et</span> <span class='ocrx_word' id='word_1_135' title='bbox 105 2782 314 2849; x_wconf 90' lang='lat' dir='ltr'>concordiam</span> <span class='ocrx_word' id='word_1_136' title='bbox 338 2805 411 2848; x_wconf 91' lang='lat' dir='ltr'>oum</span> <span class='ocrx_word' id='word_1_137' title='bbox 435 2784 507 2868; x_wconf 94' lang='lat' dir='ltr'>ipso</span> <span class='ocrx_word' id='word_1_138' title='bbox 532 2785 624 2867; x_wconf 87' lang='lat' dir='ltr'>Rege</span> <span class='ocrx_word' id='word_1_139' title='bbox 640 2783 709 2848; x_wconf 88' lang='lat' dir='ltr'>sine</span> <span class='ocrx_word' id='word_1_140' title='bbox 724 2782 845 2850; x_wconf 89' lang='lat' dir='ltr'>lesione</span> <span class='ocrx_word' id='word_1_141' title='bbox 862 2781 1016 2863; x_wconf 87' lang='lat' dir='ltr'>alicuius;</span> <span class='ocrx_word' id='word_1_142' title='bbox 1040 2786 1181 2865; x_wconf 88' lang='lat' dir='ltr'>postmo-</span> 
     </span>
     <span class='ocr_line' id='line_1_21' title="bbox 57 2887 1181 2977; baseline 0 -24"><span class='ocrx_word' id='word_1_143' title='bbox 57 2888 128 2956; x_wconf 88' lang='lat' dir='ltr'>dum</span> <span class='ocrx_word' id='word_1_144' title='bbox 143 2892 342 2976; x_wconf 89' lang='lat' dir='ltr'>scripsimus,</span> <span class='ocrx_word' id='word_1_145' title='bbox 359 2893 447 2977; x_wconf 88' lang='lat' dir='ltr'>quod</span> <span class='ocrx_word' id='word_1_146' title='bbox 463 2893 570 2960; x_wconf 88' lang='lat' dir='ltr'>dictus</span> <span class='ocrx_word' id='word_1_147' title='bbox 585 2890 659 2958; x_wconf 88' lang='lat' dir='ltr'>Rex</span> <span class='ocrx_word' id='word_1_148' title='bbox 676 2893 784 2960; x_wconf 88' lang='lat' dir='ltr'>subito</span> <span class='ocrx_word' id='word_1_149' title='bbox 801 2899 833 2959; x_wconf 91' lang='lat' dir='ltr'>et</span> <span class='ocrx_word' id='word_1_150' title='bbox 849 2893 1016 2975; x_wconf 89' lang='lat' dir='ltr'>inopinate</span> <span class='ocrx_word' id='word_1_151' title='bbox 1033 2893 1121 2957; x_wconf 82' lang='lat' dir='ltr'>venit</span> <span class='ocrx_word' id='word_1_152' title='bbox 1138 2887 1181 2956; x_wconf 88' lang='lat' dir='ltr'>ad</span> 
     </span>
     <span class='ocr_line' id='line_1_22' title="bbox 2 2998 1182 3083; baseline 0.001 -21"><span class='ocrx_word' id='word_1_153' title='bbox 2 3056 3 3062; x_wconf 73' lang='grc'>,</span> <span class='ocrx_word' id='word_1_154' title='bbox 58 3004 163 3080; x_wconf 85' lang='lat' dir='ltr'>partes</span> <span class='ocrx_word' id='word_1_155' title='bbox 186 2998 358 3080; x_wconf 83' lang='lat' dir='ltr'>Foroiulii,</span> <span class='ocrx_word' id='word_1_156' title='bbox 384 3000 427 3066; x_wconf 88' lang='lat' dir='ltr'>ad</span> <span class='ocrx_word' id='word_1_157' title='bbox 453 3021 549 3083; x_wconf 90' lang='lat' dir='ltr'>quem</span> <span class='ocrx_word' id='word_1_158' title='bbox 573 3000 719 3066; x_wconf 90' lang='lat' dir='ltr'>misimus</span> <span class='ocrx_word' id='word_1_159' title='bbox 739 2999 867 3083; x_wconf 89' lang='lat' dir='ltr'>aliquos</span> <span class='ocrx_word' id='word_1_160' title='bbox 883 2998 1007 3066; x_wconf 89' lang='lat' dir='ltr'>nobiles</span> <span class='ocrx_word' id='word_1_161' title='bbox 1024 3000 1108 3066; x_wconf 85' lang='lat' dir='ltr'>cives</span> <span class='ocrx_word' id='word_1_162' title='bbox 1125 3021 1182 3064; x_wconf 91' lang='lat' dir='ltr'>no-</span> 
     </span>
     <span class='ocr_line' id='line_1_23' title="bbox 59 3105 1182 3176; baseline 0.002 -8"><span class='ocrx_word' id='word_1_163' title='bbox 59 3110 137 3172; x_wconf 88' lang='lat' dir='ltr'>stros</span> <span class='ocrx_word' id='word_1_164' title='bbox 153 3107 194 3172; x_wconf 87' lang='lat' dir='ltr'>ad</span> <span class='ocrx_word' id='word_1_165' title='bbox 210 3108 440 3175; x_wconf 88' lang='lat' dir='ltr'>honorandum</span> <span class='ocrx_word' id='word_1_166' title='bbox 457 3114 489 3174; x_wconf 90' lang='lat' dir='ltr'>et</span> <span class='ocrx_word' id='word_1_167' title='bbox 505 3107 702 3176; x_wconf 86' lang='lat' dir='ltr'>visitandum</span> <span class='ocrx_word' id='word_1_168' title='bbox 729 3105 832 3174; x_wconf 84' lang='lat' dir='ltr'>Suam</span> <span class='ocrx_word' id='word_1_169' title='bbox 848 3107 1069 3173; x_wconf 81' lang='lat' dir='ltr'>Maiestatem.</span> <span class='ocrx_word' id='word_1_170' title='bbox 1085 3107 1182 3172; x_wconf 87' lang='lat' dir='ltr'>Nunc</span> 
     </span>
     <span class='ocr_line' id='line_1_24' title="bbox 59 3213 1180 3299; baseline 0.004 -24"><span class='ocrx_word' id='word_1_171' title='bbox 59 3234 127 3280; x_wconf 82' lang='lat' dir='ltr'>raro</span> <span class='ocrx_word' id='word_1_172' title='bbox 145 3213 316 3280; x_wconf 90' lang='lat' dir='ltr'>scribimus</span> <span class='ocrx_word' id='word_1_173' title='bbox 342 3216 381 3298; x_wconf 93' lang='lat' dir='ltr'>ei,</span> <span class='ocrx_word' id='word_1_174' title='bbox 407 3215 496 3299; x_wconf 93' lang='lat' dir='ltr'>quod</span> <span class='ocrx_word' id='word_1_175' title='bbox 523 3215 631 3282; x_wconf 88' lang='lat' dir='ltr'>dictus</span> <span class='ocrx_word' id='word_1_176' title='bbox 655 3215 730 3282; x_wconf 90' lang='lat' dir='ltr'>Rex</span> <span class='ocrx_word' id='word_1_177' title='bbox 745 3215 882 3281; x_wconf 90' lang='lat' dir='ltr'>recessit</span> <span class='ocrx_word' id='word_1_178' title='bbox 897 3214 937 3280; x_wconf 88' lang='lat' dir='ltr'>de</span> <span class='ocrx_word' id='word_1_179' title='bbox 954 3214 1133 3298; x_wconf 81' lang='lat' dir='ltr'>Foroiulio,</span> <span class='ocrx_word' id='word_1_180' title='bbox 1148 3220 1180 3279; x_wconf 89' lang='lat' dir='ltr'>et</span> 
     </span>
     <span class='ocr_line' id='line_1_25' title="bbox 59 3321 1182 3409; baseline 0.001 -25"><span class='ocrx_word' id='word_1_181' title='bbox 59 3321 142 3387; x_wconf 86' lang='lat' dir='ltr'>radit</span> <span class='ocrx_word' id='word_1_182' title='bbox 166 3323 208 3388; x_wconf 88' lang='lat' dir='ltr'>ad</span> <span class='ocrx_word' id='word_1_183' title='bbox 233 3323 320 3390; x_wconf 85' lang='lat' dir='ltr'>viam</span> <span class='ocrx_word' id='word_1_184' title='bbox 345 3343 446 3404; x_wconf 90' lang='lat' dir='ltr'>suam,</span> <span class='ocrx_word' id='word_1_185' title='bbox 462 3322 505 3388; x_wconf 90' lang='lat' dir='ltr'>ad</span> <span class='ocrx_word' id='word_1_186' title='bbox 521 3345 621 3409; x_wconf 87' lang='lat' dir='ltr'>quam</span> <span class='ocrx_word' id='word_1_187' title='bbox 645 3321 887 3390; x_wconf 87' lang='lat' dir='ltr'>Ambaxatores</span> <span class='ocrx_word' id='word_1_188' title='bbox 906 3327 1045 3406; x_wconf 86' lang='lat' dir='ltr'>nostros,</span> <span class='ocrx_word' id='word_1_189' title='bbox 1061 3321 1182 3388; x_wconf 90' lang='lat' dir='ltr'>electos</span> 
     </span>
     <span class='ocr_line' id='line_1_26' title="bbox 60 3427 1183 3514; baseline 0.003 -23"><span class='ocrx_word' id='word_1_190' title='bbox 60 3447 112 3510; x_wconf 91' lang='lat' dir='ltr'>per</span> <span class='ocrx_word' id='word_1_191' title='bbox 127 3451 184 3496; x_wconf 91' lang='lat' dir='ltr'>nos</span> <span class='ocrx_word' id='word_1_192' title='bbox 201 3437 278 3497; x_wconf 87' lang='lat' dir='ltr'>ante</span> <span class='ocrx_word' id='word_1_193' title='bbox 295 3451 389 3496; x_wconf 90' lang='lat' dir='ltr'>suum</span> <span class='ocrx_word' id='word_1_194' title='bbox 413 3430 590 3496; x_wconf 80' lang='lat' dir='ltr'>adventum</span> <span class='ocrx_word' id='word_1_195' title='bbox 615 3431 659 3497; x_wconf 87' lang='lat' dir='ltr'>ad</span> <span class='ocrx_word' id='word_1_196' title='bbox 679 3436 791 3514; x_wconf 87' lang='lat' dir='ltr'>partes</span> <span class='ocrx_word' id='word_1_197' title='bbox 806 3428 977 3510; x_wconf 85' lang='lat' dir='ltr'>Foroiulii,</span> <span class='ocrx_word' id='word_1_198' title='bbox 992 3427 1183 3495; x_wconf 86' lang='lat' dir='ltr'>deliberari·</span> 
     </span>
     <span class='ocr_line' id='line_1_27' title="bbox 60 3535 1182 3622; baseline 0 -22"><span class='ocrx_word' id='word_1_199' title='bbox 60 3555 114 3602; x_wconf 88' lang='lat' dir='ltr'>nus</span> <span class='ocrx_word' id='word_1_200' title='bbox 129 3535 260 3602; x_wconf 89' lang='lat' dir='ltr'>mictere</span> <span class='ocrx_word' id='word_1_201' title='bbox 277 3559 337 3622; x_wconf 91' lang='lat' dir='ltr'>pro</span> <span class='ocrx_word' id='word_1_202' title='bbox 354 3538 527 3603; x_wconf 85' lang='lat' dir='ltr'>tractando</span> <span class='ocrx_word' id='word_1_203' title='bbox 545 3537 700 3604; x_wconf 90' lang='lat' dir='ltr'>aoconcio</span> <span class='ocrx_word' id='word_1_204' title='bbox 716 3557 786 3603; x_wconf 91' lang='lat' dir='ltr'>cum</span> <span class='ocrx_word' id='word_1_205' title='bbox 803 3558 842 3603; x_wconf 90' lang='lat' dir='ltr'>eo</span> <span class='ocrx_word' id='word_1_206' title='bbox 860 3536 927 3601; x_wconf 90' lang='lat' dir='ltr'>sine</span> <span class='ocrx_word' id='word_1_207' title='bbox 942 3535 1065 3601; x_wconf 89' lang='lat' dir='ltr'>lesione</span> <span class='ocrx_word' id='word_1_208' title='bbox 1084 3535 1182 3601; x_wconf 88' lang='lat' dir='ltr'>alicu·</span> 
     </span>
     <span class='ocr_line' id='line_1_28' title="bbox 61 3645 1182 3730; baseline -0.001 -22"><span class='ocrx_word' id='word_1_209' title='bbox 61 3645 114 3727; x_wconf 85' lang='lat' dir='ltr'>ius,</span> <span class='ocrx_word' id='word_1_210' title='bbox 128 3651 164 3710; x_wconf 91' lang='lat' dir='ltr'>ut</span> <span class='ocrx_word' id='word_1_211' title='bbox 179 3645 303 3712; x_wconf 85' lang='lat' dir='ltr'>dictum</span> <span class='ocrx_word' id='word_1_212' title='bbox 320 3651 388 3727; x_wconf 87' lang='lat' dir='ltr'>est;</span> <span class='ocrx_word' id='word_1_213' title='bbox 412 3667 474 3730; x_wconf 91' lang='lat' dir='ltr'>que</span> <span class='ocrx_word' id='word_1_214' title='bbox 491 3645 638 3711; x_wconf 83' lang='lat' dir='ltr'>volumus</span> <span class='ocrx_word' id='word_1_215' title='bbox 655 3667 716 3730; x_wconf 88' lang='lat' dir='ltr'>per</span> <span class='ocrx_word' id='word_1_216' title='bbox 732 3647 852 3712; x_wconf 90' lang='lat' dir='ltr'>dictum</span> <span class='ocrx_word' id='word_1_217' title='bbox 869 3650 1019 3711; x_wconf 89' lang='lat' dir='ltr'>nostrum</span> <span class='ocrx_word' id='word_1_218' title='bbox 1028 3663 1182 3728; x_wconf 89' lang='lat' dir='ltr'>procura-</span> 
     </span>
     <span class='ocr_line' id='line_1_29' title="bbox 61 3749 1182 3837; baseline -0.002 -21"><span class='ocrx_word' id='word_1_219' title='bbox 61 3759 155 3819; x_wconf 89' lang='lat' dir='ltr'>torem</span> <span class='ocrx_word' id='word_1_220' title='bbox 171 3754 291 3837; x_wconf 88' lang='lat' dir='ltr'>exponi</span> <span class='ocrx_word' id='word_1_221' title='bbox 307 3760 341 3819; x_wconf 91' lang='lat' dir='ltr'>et</span> <span class='ocrx_word' id='word_1_222' title='bbox 357 3752 528 3820; x_wconf 76' lang='lat' dir='ltr'>informari</span> <span class='ocrx_word' id='word_1_223' title='bbox 543 3753 713 3820; x_wconf 86' lang='lat' dir='ltr'>dominum</span> <span class='ocrx_word' id='word_1_224' title='bbox 723 3752 951 3832; x_wconf 82' lang='lat' dir='ltr'>Tutellensem,</span> <span class='ocrx_word' id='word_1_225' title='bbox 967 3755 1000 3816; x_wconf 91' lang='lat' dir='ltr'>et</span> <span class='ocrx_word' id='word_1_226' title='bbox 1016 3749 1182 3815; x_wconf 90' lang='lat' dir='ltr'>dominum</span> 
     </span>
     <span class='ocr_line' id='line_1_30' title="bbox 62 3855 1181 3946; baseline -0.004 -20"><span class='ocrx_word' id='word_1_227' title='bbox 62 3857 192 3946; x_wconf 83' lang='lat' dir='ltr'>Gogum,</span> <span class='ocrx_word' id='word_1_228' title='bbox 208 3868 242 3927; x_wconf 89' lang='lat' dir='ltr'>et</span> <span class='ocrx_word' id='word_1_229' title='bbox 258 3860 339 3928; x_wconf 88' lang='lat' dir='ltr'>alios</span> <span class='ocrx_word' id='word_1_230' title='bbox 356 3860 396 3927; x_wconf 89' lang='lat' dir='ltr'>de</span> <span class='ocrx_word' id='word_1_231' title='bbox 413 3861 514 3928; x_wconf 86' lang='lat' dir='ltr'>Curia</span> <span class='ocrx_word' id='word_1_232' title='bbox 531 3860 571 3927; x_wconf 83' lang='lat' dir='ltr'>de</span> <span class='ocrx_word' id='word_1_233' title='bbox 587 3863 725 3928; x_wconf 80' lang='lat' dir='ltr'>veritate</span> <span class='ocrx_word' id='word_1_234' title='bbox 741 3859 899 3946; x_wconf 85' lang='lat' dir='ltr'>predicta,</span> <span class='ocrx_word' id='word_1_235' title='bbox 914 3861 999 3926; x_wconf 90' lang='lat' dir='ltr'>sicut</span> <span class='ocrx_word' id='word_1_236' title='bbox 1014 3858 1044 3924; x_wconf 88' lang='lat' dir='ltr'>ei</span> <span class='ocrx_word' id='word_1_237' title='bbox 1060 3855 1181 3923; x_wconf 86' lang='lat' dir='ltr'>videbi-</span> 
     </span>
     <span class='ocr_line' id='line_1_31' title="bbox 62 3963 1183 4054; baseline -0.004 -22"><span class='ocrx_word' id='word_1_238' title='bbox 62 3973 110 4034; x_wconf 89' lang='lat' dir='ltr'>tur</span> <span class='ocrx_word' id='word_1_239' title='bbox 123 3991 181 4054; x_wconf 95' lang='lat' dir='ltr'>pro</span> <span class='ocrx_word' id='word_1_240' title='bbox 198 3970 326 4036; x_wconf 91' lang='lat' dir='ltr'>honore</span> <span class='ocrx_word' id='word_1_241' title='bbox 342 3976 463 4034; x_wconf 85' lang='lat' dir='ltr'>nostro.</span> <span class='ocrx_word' id='word_1_242' title='bbox 488 3969 535 4038; x_wconf 82' lang='lat' dir='ltr'>Et</span> <span class='ocrx_word' id='word_1_243' title='bbox 555 3969 641 4053; x_wconf 87' lang='lat' dir='ltr'>quod</span> <span class='ocrx_word' id='word_1_244' title='bbox 660 3970 765 4036; x_wconf 89' lang='lat' dir='ltr'>dictus</span> <span class='ocrx_word' id='word_1_245' title='bbox 782 3968 982 4035; x_wconf 88' lang='lat' dir='ltr'>Procurator</span> <span class='ocrx_word' id='word_1_246' title='bbox 998 3965 1092 4032; x_wconf 91' lang='lat' dir='ltr'>nobis</span> <span class='ocrx_word' id='word_1_247' title='bbox 1108 3963 1183 4030; x_wconf 91' lang='lat' dir='ltr'>soli-</span> 
     </span>
     <span class='ocr_line' id='line_1_32' title="bbox 63 4070 1184 4160; baseline -0.004 -20"><span class='ocrx_word' id='word_1_248' title='bbox 63 4075 117 4142; x_wconf 87' lang='lat' dir='ltr'>cite</span> <span class='ocrx_word' id='word_1_249' title='bbox 132 4078 291 4144; x_wconf 88' lang='lat' dir='ltr'>rescribat</span> <span class='ocrx_word' id='word_1_250' title='bbox 316 4076 472 4160; x_wconf 90' lang='lat' dir='ltr'>quicquid</span> <span class='ocrx_word' id='word_1_251' title='bbox 497 4076 648 4143; x_wconf 90' lang='lat' dir='ltr'>habuerit</span> <span class='ocrx_word' id='word_1_252' title='bbox 674 4083 708 4142; x_wconf 90' lang='lat' dir='ltr'>et</span> <span class='ocrx_word' id='word_1_253' title='bbox 733 4077 875 4143; x_wconf 89' lang='lat' dir='ltr'>senserit</span> <span class='ocrx_word' id='word_1_254' title='bbox 899 4083 967 4141; x_wconf 85' lang='lat' dir='ltr'>tam</span> <span class='ocrx_word' id='word_1_255' title='bbox 992 4070 1184 4156; x_wconf 89' lang='lat' dir='ltr'>apredictis</span> 
     </span>
     <span class='ocr_line' id='line_1_33' title="bbox 63 4182 1185 4269; baseline -0.001 -23"><span class='ocrx_word' id='word_1_256' title='bbox 63 4182 192 4252; x_wconf 81' lang='lat' dir='ltr'>dominia</span> <span class='ocrx_word' id='word_1_257' title='bbox 210 4184 446 4252; x_wconf 70' lang='lat' dir='ltr'>cardinalibus</span> <span class='ocrx_word' id='word_1_258' title='bbox 471 4205 570 4269; x_wconf 86' lang='lat' dir='ltr'>quam</span> <span class='ocrx_word' id='word_1_259' title='bbox 587 4185 630 4253; x_wconf 95' lang='lat' dir='ltr'>ab</span> <span class='ocrx_word' id='word_1_260' title='bbox 646 4184 729 4267; x_wconf 88' lang='lat' dir='ltr'>aliis,</span> <span class='ocrx_word' id='word_1_261' title='bbox 744 4208 809 4253; x_wconf 90' lang='lat' dir='ltr'>non</span> <span class='ocrx_word' id='word_1_262' title='bbox 825 4184 976 4252; x_wconf 89' lang='lat' dir='ltr'>habendo</span> <span class='ocrx_word' id='word_1_263' title='bbox 1000 4187 1185 4266; x_wconf 85' lang='lat' dir='ltr'>respectum</span> 
     </span>
     <span class='ocr_line' id='line_1_34' title="bbox 64 4288 1185 4378; baseline -0.001 -24"><span class='ocrx_word' id='word_1_264' title='bbox 64 4291 100 4355; x_wconf 85' lang='lat' dir='ltr'>ad</span> <span class='ocrx_word' id='word_1_265' title='bbox 114 4314 279 4378; x_wconf 81' lang='lat' dir='ltr'>expensas.</span> <span class='ocrx_word' id='word_1_266' title='bbox 296 4294 343 4359; x_wconf 85' lang='lat' dir='ltr'>Et</span> <span class='ocrx_word' id='word_1_267' title='bbox 360 4293 510 4358; x_wconf 89' lang='lat' dir='ltr'>similiter</span> <span class='ocrx_word' id='word_1_268' title='bbox 535 4294 699 4360; x_wconf 87' lang='lat' dir='ltr'>scribatur</span> <span class='ocrx_word' id='word_1_269' title='bbox 716 4293 853 4361; x_wconf 87' lang='lat' dir='ltr'>Consuli</span> <span class='ocrx_word' id='word_1_270' title='bbox 869 4300 982 4357; x_wconf 83' lang='lat' dir='ltr'>nostro</span> <span class='ocrx_word' id='word_1_271' title='bbox 999 4288 1132 4374; x_wconf 89' lang='lat' dir='ltr'>Apulie,</span> <span class='ocrx_word' id='word_1_272' title='bbox 1148 4294 1185 4353; x_wconf 90' lang='lat' dir='ltr'>ut</span> 
     </span>
     <span class='ocr_line' id='line_1_35' title="bbox 64 4398 697 4488; baseline 0.006 -26"><span class='ocrx_word' id='word_1_273' title='bbox 64 4398 246 4470; x_wconf 86' lang='lat' dir='ltr'>informatus</span> <span class='ocrx_word' id='word_1_274' title='bbox 263 4401 308 4466; x_wconf 89' lang='lat' dir='ltr'>sit</span> <span class='ocrx_word' id='word_1_275' title='bbox 323 4401 364 4467; x_wconf 89' lang='lat' dir='ltr'>de</span> <span class='ocrx_word' id='word_1_276' title='bbox 381 4401 522 4468; x_wconf 86' lang='lat' dir='ltr'>veritate</span> <span class='ocrx_word' id='word_1_277' title='bbox 539 4402 697 4488; x_wconf 79' lang='lat' dir='ltr'>predicta.</span> 
     </span>
    </p>
   </div>
   <div class='ocr_carea' id='block_1_8' title="bbox 245 4526 993 4591">
    <p class='ocr_par' dir='ltr' id='par_1_9' title="bbox 245 4526 993 4591">
     <span class='ocr_line' id='line_1_36' title="bbox 245 4526 993 4591; baseline -0.003 -13"><span class='ocrx_word' id='word_1_278' title='bbox 245 4529 281 4589; x_wconf 83' lang='grc' dir='ltr'>(Δ</span> <span class='ocrx_word' id='word_1_279' title='bbox 295 4529 434 4578; x_wconf 86' lang='lat' dir='ltr'>velanczei</span> <span class='ocrx_word' id='word_1_280' title='bbox 450 4527 577 4579; x_wconf 72' lang='lat' dir='ltr'>»Secreta</span> <span class='ocrx_word' id='word_1_281' title='bbox 590 4529 706 4578; x_wconf 80' lang='lat' dir='ltr'>Consilii</span> <span class='ocrx_word' id='word_1_282' title='bbox 719 4526 993 4591; x_wconf 67' lang='lat' dir='ltr'>negatorum-nol.)</span> 
     </span>
    </p>
   </div>
   <div class='ocr_carea' id='block_1_9' title="bbox 546 4638 700 4648">
    <p class='ocr_par' dir='ltr' id='par_1_10' title="bbox 546 4638 700 4648">
     <span class='ocr_line' id='line_1_37' title="bbox 546 4638 700 4648; baseline -0.019 0"><span class='ocrx_word' id='word_1_283' title='bbox 546 4638 700 4648; x_wconf 76' lang='lat'><strong>——-—</strong></span> 
     </span>
    </p>
   </div>
   <div class='ocr_carea' id='block_1_10' title="bbox 0 0 1575 5248">
    <p class='ocr_par' dir='ltr' id='par_1_11' title="bbox 0 0 1575 5248">
     <span class='ocr_line' id='line_1_38' title="bbox 0 0 1575 5248; baseline 0 0"><span class='ocrx_word' id='word_1_284' title='bbox 0 0 1575 5248; x_wconf 95' lang='lat' dir='ltr'> </span> 
     </span>
    </p>
   </div>
  </div>
 </body>
</html>
