3166 5256
359 359 422 426 108
712 378 948 426 cranouscmsr
964 365 1134 426 amisus.

363 536 718 624 pimus-verisimiliter
750 538 971 619 formidantes,
996 539 1084 621 quud
1113 543 1189 622 post
1218 536 1348 621 lapbum
1379 552 1495 602 eamn·

267 698 273 711 .
357 647 433 714 dem
470 645 645 711 terminum
677 644 721 710 ad
753 645 894 712 offensas
924 653 1055 712 mutuas
1086 654 1120 712 et
1144 665 1339 728 mugressus
1355 642 1494 728 bellicos

359 754 451 820 hoste
477 752 656 834 instigante
686 751 843 836 predicto,
860 755 917 836 qui
936 774 1051 838 pacem
1067 753 1138 818 odit
1155 760 1189 818 et
1203 751 1388 818 discordias
1402 747 1497 817 fouet

359 867 391 927 et
407 861 526 945 diligit,
542 860 741 948 prosilirent,
762 869 795 928 et
812 861 1019 935 attendentes
1035 861 1255 942 nihilominus,
1266 860 1354 944 quod
1370 859 1496 942 exinde,

358 969 470 1053 lapsus
485 989 604 1051 rerum,
619 969 746 1037 excidia
770 989 989 1053 personarem,
1001 973 1034 1034 et
1044 968 1228 1035 animarum
1244 969 1390 1034 amarius
1404 968 1497 1053 plan·

359 1077 467 1160 gendo
491 1074 646 1160 pericula,
665 1096 805 1142 necnon
820 1075 992 1159 dispendis
1007 1074 1084 1142 fidei
1102 1073 1280 1158 catholice,
1297 1076 1392 1141 cuius
1407 1075 1495 1142 blas·

361 1185 437 1250 femi
462 1203 502 1248 ao
523 1189 748 1267 persecutores
776 1183 921 1250 crudeles
952 1190 986 1250 et
1016 1182 1126 1251 hostes
1152 1183 1220 1249 illis
1245 1181 1396 1267 partibus
1422 1188 1497 1248 sunt

361 1292 466 1372 vicini,
491 1297 524 1358 et
548 1291 616 1358 alia
640 1291 726 1359 mala
756 1293 1008 1360 innumerabilia
1032 1314 1097 1359 uon
1129 1291 1319 1376 reparanda
1349 1289 1495 1356 feciliter

362 1403 494 1484 possent
531 1400 634 1482 sequi,
658 1401 769 1485 eisque
785 1400 909 1468 obviari
949 1400 1127 1468 salubriter
1158 1406 1296 1485 paterne
1320 1398 1495 1482 diligentie

363 1507 480 1574 studiis
506 1506 683 1591 cupientes,
712 1516 755 1590 te,
786 1508 827 1574 da
842 1509 933 1574 cuius
948 1507 1106 1574 fidelitate
1122 1528 1162 1573 ao
1177 1507 1353 1593 probitatis
1385 1512 1420 1572 et
1436 1506 1497 1572 cir·

365 1615 613 1700 cumspectionis
638 1616 802 1682 industris
817 1616 947 1700 plenam
964 1616 998 1680 in
1014 1614 1157 1680 Domino
1172 1613 1327 1679 fiduciam
1343 1610 1497 1696 gerimus,

365 1722 408 1789 ad
424 1723 568 1806 ipsorum
584 1719 713 1807 Regum
727 1724 926 1807 presentiam
936 1727 1088 1808 etpartes
1098 1720 1174 1788 illas
1184 1721 1387 1806 prouidimus
1402 1739 1497 1805 prop

365 1835 458 1897 terea
488 1829 676 1914 specialiter
708 1828 947 1896 destinandum.
980 1827 1144 1913 Quocirca
1160 1828 1350 1896 discretioni
1366 1833 1424 1894 tue
1441 1847 1498 1912 per

366 1934 560 2021 Apostolica
576 1937 698 2021 scripta
712 1936 943 2004 committimus
961 1941 996 2002 et
1011 1935 1213 2022 mandamus,
1229 1939 1393 2019 quatenus
1407 1941 1440 2000 te
1456 1931 1497 1999 ad

365 2043 565 2129 presentiam
580 2049 612 2109 et
626 2047 737 2127 partes
753 2044 884 2110 easdem
899 2041 1046 2110 conterre
1062 2061 1255 2128 procurans,
1270 2040 1418 2126 prefatos
1435 2039 1497 2106 Be·

367 2170 425 2234 ges
442 2170 481 2214 ex
508 2154 604 2234 parte
620 2157 732 2219 nostra
748 2151 910 2234 requiras,
925 2169 1058 2217 moneas
1074 2155 1107 2215 et
1122 2150 1268 2234 inducas,
1283 2155 1323 2216 ut
1337 2147 1499 2234 premissis

368 2256 583 2324 consideretis
608 2258 652 2323 ad
677 2259 745 2324 vias
769 2257 933 2343 pacificas,
962 2258 1035 2326 Deo
1051 2257 1225 2343 placibiles
1240 2264 1273 2324 et
1289 2259 1421 2342 utrique
1451 2273 1499 2320 eo

367 2386 441 2430 rum
465 2363 574 2448 utiles,
599 2366 728 2433 omissis
752 2364 1031 2453 commotionibus,
1055 2364 1288 2431 offensionibus
1304 2369 1339 2430 et
1353 2382 1500 2449 congres-

369 2473 459 2540 sibus
474 2471 609 2552 bellicis,
626 2472 743 2556 quibus
775 2469 993 2538 offenderetur
1024 2473 1172 2556 grauiter
1188 2471 1263 2538 Rex
1278 2470 1437 2557 pacificus
1468 2475 1499 2535 et

369 2587 509 2664 eternus,
534 2585 763 2646 conuertentur
788 2585 823 2646 et
843 2580 995 2648 abilitent
1011 2580 1111 2647 corda
1127 2602 1195 2663 sua,
1211 2587 1244 2647 et
1259 2587 1297 2646 ut
1313 2582 1401 2646 inter
1415 2578 1500 2662 ipsos

369 2688 413 2754 ad
429 2687 615 2754 huiusmodi
631 2689 722 2772 pacis
732 2694 765 2754 et
774 2689 911 2755 unitatis
928 2689 1135 2755 concordiam
1152 2688 1408 2770 reformandam,
1417 2689 1500 2752 ciros

371 2815 537 2879 quamnos
547 2813 636 2860 more
652 2795 757 2878 patris
773 2793 928 2876 beniuoli,
945 2816 1042 2879 quem
1056 2816 1120 2861 non
1140 2795 1279 2880 preterit
1294 2792 1501 2861 incommoda

369 2901 513 2968 filiorum
528 2901 708 2984 intendere,
724 2900 836 2967 sedulo
852 2899 1059 2988 intendimus,
1074 2903 1189 2969 melius
1207 2902 1378 2986 statilius,
1393 2901 1499 2968 turbu·

369 3010 494 3077 uenum
510 3015 543 3074 et
558 3029 753 3094 guerrarum
767 3008 950 3074 fremitibus
981 3008 1232 3093 quiescentibus,
1247 3011 1376 3077 intendi
1392 3009 1501 3088 valeat,

370 3115 496 3183 Diuina
512 3118 623 3201 gretia
639 3115 841 3200 suffragante
866 3123 1009 3200 treugas,
1033 3118 1124 3202 pacis
1140 3125 1404 3203 representantes
1419 3137 1501 3203 yma·

371 3225 489 3307 ginem,
514 3227 600 3290 inter
626 3245 661 3291 se
686 3225 800 3290 ineant
824 3245 927 3308 usque
954 3226 996 3292 ad
1021 3227 1105 3292 certi
1120 3228 1277 3312 temporis
1295 3225 1502 3313 competentis

372 3331 523 3416 spatium,
538 3332 626 3399 inira
642 3331 729 3416 quod
740 3332 829 3398 dicta
839 3330 1014 3399 concordia
1023 3335 1162 3400 tractari
1178 3336 1293 3419 possit,
1309 3345 1342 3404 et
1352 3337 1501 3404 domante

372 3436 514 3502 Domino
524 3438 848 3521 perfici,duraturas;
865 3440 1018 3524 quodque
1034 3441 1106 3523 nisi,
1116 3447 1150 3507 te
1160 3443 1210 3508 vel
1225 3443 1302 3511 aliis
1319 3443 1415 3511 bonis
1432 3439 1502 3510 viris

373 3545 601 3626 mediantibus,
625 3545 734 3629 Reges
773 3547 835 3630 ipsi
860 3547 903 3612 ad
928 3547 1137 3616 concordiam
1164 3559 1313 3618 mutuam
1339 3550 1503 3637 pervenire

374 3653 531 3734 valerent,
547 3667 622 3718 suos
638 3649 907 3718 Ambassiatores
924 3660 958 3718 et
975 3653 1123 3721 Nunoios
1154 3655 1357 3725 sufficienter
1371 3661 1503 3725 instruc

374 3767 436 3841 tos,
451 3766 484 3825 et
498 3759 613 3826 idoneo
628 3759 785 3826 mandato
808 3759 958 3826 suffultos
975 3759 1084 3848 [super
1099 3766 1277 3850 premissis,
1294 3766 1338 3831 ad
1354 3766 1503 3835 Noram

374 3873 488 3932 curent
504 3873 679 3951 propterea
704 3865 910 3934 Prosentiam
935 3867 1111 3938 destinare.
1143 3870 1179 3937 Si
1197 3893 1275 3939 vero
1290 3873 1503 3958 prenominati

375 3973 485 4055 Reges
502 3973 576 4055 tuis,
592 3973 656 4040 imo
682 3974 803 4040 nostris
828 3975 950 4060 pocius,
975 3985 1012 4043 ut
1037 3998 1209 4062 speramus
1225 3982 1259 4046 in
1271 3978 1427 4065 Domino,
1442 4003 1503 4048 cum

376 4081 421 4146 eis
437 4103 497 4164 per
512 4082 594 4148 alias
611 4088 736 4149 nostras
752 4083 828 4148 inde
845 4084 1025 4153 scribamus
1049 4087 1190 4172 litteras,
1207 4091 1502 4175 optemperauerint

376 4187 653 4272 requisitionibus,
678 4191 960 4258 exhortationibus
985 4200 1020 4260 et
1045 4197 1180 4264 monitis
1198 4197 1387 4267 salubribus
1403 4201 1437 4267 in
1452 4202 1505 4266 hnc
1551 4243 1554 4250 -

377 4299 482 4375 parte,
505 4299 637 4378 treugas
652 4297 792 4364 ineundo
806 4299 989 4382 predictas;
1004 4305 1052 4384 tu,
1062 4303 1090 4368 si
1101 4305 1167 4389 ips'i
1183 4307 1365 4389 noluerint,
1374 4315 1501 4394 treugas
1575 4323 1577 4392 f

379 4398 426 4460 sic
442 4419 501 4481 per
516 4401 646 4466 eosdem
662 4403 759 4470 initas
775 4405 866 4488 penis
883 4411 916 4470 et
932 4409 1104 4475 sententiis
1131 4411 1373 4497 spiritualibus,
1389 4414 1430 4483 de
1447 4415 1507 4500 qui·

378 4505 438 4570 bus
454 4505 513 4573 tibi
531 4507 703 4594 videbitur,
719 4513 967 4597 promulgandis
998 4516 1159 4587 adversus
1176 4541 1240 4608 eos,
1256 4523 1314 4609 qui
1331 4547 1389 4593 eas
1405 4523 1507 4592 int-in
