<?xml version="1.0" encoding="UTF-8"?>
<!DOCTYPE html PUBLIC "-//W3C//DTD XHTML 1.0 Transitional//EN"
    "http://www.w3.org/TR/xhtml1/DTD/xhtml1-transitional.dtd">
<html xmlns="http://www.w3.org/1999/xhtml" xml:lang="en" lang="en">
 <head>
  <title>
</title>
<meta http-equiv="Content-Type" content="text/html;charset=utf-8" />
  <meta name='ocr-system' content='tesseract 3.04.00' />
  <meta name='ocr-capabilities' content='ocr_page ocr_carea ocr_par ocr_line ocrx_word'/>
</head>
<body>
  <div class='ocr_page' id='page_1' title='image "./magyardiplomacz01wenzgoog_0118.png"; bbox 0 0 3166 5256; ppageno 0'>
   <div class='ocr_carea' id='block_1_1' title="bbox 410 384 1208 478">
    <p class='ocr_par' dir='ltr' id='par_1_1' title="bbox 410 384 1208 478">
     <span class='ocr_line' id='line_1_1' title="bbox 410 384 1208 478; baseline 0 -35"><span class='ocrx_word' id='word_1_1' title='bbox 410 385 457 446; x_wconf 75' lang='grc'><strong>82</strong></span> <span class='ocrx_word' id='word_1_2' title='bbox 767 397 1002 448; x_wconf 76' lang='lat' dir='ltr'><strong>nrrncuaczrsr</strong></span> <span class='ocrx_word' id='word_1_3' title='bbox 1018 384 1208 478; x_wconf 66' lang='lat' dir='ltr'><strong>nunnnnm</strong></span> 
     </span>
    </p>
   </div>
   <div class='ocr_carea' id='block_1_2' title="bbox 1580 6 1584 535">
    <p class='ocr_par' dir='ltr' id='par_1_2' title="bbox 1580 6 1584 535">
     <span class='ocr_line' id='line_1_2' title="bbox 1580 6 1584 535; baseline 0 0"><span class='ocrx_word' id='word_1_4' title='bbox 1580 6 1584 535; x_wconf 95' lang='lat' dir='ltr'><strong> </strong></span> 
     </span>
    </p>
   </div>
   <div class='ocr_carea' id='block_1_3' title="bbox 400 557 1581 4631">
    <p class='ocr_par' dir='ltr' id='par_1_3' title="bbox 407 557 1581 1824">
     <span class='ocr_line' id='line_1_3' title="bbox 411 557 1524 644; baseline 0.005 -22"><span class='ocrx_word' id='word_1_5' title='bbox 411 557 490 640; x_wconf 88' lang='lat' dir='ltr'><strong>quia</strong></span> <span class='ocrx_word' id='word_1_6' title='bbox 505 557 677 625; x_wconf 79' lang='lat' dir='ltr'>Teutonici</span> <span class='ocrx_word' id='word_1_7' title='bbox 692 558 735 625; x_wconf 88' lang='lat' dir='ltr'><strong>ad</strong></span> <span class='ocrx_word' id='word_1_8' title='bbox 749 559 831 626; x_wconf 87' lang='lat' dir='ltr'><strong>talia</strong></span> <span class='ocrx_word' id='word_1_9' title='bbox 847 579 913 624; x_wconf 94' lang='lat' dir='ltr'><strong>non</strong></span> <span class='ocrx_word' id='word_1_10' title='bbox 929 564 1004 625; x_wconf 85' lang='lat' dir='ltr'><strong>sunt</strong></span> <span class='ocrx_word' id='word_1_11' title='bbox 1019 558 1108 643; x_wconf 88' lang='lat' dir='ltr'><strong>apti;</strong></span> <span class='ocrx_word' id='word_1_12' title='bbox 1123 559 1324 626; x_wconf 81' lang='lat' dir='ltr'><strong>rescribatur</strong></span> <span class='ocrx_word' id='word_1_13' title='bbox 1340 562 1379 641; x_wconf 86' lang='lat' dir='ltr'><strong>ei,</strong></span> <span class='ocrx_word' id='word_1_14' title='bbox 1390 563 1470 644; x_wconf 92' lang='lat' dir='ltr'><strong>quod</strong></span> <span class='ocrx_word' id='word_1_15' title='bbox 1483 584 1524 628; x_wconf 87' lang='lat' dir='ltr'><strong>su·</strong></span> 
     </span>
     <span class='ocr_line' id='line_1_4' title="bbox 410 664 1522 752; baseline 0.004 -21"><span class='ocrx_word' id='word_1_16' title='bbox 410 687 483 732; x_wconf 87' lang='lat' dir='ltr'><strong>mus</strong></span> <span class='ocrx_word' id='word_1_17' title='bbox 508 669 663 750; x_wconf 78' lang='lat' dir='ltr'><strong>contenti,</strong></span> <span class='ocrx_word' id='word_1_18' title='bbox 678 667 767 752; x_wconf 91' lang='lat' dir='ltr'><strong>quod</strong></span> <span class='ocrx_word' id='word_1_19' title='bbox 783 690 843 752; x_wconf 89' lang='lat' dir='ltr'><strong>pro</strong></span> <span class='ocrx_word' id='word_1_20' title='bbox 859 667 954 734; x_wconf 91' lang='lat' dir='ltr'><strong>dictis</strong></span> <span class='ocrx_word' id='word_1_21' title='bbox 969 667 1155 734; x_wconf 88' lang='lat' dir='ltr'><strong>hominibus</strong></span> <span class='ocrx_word' id='word_1_22' title='bbox 1171 667 1211 732; x_wconf 93' lang='lat' dir='ltr'><strong>de</strong></span> <span class='ocrx_word' id='word_1_23' title='bbox 1222 664 1320 752; x_wconf 79' lang='lat' dir='ltr'><strong>Pago</strong></span> <span class='ocrx_word' id='word_1_24' title='bbox 1337 676 1371 736; x_wconf 88' lang='lat' dir='ltr'><strong>et</strong></span> <span class='ocrx_word' id='word_1_25' title='bbox 1386 668 1477 735; x_wconf 88' lang='lat' dir='ltr'><strong>ctiam</strong></span> <span class='ocrx_word' id='word_1_26' title='bbox 1490 670 1522 736; x_wconf 88' lang='lat' dir='ltr'><strong>de</strong></span> 
     </span>
     <span class='ocr_line' id='line_1_5' title="bbox 411 773 1581 842; baseline 0.002 -4"><span class='ocrx_word' id='word_1_27' title='bbox 411 773 486 840; x_wconf 86' lang='lat' dir='ltr'><strong>aliis</strong></span> <span class='ocrx_word' id='word_1_28' title='bbox 502 776 601 841; x_wconf 89' lang='lat' dir='ltr'><strong>terris</strong></span> <span class='ocrx_word' id='word_1_29' title='bbox 617 777 738 842; x_wconf 87' lang='lat' dir='ltr'><strong>nostris</strong></span> <span class='ocrx_word' id='word_1_30' title='bbox 754 774 930 842; x_wconf 88' lang='lat' dir='ltr'><strong>Sclauonie</strong></span> <span class='ocrx_word' id='word_1_31' title='bbox 945 776 1056 841; x_wconf 87' lang='lat' dir='ltr'><strong>mittat</strong></span> <span class='ocrx_word' id='word_1_32' title='bbox 1071 775 1106 838; x_wconf 93' lang='lat' dir='ltr'><strong>in</strong></span> <span class='ocrx_word' id='word_1_33' title='bbox 1122 774 1251 840; x_wconf 82' lang='lat' dir='ltr'><strong>casibus</strong></span> <span class='ocrx_word' id='word_1_34' title='bbox 1268 776 1440 842; x_wconf 79' lang='lat' dir='ltr'><strong>necesariis</strong></span> <span class='ocrx_word' id='word_1_35' title='bbox 1455 776 1522 842; x_wconf 89' lang='lat' dir='ltr'><strong>sibi:</strong></span> <span class='ocrx_word' id='word_1_36' title='bbox 1580 775 1581 778; x_wconf 69' lang='grc'>’</span> 
     </span>
     <span class='ocr_line' id='line_1_6' title="bbox 409 881 1523 970; baseline 0.003 -23"><span class='ocrx_word' id='word_1_37' title='bbox 409 881 561 970; x_wconf 72' lang='lat' dir='ltr'><strong>nolumus</strong></span> <span class='ocrx_word' id='word_1_38' title='bbox 577 890 697 966; x_wconf 84' lang='lat' dir='ltr'><strong>temen,</strong></span> <span class='ocrx_word' id='word_1_39' title='bbox 713 883 801 966; x_wconf 90' lang='lat' dir='ltr'><strong>quod</strong></span> <span class='ocrx_word' id='word_1_40' title='bbox 816 883 857 950; x_wconf 92' lang='lat' dir='ltr'><strong>de</strong></span> <span class='ocrx_word' id='word_1_41' title='bbox 873 882 997 948; x_wconf 88' lang='lat' dir='ltr'><strong>civibus</strong></span> <span class='ocrx_word' id='word_1_42' title='bbox 1013 881 1107 966; x_wconf 82' lang='lat' dir='ltr'><strong>Pagi,</strong></span> <span class='ocrx_word' id='word_1_43' title='bbox 1124 881 1220 948; x_wconf 87' lang='lat' dir='ltr'><strong>Ncne</strong></span> <span class='ocrx_word' id='word_1_44' title='bbox 1236 903 1293 949; x_wconf 89' lang='lat' dir='ltr'><strong>seu</strong></span> <span class='ocrx_word' id='word_1_45' title='bbox 1308 883 1444 950; x_wconf 83' lang='lat' dir='ltr'><strong>alicuius</strong></span> <span class='ocrx_word' id='word_1_46' title='bbox 1457 886 1523 950; x_wconf 89' lang='lat' dir='ltr'><strong>alte-</strong></span> 
     </span>
     <span class='ocr_line' id='line_1_7' title="bbox 409 987 1522 1066; baseline 0.004 -14"><span class='ocrx_word' id='word_1_47' title='bbox 409 987 671 1066; x_wconf 62' lang='lat' dir='ltr'><strong>rius10ivitatum</strong></span> <span class='ocrx_word' id='word_1_48' title='bbox 687 997 873 1057; x_wconf 83' lang='lat' dir='ltr'><strong>nestrorum</strong></span> <span class='ocrx_word' id='word_1_49' title='bbox 889 988 1062 1057; x_wconf 83' lang='lat' dir='ltr'><strong>Sclnuonie</strong></span> <span class='ocrx_word' id='word_1_50' title='bbox 1088 987 1167 1055; x_wconf 82' lang='lat' dir='ltr'><strong>dere</strong></span> <span class='ocrx_word' id='word_1_51' title='bbox 1183 990 1304 1058; x_wconf 83' lang='lat' dir='ltr'><strong>debeat</strong></span> <span class='ocrx_word' id='word_1_52' title='bbox 1320 988 1439 1058; x_wconf 83' lang='lat' dir='ltr'><strong>Comiti</strong></span> <span class='ocrx_word' id='word_1_53' title='bbox 1453 989 1522 1058; x_wconf 82' lang='lat' dir='ltr'><strong>Gre</strong></span> 
     </span>
     <span class='ocr_line' id='line_1_8' title="bbox 409 1096 1524 1180; baseline 0.001 -19"><span class='ocrx_word' id='word_1_54' title='bbox 409 1097 512 1178; x_wconf 87' lang='lat' dir='ltr'><strong>gorio,</strong></span> <span class='ocrx_word' id='word_1_55' title='bbox 528 1119 588 1164; x_wconf 92' lang='lat' dir='ltr'><strong>nec</strong></span> <span class='ocrx_word' id='word_1_56' title='bbox 607 1099 704 1164; x_wconf 84' lang='lat' dir='ltr'><strong>alicui</strong></span> <span class='ocrx_word' id='word_1_57' title='bbox 715 1097 782 1180; x_wconf 90' lang='lat' dir='ltr'><strong>alii,</strong></span> <span class='ocrx_word' id='word_1_58' title='bbox 801 1119 861 1164; x_wconf 89' lang='lat' dir='ltr'><strong>neo</strong></span> <span class='ocrx_word' id='word_1_59' title='bbox 877 1098 924 1164; x_wconf 90' lang='lat' dir='ltr'><strong>eis</strong></span> <span class='ocrx_word' id='word_1_60' title='bbox 940 1097 1070 1163; x_wconf 89' lang='lat' dir='ltr'><strong>mittere</strong></span> <span class='ocrx_word' id='word_1_61' title='bbox 1086 1103 1181 1164; x_wconf 87' lang='lat' dir='ltr'><strong>extra</strong></span> <span class='ocrx_word' id='word_1_62' title='bbox 1190 1096 1388 1164; x_wconf 89' lang='lat' dir='ltr'><strong>Districtum</strong></span> <span class='ocrx_word' id='word_1_63' title='bbox 1403 1105 1434 1164; x_wconf 89' lang='lat' dir='ltr'><strong>et</strong></span> <span class='ocrx_word' id='word_1_64' title='bbox 1447 1099 1524 1164; x_wconf 88' lang='lat' dir='ltr'><strong>terri-</strong></span> 
     </span>
     <span class='ocr_line' id='line_1_9' title="bbox 408 1201 1521 1289; baseline 0.001 -21"><span class='ocrx_word' id='word_1_65' title='bbox 408 1203 528 1270; x_wconf 91' lang='lat' dir='ltr'><strong>torium</strong></span> <span class='ocrx_word' id='word_1_66' title='bbox 538 1205 651 1272; x_wconf 84' lang='lat' dir='ltr'><strong>Jedrc.</strong></span> <span class='ocrx_word' id='word_1_67' title='bbox 667 1207 714 1272; x_wconf 86' lang='lat' dir='ltr'><strong>Et</strong></span> <span class='ocrx_word' id='word_1_68' title='bbox 725 1206 787 1271; x_wconf 94' lang='lat' dir='ltr'><strong>hoc</strong></span> <span class='ocrx_word' id='word_1_69' title='bbox 798 1205 943 1287; x_wconf 88' lang='lat' dir='ltr'><strong>dicimus,</strong></span> <span class='ocrx_word' id='word_1_70' title='bbox 959 1204 1039 1288; x_wconf 92' lang='lat' dir='ltr'><strong>quia</strong></span> <span class='ocrx_word' id='word_1_71' title='bbox 1049 1201 1168 1271; x_wconf 84' lang='lat' dir='ltr'><strong>Comes</strong></span> <span class='ocrx_word' id='word_1_72' title='bbox 1184 1202 1364 1288; x_wconf 80' lang='lat' dir='ltr'><strong>Gregorius</strong></span> <span class='ocrx_word' id='word_1_73' title='bbox 1374 1205 1521 1289; x_wconf 86' lang='lat' dir='ltr'><strong>predictus</strong></span> 
     </span>
     <span class='ocr_line' id='line_1_10' title="bbox 408 1313 1521 1397; baseline 0.003 -23"><span class='ocrx_word' id='word_1_74' title='bbox 408 1331 513 1393; x_wconf 90' lang='lat' dir='ltr'><strong>nuper</strong></span> <span class='ocrx_word' id='word_1_75' title='bbox 538 1313 671 1397; x_wconf 85' lang='lat' dir='ltr'><strong>scripsit</strong></span> <span class='ocrx_word' id='word_1_76' title='bbox 687 1313 919 1380; x_wconf 86' lang='lat' dir='ltr'><strong>Proviscribus</strong></span> <span class='ocrx_word' id='word_1_77' title='bbox 943 1314 1076 1397; x_wconf 90' lang='lat' dir='ltr'><strong>nostris,</strong></span> <span class='ocrx_word' id='word_1_78' title='bbox 1099 1313 1187 1396; x_wconf 86' lang='lat' dir='ltr'><strong>quod</strong></span> <span class='ocrx_word' id='word_1_79' title='bbox 1211 1313 1274 1378; x_wconf 90' lang='lat' dir='ltr'><strong>sibi</strong></span> <span class='ocrx_word' id='word_1_80' title='bbox 1306 1315 1469 1380; x_wconf 79' lang='lat' dir='ltr'><strong>mitterent</strong></span> <span class='ocrx_word' id='word_1_81' title='bbox 1489 1313 1521 1378; x_wconf 89' lang='lat' dir='ltr'><strong>dc</strong></span> 
     </span>
     <span class='ocr_line' id='line_1_11' title="bbox 408 1420 1522 1506; baseline -0.001 -19"><span class='ocrx_word' id='word_1_82' title='bbox 408 1420 593 1488; x_wconf 86' lang='lat' dir='ltr'><strong>hominibus</strong></span> <span class='ocrx_word' id='word_1_83' title='bbox 605 1420 690 1506; x_wconf 83' lang='lat' dir='ltr'><strong>Pagi</strong></span> <span class='ocrx_word' id='word_1_84' title='bbox 709 1441 814 1503; x_wconf 89' lang='lat' dir='ltr'><strong>usque</strong></span> <span class='ocrx_word' id='word_1_85' title='bbox 830 1420 874 1487; x_wconf 86' lang='lat' dir='ltr'><strong>ad</strong></span> <span class='ocrx_word' id='word_1_86' title='bbox 889 1422 1068 1503; x_wconf 81' lang='lat' dir='ltr'><strong>ducentos3</strong></span> <span class='ocrx_word' id='word_1_87' title='bbox 1083 1442 1167 1506; x_wconf 92' lang='lat' dir='ltr'><strong>quos</strong></span> <span class='ocrx_word' id='word_1_88' title='bbox 1182 1443 1247 1489; x_wconf 91' lang='lat' dir='ltr'><strong>non</strong></span> <span class='ocrx_word' id='word_1_89' title='bbox 1263 1423 1434 1504; x_wconf 89' lang='lat' dir='ltr'><strong>credimus,</strong></span> <span class='ocrx_word' id='word_1_90' title='bbox 1448 1421 1522 1504; x_wconf 90' lang='lat' dir='ltr'><strong>qued</strong></span> 
     </span>
     <span class='ocr_line' id='line_1_12' title="bbox 408 1528 1521 1614; baseline 0 -21"><span class='ocrx_word' id='word_1_91' title='bbox 408 1529 489 1596; x_wconf 88' lang='lat' dir='ltr'><strong>relit</strong></span> <span class='ocrx_word' id='word_1_92' title='bbox 504 1550 564 1613; x_wconf 92' lang='lat' dir='ltr'><strong>pro</strong></span> <span class='ocrx_word' id='word_1_93' title='bbox 580 1529 692 1613; x_wconf 89' lang='lat' dir='ltr'><strong>aliqua</strong></span> <span class='ocrx_word' id='word_1_94' title='bbox 708 1530 796 1597; x_wconf 85' lang='lat' dir='ltr'><strong>bone</strong></span> <span class='ocrx_word' id='word_1_95' title='bbox 812 1549 928 1608; x_wconf 83' lang='lat' dir='ltr'><strong>causa3</strong></span> <span class='ocrx_word' id='word_1_96' title='bbox 945 1549 1056 1595; x_wconf 85' lang='lat' dir='ltr'><strong>verum</strong></span> <span class='ocrx_word' id='word_1_97' title='bbox 1071 1528 1112 1594; x_wconf 92' lang='lat' dir='ltr'><strong>de</strong></span> <span class='ocrx_word' id='word_1_98' title='bbox 1127 1529 1350 1614; x_wconf 85' lang='lat' dir='ltr'><strong>stipendiariis</strong></span> <span class='ocrx_word' id='word_1_99' title='bbox 1365 1528 1478 1594; x_wconf 87' lang='lat' dir='ltr'><strong>nostris</strong></span> <span class='ocrx_word' id='word_1_100' title='bbox 1494 1530 1521 1594; x_wconf 93' lang='lat' dir='ltr'><strong>in</strong></span> 
     </span>
     <span class='ocr_line' id='line_1_13' title="bbox 407 1636 1520 1722; baseline 0.001 -21"><span class='ocrx_word' id='word_1_101' title='bbox 407 1658 468 1705; x_wconf 88' lang='lat' dir='ltr'><strong>sua</strong></span> <span class='ocrx_word' id='word_1_102' title='bbox 485 1636 641 1703; x_wconf 86' lang='lat' dir='ltr'><strong>libertate</strong></span> <span class='ocrx_word' id='word_1_103' title='bbox 657 1637 871 1722; x_wconf 89' lang='lat' dir='ltr'><strong>relinquimus</strong></span> <span class='ocrx_word' id='word_1_104' title='bbox 897 1636 1007 1720; x_wconf 86' lang='lat' dir='ltr'><strong>dandi,</strong></span> <span class='ocrx_word' id='word_1_105' title='bbox 1035 1637 1153 1719; x_wconf 91' lang='lat' dir='ltr'><strong>quibus</strong></span> <span class='ocrx_word' id='word_1_106' title='bbox 1178 1643 1212 1704; x_wconf 89' lang='lat' dir='ltr'><strong>et</strong></span> <span class='ocrx_word' id='word_1_107' title='bbox 1237 1638 1324 1705; x_wconf 89' lang='lat' dir='ltr'><strong>sicut</strong></span> <span class='ocrx_word' id='word_1_108' title='bbox 1339 1637 1402 1704; x_wconf 90' lang='lat' dir='ltr'><strong>sibi</strong></span> <span class='ocrx_word' id='word_1_109' title='bbox 1414 1636 1520 1703; x_wconf 86' lang='lat' dir='ltr'><strong>ridebi-</strong></span> 
     </span>
     <span class='ocr_line' id='line_1_14' title="bbox 407 1744 1126 1824; baseline -0.001 -14"><span class='ocrx_word' id='word_1_110' title='bbox 407 1750 473 1824; x_wconf 87' lang='lat' dir='ltr'><strong>tur,</strong></span> <span class='ocrx_word' id='word_1_111' title='bbox 488 1748 526 1807; x_wconf 88' lang='lat' dir='ltr'><strong>ut</strong></span> <span class='ocrx_word' id='word_1_112' title='bbox 552 1744 738 1810; x_wconf 88' lang='lat' dir='ltr'><strong>continetur</strong></span> <span class='ocrx_word' id='word_1_113' title='bbox 753 1745 788 1810; x_wconf 92' lang='lat' dir='ltr'><strong>in</strong></span> <span class='ocrx_word' id='word_1_114' title='bbox 803 1745 874 1810; x_wconf 90' lang='lat' dir='ltr'><strong>eius</strong></span> <span class='ocrx_word' id='word_1_115' title='bbox 891 1746 1126 1812; x_wconf 87' lang='lat' dir='ltr'><strong>commissione.</strong></span> 
     </span>
    </p>

    <p class='ocr_par' dir='ltr' id='par_1_4' title="bbox 406 1846 1581 2280">
     <span class='ocr_line' id='line_1_15' title="bbox 514 1846 1521 1939; baseline 0.004 -25"><span class='ocrx_word' id='word_1_116' title='bbox 514 1846 787 1936; x_wconf 78' lang='lat' dir='ltr'><strong>CaptazQuod</strong></span> <span class='ocrx_word' id='word_1_117' title='bbox 803 1851 964 1920; x_wconf 89' lang='lat' dir='ltr'><strong>scribatur</strong></span> <span class='ocrx_word' id='word_1_118' title='bbox 980 1853 1285 1939; x_wconf 81' lang='lat' dir='ltr'><strong>nostroOapitaneo</strong></span> <span class='ocrx_word' id='word_1_119' title='bbox 1296 1855 1521 1934; x_wconf 87' lang='lat' dir='ltr'><strong>Maris,etnos·</strong></span> 
     </span>
     <span class='ocr_line' id='line_1_16' title="bbox 406 1960 1520 2048; baseline -0.003 -22"><span class='ocrx_word' id='word_1_120' title='bbox 406 1962 466 2027; x_wconf 87' lang='lat' dir='ltr'><strong>tris</strong></span> <span class='ocrx_word' id='word_1_121' title='bbox 483 1960 724 2042; x_wconf 83' lang='lat' dir='ltr'><strong>Provisoribus,</strong></span> <span class='ocrx_word' id='word_1_122' title='bbox 740 1961 829 2044; x_wconf 88' lang='lat' dir='ltr'><strong>quod</strong></span> <span class='ocrx_word' id='word_1_123' title='bbox 844 1961 884 2026; x_wconf 92' lang='lat' dir='ltr'><strong>de</strong></span> <span class='ocrx_word' id='word_1_124' title='bbox 901 1961 1085 2030; x_wconf 88' lang='lat' dir='ltr'><strong>hominibus</strong></span> <span class='ocrx_word' id='word_1_125' title='bbox 1101 1969 1133 2028; x_wconf 88' lang='lat' dir='ltr'><strong>et</strong></span> <span class='ocrx_word' id='word_1_126' title='bbox 1149 1963 1272 2029; x_wconf 80' lang='lat' dir='ltr'><strong>ciuibus</strong></span> <span class='ocrx_word' id='word_1_127' title='bbox 1287 1963 1374 2048; x_wconf 87' lang='lat' dir='ltr'><strong>Pagi</strong></span> <span class='ocrx_word' id='word_1_128' title='bbox 1389 1961 1438 2029; x_wconf 86' lang='lat' dir='ltr'><strong>vel</strong></span> <span class='ocrx_word' id='word_1_129' title='bbox 1452 1961 1520 2026; x_wconf 84' lang='lat' dir='ltr'><strong>alia·</strong></span> 
     </span>
     <span class='ocr_line' id='line_1_17' title="bbox 407 2065 1521 2137; baseline -0.003 -3"><span class='ocrx_word' id='word_1_130' title='bbox 407 2091 480 2134; x_wconf 91' lang='lat' dir='ltr'><strong>rum</strong></span> <span class='ocrx_word' id='word_1_131' title='bbox 496 2073 658 2134; x_wconf 87' lang='lat' dir='ltr'><strong>terrarum</strong></span> <span class='ocrx_word' id='word_1_132' title='bbox 675 2065 849 2134; x_wconf 82' lang='lat' dir='ltr'><strong>Sclauonie</strong></span> <span class='ocrx_word' id='word_1_133' title='bbox 864 2067 944 2134; x_wconf 87' lang='lat' dir='ltr'><strong>dere</strong></span> <span class='ocrx_word' id='word_1_134' title='bbox 959 2089 1026 2136; x_wconf 94' lang='lat' dir='ltr'><strong>non</strong></span> <span class='ocrx_word' id='word_1_135' title='bbox 1041 2067 1184 2136; x_wconf 88' lang='lat' dir='ltr'><strong>debeant</strong></span> <span class='ocrx_word' id='word_1_136' title='bbox 1198 2092 1258 2137; x_wconf 92' lang='lat' dir='ltr'><strong>nec</strong></span> <span class='ocrx_word' id='word_1_137' title='bbox 1273 2072 1403 2137; x_wconf 85' lang='lat' dir='ltr'><strong>mittere</strong></span> <span class='ocrx_word' id='word_1_138' title='bbox 1413 2066 1521 2134; x_wconf 81' lang='lat' dir='ltr'><strong>(leniti</strong></span> 
     </span>
     <span class='ocr_line' id='line_1_18' title="bbox 408 2174 1581 2280; baseline -0.001 -38"><span class='ocrx_word' id='word_1_139' title='bbox 408 2174 572 2262; x_wconf 84' lang='lat' dir='ltr'><strong>Gregorio</strong></span> <span class='ocrx_word' id='word_1_140' title='bbox 587 2198 648 2242; x_wconf 90' lang='lat' dir='ltr'><strong>nec</strong></span> <span class='ocrx_word' id='word_1_141' title='bbox 664 2175 764 2242; x_wconf 87' lang='lat' dir='ltr'><strong>alicui</strong></span> <span class='ocrx_word' id='word_1_142' title='bbox 780 2176 838 2242; x_wconf 90' lang='lat' dir='ltr'><strong>alii</strong></span> <span class='ocrx_word' id='word_1_143' title='bbox 853 2177 893 2243; x_wconf 91' lang='lat' dir='ltr'><strong>de</strong></span> <span class='ocrx_word' id='word_1_144' title='bbox 919 2175 1099 2244; x_wconf 83' lang='lat' dir='ltr'><strong>Soleuonie</strong></span> <span class='ocrx_word' id='word_1_145' title='bbox 1123 2177 1190 2245; x_wconf 91' lang='lat' dir='ltr'><strong>ullo</strong></span> <span class='ocrx_word' id='word_1_146' title='bbox 1216 2179 1314 2246; x_wconf 92' lang='lat' dir='ltr'><strong>modo</strong></span> <span class='ocrx_word' id='word_1_147' title='bbox 1330 2179 1380 2245; x_wconf 83' lang='lat' dir='ltr'><strong>rel</strong></span> <span class='ocrx_word' id='word_1_148' title='bbox 1395 2177 1521 2260; x_wconf 88' lang='lat' dir='ltr'><strong>ingenio.</strong></span> <span class='ocrx_word' id='word_1_149' title='bbox 1579 2207 1581 2280; x_wconf 32' lang='grc' dir='ltr'><strong>ᾗ</strong></span> 
     </span>
    </p>

    <p class='ocr_par' dir='ltr' id='par_1_5' title="bbox 402 2280 1581 3857">
     <span class='ocr_line' id='line_1_19' title="bbox 516 2280 1521 2368; baseline -0.001 -19"><span class='ocrx_word' id='word_1_150' title='bbox 516 2281 675 2367; x_wconf 82' lang='lat' dir='ltr'><strong>Capta:</strong></span> <span class='ocrx_word' id='word_1_151' title='bbox 694 2280 789 2366; x_wconf 82' lang='lat' dir='ltr'><strong>Quod</strong></span> <span class='ocrx_word' id='word_1_152' title='bbox 816 2283 859 2350; x_wconf 89' lang='lat' dir='ltr'><strong>ad</strong></span> <span class='ocrx_word' id='word_1_153' title='bbox 884 2285 1014 2352; x_wconf 82' lang='lat' dir='ltr'><strong>litteras</strong></span> <span class='ocrx_word' id='word_1_154' title='bbox 1031 2307 1084 2352; x_wconf 88' lang='lat' dir='ltr'><strong>ser</strong></span> <span class='ocrx_word' id='word_1_155' title='bbox 1101 2285 1193 2352; x_wconf 87' lang='lat' dir='ltr'><strong>Petri</strong></span> <span class='ocrx_word' id='word_1_156' title='bbox 1209 2286 1249 2352; x_wconf 93' lang='lat' dir='ltr'><strong>de</strong></span> <span class='ocrx_word' id='word_1_157' title='bbox 1266 2286 1386 2354; x_wconf 82' lang='lat' dir='ltr'><strong>Oanali</strong></span> <span class='ocrx_word' id='word_1_158' title='bbox 1402 2282 1521 2368; x_wconf 83' lang='lat' dir='ltr'><strong>(lapite-</strong></span> 
     </span>
     <span class='ocr_line' id='line_1_20' title="bbox 408 2388 1581 2478; baseline -0.004 -20"><span class='ocrx_word' id='word_1_159' title='bbox 408 2391 580 2458; x_wconf 87' lang='lat' dir='ltr'><strong>naiMaris</strong></span> <span class='ocrx_word' id='word_1_160' title='bbox 596 2388 851 2474; x_wconf 87' lang='lat' dir='ltr'><strong>respondeatur;</strong></span> <span class='ocrx_word' id='word_1_161' title='bbox 868 2393 956 2475; x_wconf 91' lang='lat' dir='ltr'><strong>quod</strong></span> <span class='ocrx_word' id='word_1_162' title='bbox 972 2392 1081 2476; x_wconf 89' lang='lat' dir='ltr'><strong>placet</strong></span> <span class='ocrx_word' id='word_1_163' title='bbox 1097 2393 1200 2474; x_wconf 83' lang='lat' dir='ltr'><strong>nobie,</strong></span> <span class='ocrx_word' id='word_1_164' title='bbox 1212 2394 1300 2478; x_wconf 89' lang='lat' dir='ltr'><strong>quod</strong></span> <span class='ocrx_word' id='word_1_165' title='bbox 1310 2400 1376 2460; x_wconf 81' lang='lat' dir='ltr'><strong>siet</strong></span> <span class='ocrx_word' id='word_1_166' title='bbox 1386 2393 1522 2458; x_wconf 85' lang='lat' dir='ltr'><strong>continue</strong></span> <span class='ocrx_word' id='word_1_167' title='bbox 1580 2469 1581 2478; x_wconf 8' lang='grc' dir='ltr'>ἵ</span> 
     </span>
     <span class='ocr_line' id='line_1_21' title="bbox 410 2479 1581 2586; baseline -0.003 -20"><span class='ocrx_word' id='word_1_168' title='bbox 410 2505 486 2567; x_wconf 91' lang='lat' dir='ltr'><strong>ante</strong></span> <span class='ocrx_word' id='word_1_169' title='bbox 503 2505 635 2583; x_wconf 90' lang='lat' dir='ltr'><strong>portum</strong></span> <span class='ocrx_word' id='word_1_170' title='bbox 650 2499 676 2566; x_wconf 91' lang='lat' dir='ltr'><strong>J</strong></span> <span class='ocrx_word' id='word_1_171' title='bbox 677 2498 768 2578; x_wconf 91' lang='lat' dir='ltr'><strong>adre,</strong></span> <span class='ocrx_word' id='word_1_172' title='bbox 784 2502 818 2561; x_wconf 94' lang='lat' dir='ltr'><strong>et</strong></span> <span class='ocrx_word' id='word_1_173' title='bbox 832 2519 899 2563; x_wconf 89' lang='lat' dir='ltr'><strong>ncn</strong></span> <span class='ocrx_word' id='word_1_174' title='bbox 914 2501 1087 2582; x_wconf 88' lang='lat' dir='ltr'><strong>permittat</strong></span> <span class='ocrx_word' id='word_1_175' title='bbox 1101 2501 1228 2566; x_wconf 87' lang='lat' dir='ltr'><strong>intrare</strong></span> <span class='ocrx_word' id='word_1_176' title='bbox 1244 2501 1269 2569; x_wconf 86' lang='lat' dir='ltr'><strong>J</strong></span> <span class='ocrx_word' id='word_1_177' title='bbox 1270 2501 1384 2568; x_wconf 86' lang='lat' dir='ltr'><strong>adram</strong></span> <span class='ocrx_word' id='word_1_178' title='bbox 1400 2498 1521 2582; x_wconf 85' lang='lat' dir='ltr'><strong>aliquod</strong></span> <span class='ocrx_word' id='word_1_179' title='bbox 1579 2479 1581 2586; x_wconf 74' lang='lat' dir='ltr'><strong>l</strong></span> 
     </span>
     <span class='ocr_line' id='line_1_22' title="bbox 406 2603 1580 2690; baseline 0.003 -17"><span class='ocrx_word' id='word_1_180' title='bbox 406 2608 581 2689; x_wconf 79' lang='lat' dir='ltr'><strong>nauigium,</strong></span> <span class='ocrx_word' id='word_1_181' title='bbox 607 2625 667 2670; x_wconf 92' lang='lat' dir='ltr'><strong>nec</strong></span> <span class='ocrx_word' id='word_1_182' title='bbox 692 2603 817 2690; x_wconf 92' lang='lat' dir='ltr'><strong>aliquid</strong></span> <span class='ocrx_word' id='word_1_183' title='bbox 842 2604 943 2690; x_wconf 84' lang='lat' dir='ltr'><strong>aliud,</strong></span> <span class='ocrx_word' id='word_1_184' title='bbox 969 2613 1001 2673; x_wconf 88' lang='lat' dir='ltr'><strong>et</strong></span> <span class='ocrx_word' id='word_1_185' title='bbox 1026 2605 1115 2690; x_wconf 92' lang='lat' dir='ltr'><strong>quod</strong></span> <span class='ocrx_word' id='word_1_186' title='bbox 1139 2609 1183 2673; x_wconf 85' lang='lat' dir='ltr'><strong>sit</strong></span> <span class='ocrx_word' id='word_1_187' title='bbox 1207 2608 1352 2674; x_wconf 83' lang='lat' dir='ltr'><strong>solicitus</strong></span> <span class='ocrx_word' id='word_1_188' title='bbox 1384 2607 1425 2673; x_wconf 87' lang='lat' dir='ltr'><strong>ad</strong></span> <span class='ocrx_word' id='word_1_189' title='bbox 1440 2627 1520 2672; x_wconf 88' lang='lat' dir='ltr'><strong>omne</strong></span> <span class='ocrx_word' id='word_1_190' title='bbox 1578 2635 1580 2676; x_wconf 80' lang='grc' dir='ltr'>ι</span> 
     </span>
     <span class='ocr_line' id='line_1_23' title="bbox 407 2695 1580 2800; baseline 0.003 -20"><span class='ocrx_word' id='word_1_191' title='bbox 407 2714 561 2780; x_wconf 88' lang='lat' dir='ltr'><strong>damnum</strong></span> <span class='ocrx_word' id='word_1_192' title='bbox 586 2711 838 2778; x_wconf 88' lang='lat' dir='ltr'><strong>Jadratinorum</strong></span> <span class='ocrx_word' id='word_1_193' title='bbox 864 2719 897 2780; x_wconf 87' lang='lat' dir='ltr'><strong>et</strong></span> <span class='ocrx_word' id='word_1_194' title='bbox 923 2735 1055 2781; x_wconf 88' lang='lat' dir='ltr'><strong>suorum</strong></span> <span class='ocrx_word' id='word_1_195' title='bbox 1080 2715 1295 2799; x_wconf 81' lang='lat' dir='ltr'><strong>navigiorum,</strong></span> <span class='ocrx_word' id='word_1_196' title='bbox 1320 2721 1357 2781; x_wconf 89' lang='lat' dir='ltr'><strong>ut</strong></span> <span class='ocrx_word' id='word_1_197' title='bbox 1376 2738 1432 2800; x_wconf 90' lang='lat' dir='ltr'><strong>per</strong></span> <span class='ocrx_word' id='word_1_198' title='bbox 1448 2714 1520 2781; x_wconf 78' lang='lat' dir='ltr'><strong>alies</strong></span> <span class='ocrx_word' id='word_1_199' title='bbox 1578 2695 1580 2784; x_wconf 65' lang='lat' dir='ltr'><strong>i</strong></span> 
     </span>
     <span class='ocr_line' id='line_1_24' title="bbox 406 2817 1580 2906; baseline -0.003 -19"><span class='ocrx_word' id='word_1_200' title='bbox 406 2821 537 2887; x_wconf 85' lang='lat' dir='ltr'><strong>litteras</strong></span> <span class='ocrx_word' id='word_1_201' title='bbox 553 2825 683 2888; x_wconf 88' lang='lat' dir='ltr'><strong>nostras</strong></span> <span class='ocrx_word' id='word_1_202' title='bbox 699 2820 923 2887; x_wconf 81' lang='lat' dir='ltr'><strong>mandarimus</strong></span> <span class='ocrx_word' id='word_1_203' title='bbox 940 2822 978 2886; x_wconf 88' lang='lat' dir='ltr'><strong>ci.</strong></span> <span class='ocrx_word' id='word_1_204' title='bbox 988 2823 1035 2889; x_wconf 88' lang='lat' dir='ltr'><strong>Et</strong></span> <span class='ocrx_word' id='word_1_205' title='bbox 1052 2823 1129 2904; x_wconf 84' lang='lat' dir='ltr'><strong>quia</strong></span> <span class='ocrx_word' id='word_1_206' title='bbox 1146 2822 1317 2904; x_wconf 91' lang='lat' dir='ltr'><strong>oredimus,</strong></span> <span class='ocrx_word' id='word_1_207' title='bbox 1327 2822 1414 2906; x_wconf 90' lang='lat' dir='ltr'><strong>quod</strong></span> <span class='ocrx_word' id='word_1_208' title='bbox 1430 2821 1520 2906; x_wconf 90' lang='lat' dir='ltr'><strong>appli·</strong></span> <span class='ocrx_word' id='word_1_209' title='bbox 1578 2817 1580 2868; x_wconf 76' lang='grc' dir='ltr'>ἶ</span> 
     </span>
     <span class='ocr_line' id='line_1_25' title="bbox 405 2927 1518 3015; baseline -0.004 -19"><span class='ocrx_word' id='word_1_210' title='bbox 405 2929 557 2996; x_wconf 87' lang='lat' dir='ltr'><strong>cantibus</strong></span> <span class='ocrx_word' id='word_1_211' title='bbox 574 2927 618 2994; x_wconf 88' lang='lat' dir='ltr'><strong>ad</strong></span> <span class='ocrx_word' id='word_1_212' title='bbox 634 2951 708 2995; x_wconf 93' lang='lat' dir='ltr'><strong>cum</strong></span> <span class='ocrx_word' id='word_1_213' title='bbox 724 2929 828 3012; x_wconf 87' lang='lat' dir='ltr'><strong>galeis</strong></span> <span class='ocrx_word' id='word_1_214' title='bbox 843 2929 974 3015; x_wconf 88' lang='lat' dir='ltr'><strong>nostris,</strong></span> <span class='ocrx_word' id='word_1_215' title='bbox 999 2951 1081 3013; x_wconf 88' lang='lat' dir='ltr'><strong>quas</strong></span> <span class='ocrx_word' id='word_1_216' title='bbox 1108 2952 1211 3015; x_wconf 90' lang='lat' dir='ltr'><strong>nuper</strong></span> <span class='ocrx_word' id='word_1_217' title='bbox 1228 2931 1292 2996; x_wconf 91' lang='lat' dir='ltr'><strong>sibi</strong></span> <span class='ocrx_word' id='word_1_218' title='bbox 1308 2929 1458 3012; x_wconf 89' lang='lat' dir='ltr'><strong>misimus,</strong></span> <span class='ocrx_word' id='word_1_219' title='bbox 1472 2928 1518 2992; x_wconf 88' lang='lat' dir='ltr'><strong>hn-</strong></span> 
     </span>
     <span class='ocr_line' id='line_1_26' title="bbox 405 3036 1517 3123; baseline -0.004 -20"><span class='ocrx_word' id='word_1_220' title='bbox 405 3037 497 3104; x_wconf 90' lang='lat' dir='ltr'><strong>bebit</strong></span> <span class='ocrx_word' id='word_1_221' title='bbox 512 3044 563 3105; x_wconf 89' lang='lat' dir='ltr'><strong>tot</strong></span> <span class='ocrx_word' id='word_1_222' title='bbox 578 3038 691 3121; x_wconf 87' lang='lat' dir='ltr'><strong>galeas</strong></span> <span class='ocrx_word' id='word_1_223' title='bbox 716 3045 748 3102; x_wconf 89' lang='lat' dir='ltr'><strong>et</strong></span> <span class='ocrx_word' id='word_1_224' title='bbox 773 3038 915 3123; x_wconf 85' lang='lat' dir='ltr'><strong>navigia,</strong></span> <span class='ocrx_word' id='word_1_225' title='bbox 940 3039 1027 3121; x_wconf 91' lang='lat' dir='ltr'><strong>quod</strong></span> <span class='ocrx_word' id='word_1_226' title='bbox 1051 3039 1173 3123; x_wconf 88' lang='lat' dir='ltr'><strong>poterit</strong></span> <span class='ocrx_word' id='word_1_227' title='bbox 1189 3047 1265 3106; x_wconf 88' lang='lat' dir='ltr'><strong>ante</strong></span> <span class='ocrx_word' id='word_1_228' title='bbox 1281 3045 1413 3123; x_wconf 87' lang='lat' dir='ltr'><strong>portum</strong></span> <span class='ocrx_word' id='word_1_229' title='bbox 1426 3036 1517 3105; x_wconf 86' lang='lat' dir='ltr'><strong>Jedre</strong></span> 
     </span>
     <span class='ocr_line' id='line_1_27' title="bbox 405 3143 1516 3228; baseline -0.004 -18"><span class='ocrx_word' id='word_1_230' title='bbox 405 3153 493 3212; x_wconf 87' lang='lat' dir='ltr'><strong>stare</strong></span> <span class='ocrx_word' id='word_1_231' title='bbox 518 3167 658 3224; x_wconf 87' lang='lat' dir='ltr'><strong>securus,</strong></span> <span class='ocrx_word' id='word_1_232' title='bbox 685 3144 801 3211; x_wconf 83' lang='lat' dir='ltr'><strong>etalio</strong></span> <span class='ocrx_word' id='word_1_233' title='bbox 826 3143 943 3228; x_wconf 86' lang='lat' dir='ltr'><strong>lacere,</strong></span> <span class='ocrx_word' id='word_1_234' title='bbox 968 3165 1031 3227; x_wconf 92' lang='lat' dir='ltr'><strong>que</strong></span> <span class='ocrx_word' id='word_1_235' title='bbox 1057 3145 1244 3228; x_wconf 90' lang='lat' dir='ltr'><strong>scripsimus</strong></span> <span class='ocrx_word' id='word_1_236' title='bbox 1269 3147 1310 3226; x_wconf 91' lang='lat' dir='ltr'><strong>ei,</strong></span> <span class='ocrx_word' id='word_1_237' title='bbox 1339 3143 1516 3212; x_wconf 81' lang='lat' dir='ltr'><strong>mandemus</strong></span> 
     </span>
     <span class='ocr_line' id='line_1_28' title="bbox 406 3241 1578 3338; baseline -0.005 -20"><span class='ocrx_word' id='word_1_238' title='bbox 406 3253 478 3336; x_wconf 92' lang='lat' dir='ltr'><strong>sibi,</strong></span> <span class='ocrx_word' id='word_1_239' title='bbox 494 3253 582 3335; x_wconf 89' lang='lat' dir='ltr'><strong>quod</strong></span> <span class='ocrx_word' id='word_1_240' title='bbox 598 3255 702 3338; x_wconf 88' lang='lat' dir='ltr'><strong>possit</strong></span> <span class='ocrx_word' id='word_1_241' title='bbox 718 3272 787 3317; x_wconf 91' lang='lat' dir='ltr'><strong>csse</strong></span> <span class='ocrx_word' id='word_1_242' title='bbox 804 3273 916 3318; x_wconf 89' lang='lat' dir='ltr'><strong>securo</strong></span> <span class='ocrx_word' id='word_1_243' title='bbox 932 3273 1004 3316; x_wconf 95' lang='lat' dir='ltr'><strong>cum</strong></span> <span class='ocrx_word' id='word_1_244' title='bbox 1029 3252 1088 3317; x_wconf 89' lang='lat' dir='ltr'><strong>illa</strong></span> <span class='ocrx_word' id='word_1_245' title='bbox 1112 3259 1206 3336; x_wconf 84' lang='lat' dir='ltr'><strong>perte</strong></span> <span class='ocrx_word' id='word_1_246' title='bbox 1232 3273 1291 3317; x_wconf 89' lang='lat' dir='ltr'><strong>sue</strong></span> <span class='ocrx_word' id='word_1_247' title='bbox 1315 3258 1448 3330; x_wconf 86' lang='lat' dir='ltr'><strong>armate,</strong></span> <span class='ocrx_word' id='word_1_248' title='bbox 1462 3269 1515 3332; x_wconf 89' lang='lat' dir='ltr'><strong>que</strong></span> <span class='ocrx_word' id='word_1_249' title='bbox 1577 3241 1578 3250; x_wconf 44' lang='lat'><em>²</em></span> 
     </span>
     <span class='ocr_line' id='line_1_29' title="bbox 404 3357 1517 3446; baseline -0.004 -20"><span class='ocrx_word' id='word_1_250' title='bbox 404 3360 468 3426; x_wconf 90' lang='lat' dir='ltr'><strong>sibi</strong></span> <span class='ocrx_word' id='word_1_251' title='bbox 483 3361 654 3446; x_wconf 84' lang='lat' dir='ltr'><strong>videbitur,</strong></span> <span class='ocrx_word' id='word_1_252' title='bbox 670 3358 882 3426; x_wconf 87' lang='lat' dir='ltr'><strong>antedictum</strong></span> <span class='ocrx_word' id='word_1_253' title='bbox 899 3366 1031 3442; x_wconf 87' lang='lat' dir='ltr'><strong>portum</strong></span> <span class='ocrx_word' id='word_1_254' title='bbox 1046 3357 1169 3440; x_wconf 82' lang='lat' dir='ltr'><strong>Jadre3</strong></span> <span class='ocrx_word' id='word_1_255' title='bbox 1185 3360 1297 3424; x_wconf 85' lang='lat' dir='ltr'><strong>mittut</strong></span> <span class='ocrx_word' id='word_1_256' title='bbox 1313 3361 1357 3426; x_wconf 87' lang='lat' dir='ltr'><strong>ad</strong></span> <span class='ocrx_word' id='word_1_257' title='bbox 1373 3359 1517 3442; x_wconf 89' lang='lat' dir='ltr'><strong>accipien-</strong></span> 
     </span>
     <span class='ocr_line' id='line_1_30' title="bbox 403 3467 1513 3551; baseline -0.006 -17"><span class='ocrx_word' id='word_1_258' title='bbox 403 3467 481 3535; x_wconf 92' lang='lat' dir='ltr'><strong>dum</strong></span> <span class='ocrx_word' id='word_1_259' title='bbox 497 3469 653 3535; x_wconf 88' lang='lat' dir='ltr'><strong>animalia</strong></span> <span class='ocrx_word' id='word_1_260' title='bbox 668 3467 930 3551; x_wconf 85' lang='lat' dir='ltr'><strong>Jadretinornm,</strong></span> <span class='ocrx_word' id='word_1_261' title='bbox 955 3488 1017 3549; x_wconf 91' lang='lat' dir='ltr'><strong>que</strong></span> <span class='ocrx_word' id='word_1_262' title='bbox 1043 3472 1119 3532; x_wconf 89' lang='lat' dir='ltr'><strong>sunt</strong></span> <span class='ocrx_word' id='word_1_263' title='bbox 1143 3467 1177 3532; x_wconf 94' lang='lat' dir='ltr'><strong>in</strong></span> <span class='ocrx_word' id='word_1_264' title='bbox 1193 3467 1319 3548; x_wconf 88' lang='lat' dir='ltr'><strong>insulis,</strong></span> <span class='ocrx_word' id='word_1_265' title='bbox 1336 3474 1368 3533; x_wconf 89' lang='lat' dir='ltr'><strong>et</strong></span> <span class='ocrx_word' id='word_1_266' title='bbox 1383 3469 1440 3533; x_wconf 86' lang='lat' dir='ltr'><strong>illa</strong></span> <span class='ocrx_word' id='word_1_267' title='bbox 1454 3485 1513 3529; x_wconf 89' lang='lat' dir='ltr'><strong>cum</strong></span> 
     </span>
     <span class='ocr_line' id='line_1_31' title="bbox 404 3573 1517 3661; baseline -0.007 -19"><span class='ocrx_word' id='word_1_268' title='bbox 404 3575 597 3661; x_wconf 88' lang='lat' dir='ltr'><strong>berehosiis,</strong></span> <span class='ocrx_word' id='word_1_269' title='bbox 621 3576 764 3641; x_wconf 81' lang='lat' dir='ltr'><strong>maronis</strong></span> <span class='ocrx_word' id='word_1_270' title='bbox 791 3581 824 3639; x_wconf 89' lang='lat' dir='ltr'><strong>et</strong></span> <span class='ocrx_word' id='word_1_271' title='bbox 848 3574 921 3638; x_wconf 83' lang='lat' dir='ltr'><strong>aliis</strong></span> <span class='ocrx_word' id='word_1_272' title='bbox 947 3573 1095 3658; x_wconf 85' lang='lat' dir='ltr'><strong>navigiis,</strong></span> <span class='ocrx_word' id='word_1_273' title='bbox 1119 3579 1157 3639; x_wconf 91' lang='lat' dir='ltr'><strong>ut</strong></span> <span class='ocrx_word' id='word_1_274' title='bbox 1171 3574 1202 3639; x_wconf 89' lang='lat' dir='ltr'><strong>ei</strong></span> <span class='ocrx_word' id='word_1_275' title='bbox 1216 3573 1387 3656; x_wconf 88' lang='lat' dir='ltr'><strong>videbitur,</strong></span> <span class='ocrx_word' id='word_1_276' title='bbox 1419 3575 1517 3639; x_wconf 83' lang='lat' dir='ltr'><strong>mittat</strong></span> 
     </span>
     <span class='ocr_line' id='line_1_32' title="bbox 403 3655 1577 3767; baseline -0.009 -15"><span class='ocrx_word' id='word_1_277' title='bbox 403 3679 573 3763; x_wconf 89' lang='lat' dir='ltr'><strong>Venecias,</strong></span> <span class='ocrx_word' id='word_1_278' title='bbox 600 3683 684 3748; x_wconf 87' lang='lat' dir='ltr'><strong>sicut</strong></span> <span class='ocrx_word' id='word_1_279' title='bbox 707 3680 893 3749; x_wconf 89' lang='lat' dir='ltr'><strong>distinctius</strong></span> <span class='ocrx_word' id='word_1_280' title='bbox 919 3679 980 3746; x_wconf 91' lang='lat' dir='ltr'><strong>sibi</strong></span> <span class='ocrx_word' id='word_1_281' title='bbox 1006 3682 1194 3766; x_wconf 87' lang='lat' dir='ltr'><strong>scripsimus</strong></span> <span class='ocrx_word' id='word_1_282' title='bbox 1224 3703 1283 3767; x_wconf 90' lang='lat' dir='ltr'><strong>per</strong></span> <span class='ocrx_word' id='word_1_283' title='bbox 1300 3681 1384 3748; x_wconf 85' lang='lat' dir='ltr'><strong>alias</strong></span> <span class='ocrx_word' id='word_1_284' title='bbox 1399 3683 1514 3748; x_wconf 84' lang='lat' dir='ltr'><strong>litteras</strong></span> <span class='ocrx_word' id='word_1_285' title='bbox 1574 3655 1577 3682; x_wconf 66' lang='lat'><em>¹</em></span> 
     </span>
     <span class='ocr_line' id='line_1_33' title="bbox 402 3797 543 3857; baseline -0.007 0"><span class='ocrx_word' id='word_1_286' title='bbox 402 3797 543 3857; x_wconf 89' lang='lat' dir='ltr'><strong>nostras.</strong></span> 
     </span>
    </p>

    <p class='ocr_par' dir='ltr' id='par_1_6' title="bbox 400 3898 1557 4631">
     <span class='ocr_line' id='line_1_34' title="bbox 510 3898 1516 3986; baseline -0.003 -19"><span class='ocrx_word' id='word_1_287' title='bbox 510 3899 672 3985; x_wconf 78' lang='lat' dir='ltr'><strong>Capta:</strong></span> <span class='ocrx_word' id='word_1_288' title='bbox 689 3898 784 3984; x_wconf 82' lang='lat' dir='ltr'><strong>Quod</strong></span> <span class='ocrx_word' id='word_1_289' title='bbox 799 3898 1040 3986; x_wconf 83' lang='lat' dir='ltr'><strong>respondeatur</strong></span> <span class='ocrx_word' id='word_1_290' title='bbox 1059 3901 1180 3967; x_wconf 88' lang='lat' dir='ltr'><strong>nostris</strong></span> <span class='ocrx_word' id='word_1_291' title='bbox 1196 3899 1436 3984; x_wconf 86' lang='lat' dir='ltr'><strong>Proviscribus,</strong></span> <span class='ocrx_word' id='word_1_292' title='bbox 1450 3917 1516 3982; x_wconf 85' lang='lat' dir='ltr'><strong>quo</strong></span> 
     </span>
     <span class='ocr_line' id='line_1_35' title="bbox 400 4005 1516 4094; baseline -0.007 -20"><span class='ocrx_word' id='word_1_293' title='bbox 400 4006 497 4074; x_wconf 89' lang='lat' dir='ltr'><strong>modo</strong></span> <span class='ocrx_word' id='word_1_294' title='bbox 513 4007 732 4074; x_wconf 85' lang='lat' dir='ltr'><strong>intelleximus</strong></span> <span class='ocrx_word' id='word_1_295' title='bbox 757 4009 865 4094; x_wconf 83' lang='lat' dir='ltr'><strong>rerba,</strong></span> <span class='ocrx_word' id='word_1_296' title='bbox 889 4030 952 4093; x_wconf 89' lang='lat' dir='ltr'><strong>que</strong></span> <span class='ocrx_word' id='word_1_297' title='bbox 979 4008 1180 4092; x_wconf 89' lang='lat' dir='ltr'><strong>scripserunt</strong></span> <span class='ocrx_word' id='word_1_298' title='bbox 1193 4009 1228 4073; x_wconf 91' lang='lat' dir='ltr'><strong>in</strong></span> <span class='ocrx_word' id='word_1_299' title='bbox 1244 4009 1291 4073; x_wconf 91' lang='lat' dir='ltr'><strong>eis</strong></span> <span class='ocrx_word' id='word_1_300' title='bbox 1308 4005 1348 4072; x_wconf 88' lang='lat' dir='ltr'><strong>dc</strong></span> <span class='ocrx_word' id='word_1_301' title='bbox 1365 4005 1516 4073; x_wconf 89' lang='lat' dir='ltr'><strong>mutabili-</strong></span> 
     </span>
     <span class='ocr_line' id='line_1_36' title="bbox 400 4113 1557 4200; baseline 0.002 -19"><span class='ocrx_word' id='word_1_302' title='bbox 400 4123 469 4181; x_wconf 85' lang='lat' dir='ltr'><strong>tate</strong></span> <span class='ocrx_word' id='word_1_303' title='bbox 485 4113 625 4184; x_wconf 80' lang='lat' dir='ltr'><strong>Oomitis</strong></span> <span class='ocrx_word' id='word_1_304' title='bbox 641 4114 803 4200; x_wconf 85' lang='lat' dir='ltr'><strong>Gregorii,</strong></span> <span class='ocrx_word' id='word_1_305' title='bbox 818 4122 851 4180; x_wconf 90' lang='lat' dir='ltr'><strong>et</strong></span> <span class='ocrx_word' id='word_1_306' title='bbox 866 4116 908 4182; x_wconf 89' lang='lat' dir='ltr'><strong>de</strong></span> <span class='ocrx_word' id='word_1_307' title='bbox 923 4117 1143 4200; x_wconf 71' lang='lat' dir='ltr'><strong>petitionibus</strong></span> <span class='ocrx_word' id='word_1_308' title='bbox 1160 4137 1241 4199; x_wconf 86' lang='lat' dir='ltr'><strong>ques</strong></span> <span class='ocrx_word' id='word_1_309' title='bbox 1258 4114 1339 4181; x_wconf 82' lang='lat' dir='ltr'><strong>lacit</strong></span> <span class='ocrx_word' id='word_1_310' title='bbox 1354 4118 1386 4182; x_wconf 93' lang='lat' dir='ltr'><strong>in</strong></span> <span class='ocrx_word' id='word_1_311' title='bbox 1404 4115 1516 4200; x_wconf 88' lang='lat' dir='ltr'><strong>pregiu·</strong></span> <span class='ocrx_word' id='word_1_312' title='bbox 1551 4170 1557 4183; x_wconf 95' lang='lat'><em>.</em></span> 
     </span>
     <span class='ocr_line' id='line_1_37' title="bbox 403 4221 1517 4306; baseline 0 -20"><span class='ocrx_word' id='word_1_313' title='bbox 403 4222 523 4288; x_wconf 85' lang='lat' dir='ltr'><strong>dicium</strong></span> <span class='ocrx_word' id='word_1_314' title='bbox 538 4225 641 4290; x_wconf 88' lang='lat' dir='ltr'><strong>nostri</strong></span> <span class='ocrx_word' id='word_1_315' title='bbox 653 4225 794 4306; x_wconf 85' lang='lat' dir='ltr'><strong>honoris,</strong></span> <span class='ocrx_word' id='word_1_316' title='bbox 805 4224 967 4290; x_wconf 76' lang='lat' dir='ltr'><strong>tantando</strong></span> <span class='ocrx_word' id='word_1_317' title='bbox 984 4225 1084 4289; x_wconf 90' lang='lat' dir='ltr'><strong>etiam</strong></span> <span class='ocrx_word' id='word_1_318' title='bbox 1097 4223 1182 4290; x_wconf 90' lang='lat' dir='ltr'><strong>bona</strong></span> <span class='ocrx_word' id='word_1_319' title='bbox 1192 4221 1216 4288; x_wconf 86' lang='lat' dir='ltr'><strong>J</strong></span> <span class='ocrx_word' id='word_1_320' title='bbox 1218 4223 1441 4289; x_wconf 82' lang='lat' dir='ltr'><strong>adratinorum</strong></span> <span class='ocrx_word' id='word_1_321' title='bbox 1451 4229 1517 4298; x_wconf 81' lang='lat' dir='ltr'><strong>etc.;</strong></span> 
     </span>
     <span class='ocr_line' id='line_1_38' title="bbox 407 4329 1517 4416; baseline -0.002 -23"><span class='ocrx_word' id='word_1_322' title='bbox 407 4350 470 4411; x_wconf 90' lang='lat' dir='ltr'><strong>que</strong></span> <span class='ocrx_word' id='word_1_323' title='bbox 485 4330 586 4396; x_wconf 80' lang='lat' dir='ltr'><strong>uerba</strong></span> <span class='ocrx_word' id='word_1_324' title='bbox 603 4333 685 4399; x_wconf 88' lang='lat' dir='ltr'><strong>dant</strong></span> <span class='ocrx_word' id='word_1_325' title='bbox 700 4333 793 4399; x_wconf 90' lang='lat' dir='ltr'><strong>nobis</strong></span> <span class='ocrx_word' id='word_1_326' title='bbox 812 4332 944 4399; x_wconf 91' lang='lat' dir='ltr'><strong>dubium</strong></span> <span class='ocrx_word' id='word_1_327' title='bbox 969 4333 1003 4396; x_wconf 94' lang='lat' dir='ltr'><strong>in</strong></span> <span class='ocrx_word' id='word_1_328' title='bbox 1029 4329 1136 4415; x_wconf 89' lang='lat' dir='ltr'><strong>rebus,</strong></span> <span class='ocrx_word' id='word_1_329' title='bbox 1159 4352 1239 4416; x_wconf 88' lang='lat' dir='ltr'><strong>quas</strong></span> <span class='ocrx_word' id='word_1_330' title='bbox 1255 4330 1459 4413; x_wconf 87' lang='lat' dir='ltr'><strong>promitteret</strong></span> <span class='ocrx_word' id='word_1_331' title='bbox 1472 4349 1517 4393; x_wconf 91' lang='lat' dir='ltr'><strong>nc·</strong></span> 
     </span>
     <span class='ocr_line' id='line_1_39' title="bbox 401 4433 1516 4526; baseline -0.003 -24"><span class='ocrx_word' id='word_1_332' title='bbox 401 4437 459 4517; x_wconf 89' lang='lat' dir='ltr'><strong>bis,</strong></span> <span class='ocrx_word' id='word_1_333' title='bbox 476 4458 516 4501; x_wconf 91' lang='lat' dir='ltr'><strong>ne</strong></span> <span class='ocrx_word' id='word_1_334' title='bbox 533 4438 689 4507; x_wconf 89' lang='lat' dir='ltr'><strong>deficeret</strong></span> <span class='ocrx_word' id='word_1_335' title='bbox 714 4441 766 4507; x_wconf 87' lang='lat' dir='ltr'><strong>vel</strong></span> <span class='ocrx_word' id='word_1_336' title='bbox 791 4447 934 4506; x_wconf 86' lang='lat' dir='ltr'><strong>servaret</strong></span> <span class='ocrx_word' id='word_1_337' title='bbox 959 4440 1127 4526; x_wconf 86' lang='lat' dir='ltr'><strong>promissa,</strong></span> <span class='ocrx_word' id='word_1_338' title='bbox 1152 4437 1239 4520; x_wconf 90' lang='lat' dir='ltr'><strong>quod</strong></span> <span class='ocrx_word' id='word_1_339' title='bbox 1265 4443 1375 4522; x_wconf 87' lang='lat' dir='ltr'><strong>posset</strong></span> <span class='ocrx_word' id='word_1_340' title='bbox 1390 4433 1516 4521; x_wconf 88' lang='lat' dir='ltr'><strong>prciudi·</strong></span> 
     </span>
     <span class='ocr_line' id='line_1_40' title="bbox 400 4543 1511 4631; baseline -0.005 -19"><span class='ocrx_word' id='word_1_341' title='bbox 400 4565 476 4612; x_wconf 84' lang='lat' dir='ltr'><strong>care</strong></span> <span class='ocrx_word' id='word_1_342' title='bbox 489 4544 668 4630; x_wconf 90' lang='lat' dir='ltr'><strong>plurimum</strong></span> <span class='ocrx_word' id='word_1_343' title='bbox 693 4547 789 4612; x_wconf 84' lang='lat' dir='ltr'><strong>factis</strong></span> <span class='ocrx_word' id='word_1_344' title='bbox 813 4548 942 4614; x_wconf 88' lang='lat' dir='ltr'><strong>nostris.</strong></span> <span class='ocrx_word' id='word_1_345' title='bbox 967 4549 1016 4614; x_wconf 82' lang='lat' dir='ltr'><strong>Et</strong></span> <span class='ocrx_word' id='word_1_346' title='bbox 1040 4549 1117 4630; x_wconf 87' lang='lat' dir='ltr'><strong>quia</strong></span> <span class='ocrx_word' id='word_1_347' title='bbox 1140 4547 1245 4630; x_wconf 91' lang='lat' dir='ltr'><strong>pridie</strong></span> <span class='ocrx_word' id='word_1_348' title='bbox 1262 4545 1449 4631; x_wconf 89' lang='lat' dir='ltr'><strong>scripsimus</strong></span> <span class='ocrx_word' id='word_1_349' title='bbox 1463 4543 1511 4620; x_wconf 88' lang='lat' dir='ltr'><strong>eis,</strong></span> 
     </span>
    </p>
   </div>
   <div class='ocr_carea' id='block_1_4' title="bbox 0 0 1588 5256">
    <p class='ocr_par' dir='ltr' id='par_1_7' title="bbox 0 0 1588 5256">
     <span class='ocr_line' id='line_1_41' title="bbox 0 0 1588 5256; baseline 0 3"><span class='ocrx_word' id='word_1_350' title='bbox 0 0 1588 5256; x_wconf 95' lang='lat' dir='ltr'><strong> </strong></span> 
     </span>
    </p>
   </div>
  </div>
 </body>
</html>
