<?xml version="1.0" encoding="UTF-8"?>
<!DOCTYPE html PUBLIC "-//W3C//DTD XHTML 1.0 Transitional//EN"
    "http://www.w3.org/TR/xhtml1/DTD/xhtml1-transitional.dtd">
<html xmlns="http://www.w3.org/1999/xhtml" xml:lang="en" lang="en">
 <head>
  <title>
</title>
<meta http-equiv="Content-Type" content="text/html;charset=utf-8" />
  <meta name='ocr-system' content='tesseract 3.04.00' />
  <meta name='ocr-capabilities' content='ocr_page ocr_carea ocr_par ocr_line ocrx_word'/>
</head>
<body>
  <div class='ocr_page' id='page_1' title='image "./magyardiplomacz01wenzgoog_0187.png"; bbox 0 0 3134 5252; ppageno 0'>
   <div class='ocr_carea' id='block_1_1' title="bbox 570 365 1183 436">
    <p class='ocr_par' dir='ltr' id='par_1_1' title="bbox 570 365 1183 436">
     <span class='ocr_line' id='line_1_1' title="bbox 570 365 1183 436; baseline -0.002 -10"><span class='ocrx_word' id='word_1_1' title='bbox 570 365 663 427; x_wconf 83' lang='lat'>1346.</span> <span class='ocrx_word' id='word_1_2' title='bbox 1123 373 1183 436; x_wconf 86' lang='lat'>151</span> 
     </span>
    </p>
   </div>
   <div class='ocr_carea' id='block_1_2' title="bbox 1 503 1186 627">
    <p class='ocr_par' dir='ltr' id='par_1_2' title="bbox 1 503 1186 627">
     <span class='ocr_line' id='line_1_2' title="bbox 1 503 1186 627; baseline 0.007 -20"><span class='ocrx_word' id='word_1_3' title='bbox 1 503 2 597; x_wconf 27' lang='grc'><strong>1</strong></span> <span class='ocrx_word' id='word_1_4' title='bbox 71 540 191 608; x_wconf 74' lang='lat' dir='ltr'>mutate</span> <span class='ocrx_word' id='word_1_5' title='bbox 213 539 375 623; x_wconf 82' lang='lat' dir='ltr'>Neapolis</span> <span class='ocrx_word' id='word_1_6' title='bbox 400 559 511 606; x_wconf 86' lang='lat' dir='ltr'>coram</span> <span class='ocrx_word' id='word_1_7' title='bbox 536 539 660 625; x_wconf 82' lang='lat' dir='ltr'>Magno</span> <span class='ocrx_word' id='word_1_8' title='bbox 686 541 795 627; x_wconf 82' lang='lat' dir='ltr'>Regni</span> <span class='ocrx_word' id='word_1_9' title='bbox 821 543 934 612; x_wconf 78' lang='lat' dir='ltr'>Sicilie</span> <span class='ocrx_word' id='word_1_10' title='bbox 952 544 1186 614; x_wconf 83' lang='lat' dir='ltr'>Comestabulo</span> 
     </span>
    </p>
   </div>
   <div class='ocr_carea' id='block_1_3' title="bbox 1 645 1187 847">
    <p class='ocr_par' dir='ltr' id='par_1_3' title="bbox 1 645 1187 847">
     <span class='ocr_line' id='line_1_3' title="bbox 1 645 1187 735; baseline 0.006 -22"><span class='ocrx_word' id='word_1_11' title='bbox 1 672 2 676; x_wconf 43' lang='lat'>¹</span> <span class='ocrx_word' id='word_1_12' title='bbox 71 653 231 713; x_wconf 75' lang='lat' dir='ltr'><strong>monstram</strong></span> <span class='ocrx_word' id='word_1_13' title='bbox 246 645 357 712; x_wconf 85' lang='lat' dir='ltr'>facere</span> <span class='ocrx_word' id='word_1_14' title='bbox 373 653 407 713; x_wconf 93' lang='lat' dir='ltr'>et</span> <span class='ocrx_word' id='word_1_15' title='bbox 432 647 772 724; x_wconf 79' lang='lat' dir='ltr'>militareservicium</span> <span class='ocrx_word' id='word_1_16' title='bbox 796 659 945 735; x_wconf 79' lang='lat' dir='ltr'>prestare</span> <span class='ocrx_word' id='word_1_17' title='bbox 971 660 1032 720; x_wconf 81' lang='lat' dir='ltr'>ete</span> <span class='ocrx_word' id='word_1_18' title='bbox 1063 654 1187 722; x_wconf 86' lang='lat' dir='ltr'>Datum</span> 
     </span>
     <span class='ocr_line' id='line_1_4' title="bbox 71 753 973 847; baseline 0.001 -24"><span class='ocrx_word' id='word_1_19' title='bbox 71 755 197 840; x_wconf 76' lang='lat' dir='ltr'>Neapoli</span> <span class='ocrx_word' id='word_1_20' title='bbox 211 776 298 820; x_wconf 91' lang='lat' dir='ltr'>anno</span> <span class='ocrx_word' id='word_1_21' title='bbox 314 753 576 825; x_wconf 76' lang='lat' dir='ltr'>MOOGXLVI.</span> <span class='ocrx_word' id='word_1_22' title='bbox 593 756 646 822; x_wconf 90' lang='lat' dir='ltr'>die</span> <span class='ocrx_word' id='word_1_23' title='bbox 662 755 821 828; x_wconf 88' lang='lat' dir='ltr'>XXVII.</span> <span class='ocrx_word' id='word_1_24' title='bbox 841 759 973 847; x_wconf 86' lang='lat' dir='ltr'>Marcij.</span> 
     </span>
    </p>
   </div>
   <div class='ocr_carea' id='block_1_4' title="bbox 46 898 1138 968">
    <p class='ocr_par' dir='ltr' id='par_1_4' title="bbox 46 898 1138 968">
     <span class='ocr_line' id='line_1_5' title="bbox 46 898 1138 968; baseline 0.004 -16"><span class='ocrx_word' id='word_1_25' title='bbox 46 955 51 962; x_wconf 74' lang='grc'><strong><em>,</em></strong></span> <span class='ocrx_word' id='word_1_26' title='bbox 117 898 150 964; x_wconf 75' lang='lat' dir='ltr'>(A</span> <span class='ocrx_word' id='word_1_27' title='bbox 162 901 242 966; x_wconf 63' lang='lat' dir='ltr'>alleg.</span> <span class='ocrx_word' id='word_1_28' title='bbox 256 899 411 966; x_wconf 74' lang='lat' dir='ltr'>Angioinic</span> <span class='ocrx_word' id='word_1_29' title='bbox 426 902 459 950; x_wconf 85' lang='lat' dir='ltr'>A.</span> <span class='ocrx_word' id='word_1_30' title='bbox 474 905 534 952; x_wconf 84' lang='grc'><strong>351.</strong></span> <span class='ocrx_word' id='word_1_31' title='bbox 547 916 585 952; x_wconf 81' lang='lat' dir='ltr'>az.</span> <span class='ocrx_word' id='word_1_32' title='bbox 598 916 623 951; x_wconf 88' lang='lat' dir='ltr'>a.</span> <span class='ocrx_word' id='word_1_33' title='bbox 636 901 704 966; x_wconf 80' lang='lat' dir='ltr'>Beg.</span> <span class='ocrx_word' id='word_1_34' title='bbox 720 903 867 956; x_wconf 80' lang='lat' dir='ltr'>Johannee</span> <span class='ocrx_word' id='word_1_35' title='bbox 879 905 901 956; x_wconf 92' lang='lat'>1.</span> <span class='ocrx_word' id='word_1_36' title='bbox 916 905 1001 956; x_wconf 71' lang='lat' dir='ltr'>nomn</span> <span class='ocrx_word' id='word_1_37' title='bbox 1016 909 1057 956; x_wconf 83' lang='lat'>53.</span> <span class='ocrx_word' id='word_1_38' title='bbox 1073 906 1138 968; x_wconf 86' lang='lat' dir='ltr'>lev.)</span> 
     </span>
    </p>
   </div>
   <div class='ocr_carea' id='block_1_5' title="bbox 543 1064 702 1074">
    <p class='ocr_par' dir='ltr' id='par_1_5' title="bbox 543 1064 702 1074">
     <span class='ocr_line' id='line_1_6' title="bbox 543 1064 702 1074; baseline -0.013 0"><span class='ocrx_word' id='word_1_39' title='bbox 543 1064 702 1074; x_wconf 77' lang='lat'><em>——-—-</em></span> 
     </span>
    </p>
   </div>
   <div class='ocr_carea' id='block_1_6' title="bbox 589 1265 661 1328">
    <p class='ocr_par' dir='ltr' id='par_1_6' title="bbox 589 1265 661 1328">
     <span class='ocr_line' id='line_1_7' title="bbox 589 1265 661 1328; baseline -0.014 -2"><span class='ocrx_word' id='word_1_40' title='bbox 589 1265 661 1328; x_wconf 83' lang='lat'>146.</span> 
     </span>
    </p>
   </div>
   <div class='ocr_carea' id='block_1_7' title="bbox 1 1363 1193 1602">
    <p class='ocr_par' dir='ltr' id='par_1_7' title="bbox 1 1363 1193 1602">
     <span class='ocr_line' id='line_1_8' title="bbox 1 1363 1193 1494; baseline 0.002 -24"><span class='ocrx_word' id='word_1_41' title='bbox 1 1363 2 1430; x_wconf 71' lang='grc' dir='ltr'>ἶ</span> <span class='ocrx_word' id='word_1_42' title='bbox 72 1407 96 1470; x_wconf 86' lang='lat' dir='ltr'>l.</span> <span class='ocrx_word' id='word_1_43' title='bbox 117 1406 268 1472; x_wconf 63' lang='lat' dir='ltr'>roenna</span> <span class='ocrx_word' id='word_1_44' title='bbox 299 1407 428 1471; x_wconf 62' lang='lat' dir='ltr'>troarne</span> <span class='ocrx_word' id='word_1_45' title='bbox 453 1407 607 1492; x_wconf 58' lang='lat' dir='ltr'>strapas</span> <span class='ocrx_word' id='word_1_46' title='bbox 636 1407 754 1493; x_wconf 56' lang='lat' dir='ltr'>acarna</span> <span class='ocrx_word' id='word_1_47' title='bbox 779 1407 879 1470; x_wconf 73' lang='lat' dir='ltr'>arven</span> <span class='ocrx_word' id='word_1_48' title='bbox 911 1406 1066 1472; x_wconf 63' lang='lat' dir='ltr'>Tarenton</span> <span class='ocrx_word' id='word_1_49' title='bbox 1094 1410 1193 1494; x_wconf 61' lang='lat' dir='ltr'>rajot</span> 
     </span>
     <span class='ocr_line' id='line_1_9' title="bbox 1 1515 931 1602; baseline -0.004 -21"><span class='ocrx_word' id='word_1_50' title='bbox 1 1519 2 1522; x_wconf 66' lang='grc'>’</span> <span class='ocrx_word' id='word_1_51' title='bbox 317 1515 576 1600; x_wconf 79' lang='lat' dir='ltr'>parcccaaicak</span> <span class='ocrx_word' id='word_1_52' title='bbox 592 1516 814 1602; x_wconf 72' lang='lat' dir='ltr'>telieeitesitb&#39;l.</span> <span class='ocrx_word' id='word_1_53' title='bbox 837 1518 931 1580; x_wconf 81' lang='lat'>1346.</span> 
     </span>
    </p>
   </div>
   <div class='ocr_carea' id='block_1_8' title="bbox 1 1654 1193 2933">
    <p class='ocr_par' dir='ltr' id='par_1_8' title="bbox 1 1654 1193 2933">
     <span class='ocr_line' id='line_1_10' title="bbox 168 1654 1192 1742; baseline 0.003 -21"><span class='ocrx_word' id='word_1_54' title='bbox 168 1655 193 1721; x_wconf 87' lang='lat' dir='ltr'>J</span> <span class='ocrx_word' id='word_1_55' title='bbox 195 1654 327 1722; x_wconf 88' lang='lat' dir='ltr'>ohanna</span> <span class='ocrx_word' id='word_1_56' title='bbox 343 1661 404 1722; x_wconf 88' lang='lat' dir='ltr'>etc.</span> <span class='ocrx_word' id='word_1_57' title='bbox 422 1655 570 1741; x_wconf 81' lang='lat' dir='ltr'>(revocat</span> <span class='ocrx_word' id='word_1_58' title='bbox 581 1659 743 1742; x_wconf 85' lang='lat' dir='ltr'>jussiones</span> <span class='ocrx_word' id='word_1_59' title='bbox 758 1657 864 1724; x_wconf 85' lang='lat' dir='ltr'>factas</span> <span class='ocrx_word' id='word_1_60' title='bbox 880 1679 940 1742; x_wconf 88' lang='lat' dir='ltr'>per</span> <span class='ocrx_word' id='word_1_61' title='bbox 955 1657 1100 1723; x_wconf 86' lang='lat' dir='ltr'>diversas</span> <span class='ocrx_word' id='word_1_62' title='bbox 1116 1679 1192 1724; x_wconf 90' lang='lat' dir='ltr'>suas</span> 
     </span>
     <span class='ocr_line' id='line_1_11' title="bbox 1 1762 1193 1851; baseline 0.002 -22"><span class='ocrx_word' id='word_1_63' title='bbox 1 1782 3 1800; x_wconf 82' lang='lat'><strong>¹</strong></span> <span class='ocrx_word' id='word_1_64' title='bbox 73 1766 189 1832; x_wconf 76' lang='lat' dir='ltr'>litteras</span> <span class='ocrx_word' id='word_1_65' title='bbox 205 1762 398 1850; x_wconf 73' lang='lat' dir='ltr'>comitibus,</span> <span class='ocrx_word' id='word_1_66' title='bbox 413 1766 601 1832; x_wconf 80' lang='lat' dir='ltr'>Beronibus</span> <span class='ocrx_word' id='word_1_67' title='bbox 617 1773 676 1832; x_wconf 89' lang='lat' dir='ltr'>etc.</span> <span class='ocrx_word' id='word_1_68' title='bbox 692 1768 781 1851; x_wconf 88' lang='lat' dir='ltr'>quod</span> <span class='ocrx_word' id='word_1_69' title='bbox 796 1767 961 1851; x_wconf 88' lang='lat' dir='ltr'>obediant,</span> <span class='ocrx_word' id='word_1_70' title='bbox 977 1767 1149 1833; x_wconf 89' lang='lat' dir='ltr'>intendant</span> <span class='ocrx_word' id='word_1_71' title='bbox 1160 1773 1193 1831; x_wconf 88' lang='lat' dir='ltr'>et</span> 
     </span>
     <span class='ocr_line' id='line_1_12' title="bbox 1 1873 1192 1961; baseline 0 -23"><span class='ocrx_word' id='word_1_72' title='bbox 1 1876 3 1961; x_wconf 68' lang='lat' dir='ltr'>J</span> <span class='ocrx_word' id='word_1_73' title='bbox 74 1880 201 1956; x_wconf 85' lang='lat' dir='ltr'>pareant</span> <span class='ocrx_word' id='word_1_74' title='bbox 225 1873 392 1940; x_wconf 91' lang='lat' dir='ltr'>Ludouico</span> <span class='ocrx_word' id='word_1_75' title='bbox 419 1875 459 1940; x_wconf 90' lang='lat' dir='ltr'>de</span> <span class='ocrx_word' id='word_1_76' title='bbox 484 1873 644 1960; x_wconf 82' lang='lat' dir='ltr'>Tarento)</span> <span class='ocrx_word' id='word_1_77' title='bbox 671 1876 807 1941; x_wconf 87' lang='lat' dir='ltr'>consilia</span> <span class='ocrx_word' id='word_1_78' title='bbox 832 1879 946 1940; x_wconf 88' lang='lat' dir='ltr'>nostra</span> <span class='ocrx_word' id='word_1_79' title='bbox 961 1881 995 1941; x_wconf 90' lang='lat' dir='ltr'>et</span> <span class='ocrx_word' id='word_1_80' title='bbox 1026 1876 1192 1954; x_wconf 87' lang='lat' dir='ltr'>iussiones,</span> 
     </span>
     <span class='ocr_line' id='line_1_13' title="bbox 1 1981 1193 2065; baseline 0.001 -20"><span class='ocrx_word' id='word_1_81' title='bbox 1 2033 2 2054; x_wconf 44' lang='lat'>2</span> <span class='ocrx_word' id='word_1_82' title='bbox 73 1987 220 2064; x_wconf 86' lang='lat' dir='ltr'>quantum</span> <span class='ocrx_word' id='word_1_83' title='bbox 243 2002 425 2065; x_wconf 87' lang='lat' dir='ltr'>possumus,</span> <span class='ocrx_word' id='word_1_84' title='bbox 452 2001 530 2047; x_wconf 90' lang='lat' dir='ltr'>sano</span> <span class='ocrx_word' id='word_1_85' title='bbox 555 1981 691 2047; x_wconf 90' lang='lat' dir='ltr'>consilio</span> <span class='ocrx_word' id='word_1_86' title='bbox 715 1983 748 2046; x_wconf 94' lang='lat' dir='ltr'>in</span> <span class='ocrx_word' id='word_1_87' title='bbox 766 1981 880 2048; x_wconf 87' lang='lat' dir='ltr'>melius</span> <span class='ocrx_word' id='word_1_88' title='bbox 896 1981 1105 2063; x_wconf 82' lang='lat' dir='ltr'>reformante,</span> <span class='ocrx_word' id='word_1_89' title='bbox 1121 2003 1193 2046; x_wconf 86' lang='lat' dir='ltr'>sue·</span> 
     </span>
     <span class='ocr_line' id='line_1_14' title="bbox 1 2074 1192 2173; baseline -0.006 -14"><span class='ocrx_word' id='word_1_90' title='bbox 1 2074 3 2159; x_wconf 67' lang='lat' dir='ltr'>ss</span> <span class='ocrx_word' id='word_1_91' title='bbox 73 2089 211 2156; x_wconf 85' lang='lat' dir='ltr'>dentibus</span> <span class='ocrx_word' id='word_1_92' title='bbox 233 2087 487 2158; x_wconf 75' lang='lat' dir='ltr'>rationabilibus</span> <span class='ocrx_word' id='word_1_93' title='bbox 513 2092 611 2156; x_wconf 88' lang='lat' dir='ltr'>certis</span> <span class='ocrx_word' id='word_1_94' title='bbox 636 2091 741 2156; x_wconf 90' lang='lat' dir='ltr'>causis</span> <span class='ocrx_word' id='word_1_95' title='bbox 767 2090 975 2173; x_wconf 88' lang='lat' dir='ltr'>postmodum</span> <span class='ocrx_word' id='word_1_96' title='bbox 1000 2088 1192 2170; x_wconf 84' lang='lat' dir='ltr'>subsecutis,</span> 
     </span>
     <span class='ocr_line' id='line_1_15' title="bbox 1 2189 1192 2282; baseline -0.003 -18"><span class='ocrx_word' id='word_1_97' title='bbox 1 2189 3 2264; x_wconf 66' lang='grc' dir='ltr'>ἶ</span> <span class='ocrx_word' id='word_1_98' title='bbox 74 2217 127 2280; x_wconf 89' lang='lat' dir='ltr'>que</span> <span class='ocrx_word' id='word_1_99' title='bbox 149 2195 191 2263; x_wconf 86' lang='lat' dir='ltr'>ad</span> <span class='ocrx_word' id='word_1_100' title='bbox 218 2203 368 2263; x_wconf 83' lang='lat' dir='ltr'>nostrum</span> <span class='ocrx_word' id='word_1_101' title='bbox 400 2195 587 2264; x_wconf 87' lang='lat' dir='ltr'>referuntur</span> <span class='ocrx_word' id='word_1_102' title='bbox 614 2199 779 2282; x_wconf 89' lang='lat' dir='ltr'>honorem,</span> <span class='ocrx_word' id='word_1_103' title='bbox 805 2205 839 2264; x_wconf 86' lang='lat' dir='ltr'>et</span> <span class='ocrx_word' id='word_1_104' title='bbox 864 2198 907 2263; x_wconf 88' lang='lat' dir='ltr'>ad</span> <span class='ocrx_word' id='word_1_105' title='bbox 932 2203 1052 2262; x_wconf 88' lang='lat' dir='ltr'>statum</span> <span class='ocrx_word' id='word_1_106' title='bbox 1068 2197 1192 2281; x_wconf 88' lang='lat' dir='ltr'>pariter</span> 
     </span>
     <span class='ocr_line' id='line_1_16' title="bbox 73 2302 1192 2390; baseline -0.002 -20.121"><span class='ocrx_word' id='word_1_107' title='bbox 73 2302 169 2388; x_wconf 83' lang='lat' dir='ltr'>Regni</span> <span class='ocrx_word' id='word_1_108' title='bbox 186 2307 300 2386; x_wconf 82' lang='lat' dir='ltr'>nostri,</span> <span class='ocrx_word' id='word_1_109' title='bbox 316 2305 465 2372; x_wconf 90' lang='lat' dir='ltr'>omnibus</span> <span class='ocrx_word' id='word_1_110' title='bbox 481 2312 514 2372; x_wconf 89' lang='lat' dir='ltr'>et</span> <span class='ocrx_word' id='word_1_111' title='bbox 531 2307 667 2388; x_wconf 82' lang='lat' dir='ltr'>singulis</span> <span class='ocrx_word' id='word_1_112' title='bbox 692 2307 849 2390; x_wconf 82' lang='lat' dir='ltr'>predictis</span> <span class='ocrx_word' id='word_1_113' title='bbox 865 2305 1046 2372; x_wconf 84' lang='lat' dir='ltr'>Comitibus</span> <span class='ocrx_word' id='word_1_114' title='bbox 1063 2312 1124 2372; x_wconf 90' lang='lat' dir='ltr'>ete.</span> <span class='ocrx_word' id='word_1_115' title='bbox 1140 2327 1192 2369; x_wconf 88' lang='lat' dir='ltr'>ex-</span> 
     </span>
     <span class='ocr_line' id='line_1_17' title="bbox 1 2413 1190 2498; baseline 0.003 -24"><span class='ocrx_word' id='word_1_116' title='bbox 1 2439 2 2474; x_wconf 79' lang='lat'>1</span> <span class='ocrx_word' id='word_1_117' title='bbox 72 2433 172 2496; x_wconf 87' lang='lat' dir='ltr'>presse</span> <span class='ocrx_word' id='word_1_118' title='bbox 188 2414 395 2497; x_wconf 86' lang='lat' dir='ltr'>precipimus,</span> <span class='ocrx_word' id='word_1_119' title='bbox 411 2421 446 2478; x_wconf 86' lang='lat' dir='ltr'>vt</span> <span class='ocrx_word' id='word_1_120' title='bbox 462 2415 574 2497; x_wconf 80' lang='lat' dir='ltr'>vigore</span> <span class='ocrx_word' id='word_1_121' title='bbox 585 2414 653 2480; x_wconf 88' lang='lat' dir='ltr'>siue</span> <span class='ocrx_word' id='word_1_122' title='bbox 663 2421 816 2498; x_wconf 85' lang='lat' dir='ltr'>pretextu</span> <span class='ocrx_word' id='word_1_123' title='bbox 828 2415 992 2479; x_wconf 88' lang='lat' dir='ltr'>dictarum</span> <span class='ocrx_word' id='word_1_124' title='bbox 1000 2413 1190 2478; x_wconf 86' lang='lat' dir='ltr'>lieterarum</span> 
     </span>
     <span class='ocr_line' id='line_1_18' title="bbox 72 2519 1192 2604; baseline -0.002 -19.119"><span class='ocrx_word' id='word_1_125' title='bbox 72 2525 101 2585; x_wconf 82' lang='lat' dir='ltr'>et</span> <span class='ocrx_word' id='word_1_126' title='bbox 115 2522 301 2601; x_wconf 88' lang='lat' dir='ltr'>iussionum,</span> <span class='ocrx_word' id='word_1_127' title='bbox 318 2543 401 2604; x_wconf 88' lang='lat' dir='ltr'>quas</span> <span class='ocrx_word' id='word_1_128' title='bbox 416 2521 483 2586; x_wconf 85' lang='lat' dir='ltr'>iam</span> <span class='ocrx_word' id='word_1_129' title='bbox 508 2521 743 2602; x_wconf 90' lang='lat' dir='ltr'>reuocauimus,</span> <span class='ocrx_word' id='word_1_130' title='bbox 759 2525 793 2586; x_wconf 91' lang='lat' dir='ltr'>et</span> <span class='ocrx_word' id='word_1_131' title='bbox 808 2523 928 2588; x_wconf 89' lang='lat' dir='ltr'>iterato</span> <span class='ocrx_word' id='word_1_132' title='bbox 944 2541 1030 2585; x_wconf 89' lang='lat' dir='ltr'>nunc</span> <span class='ocrx_word' id='word_1_133' title='bbox 1046 2519 1086 2584; x_wconf 93' lang='lat' dir='ltr'>de</span> <span class='ocrx_word' id='word_1_134' title='bbox 1102 2526 1192 2584; x_wconf 87' lang='lat' dir='ltr'>certa</span> 
     </span>
     <span class='ocr_line' id='line_1_19' title="bbox 1 2621 1192 2711; baseline 0 -17"><span class='ocrx_word' id='word_1_135' title='bbox 1 2621 2 2680; x_wconf 74' lang='grc' dir='ltr'>ἶ</span> <span class='ocrx_word' id='word_1_136' title='bbox 75 2637 176 2696; x_wconf 87' lang='lat' dir='ltr'>nostra</span> <span class='ocrx_word' id='word_1_137' title='bbox 193 2630 330 2697; x_wconf 85' lang='lat' dir='ltr'>scientia</span> <span class='ocrx_word' id='word_1_138' title='bbox 345 2651 537 2696; x_wconf 88' lang='lat' dir='ltr'>reuocamus</span> <span class='ocrx_word' id='word_1_139' title='bbox 554 2635 587 2694; x_wconf 88' lang='lat' dir='ltr'>ot</span> <span class='ocrx_word' id='word_1_140' title='bbox 612 2630 828 2711; x_wconf 85' lang='lat' dir='ltr'>annullamus,</span> <span class='ocrx_word' id='word_1_141' title='bbox 846 2651 885 2695; x_wconf 89' lang='lat' dir='ltr'>ac</span> <span class='ocrx_word' id='word_1_142' title='bbox 900 2629 1007 2694; x_wconf 85' lang='lat' dir='ltr'>nullas</span> <span class='ocrx_word' id='word_1_143' title='bbox 1025 2635 1056 2694; x_wconf 91' lang='lat' dir='ltr'>et</span> <span class='ocrx_word' id='word_1_144' title='bbox 1072 2649 1192 2694; x_wconf 86' lang='lat' dir='ltr'>vacuas</span> 
     </span>
     <span class='ocr_line' id='line_1_20' title="bbox 74 2735 1193 2821; baseline -0.001 -20.061"><span class='ocrx_word' id='word_1_145' title='bbox 74 2737 277 2821; x_wconf 87' lang='lat' dir='ltr'>declaramus,</span> <span class='ocrx_word' id='word_1_146' title='bbox 291 2737 325 2802; x_wconf 89' lang='lat' dir='ltr'>in</span> <span class='ocrx_word' id='word_1_147' title='bbox 342 2736 432 2804; x_wconf 89' lang='lat' dir='ltr'>nullo</span> <span class='ocrx_word' id='word_1_148' title='bbox 449 2735 614 2820; x_wconf 86' lang='lat' dir='ltr'>obedient,</span> <span class='ocrx_word' id='word_1_149' title='bbox 629 2741 769 2821; x_wconf 86' lang='lat' dir='ltr'>pareant</span> <span class='ocrx_word' id='word_1_150' title='bbox 784 2745 818 2804; x_wconf 91' lang='lat' dir='ltr'>et</span> <span class='ocrx_word' id='word_1_151' title='bbox 834 2736 1006 2803; x_wconf 86' lang='lat' dir='ltr'>intendant</span> <span class='ocrx_word' id='word_1_152' title='bbox 1026 2735 1112 2800; x_wconf 88' lang='lat' dir='ltr'>dicto</span> <span class='ocrx_word' id='word_1_153' title='bbox 1128 2735 1193 2800; x_wconf 89' lang='lat' dir='ltr'>Lu·</span> 
     </span>
     <span class='ocr_line' id='line_1_21' title="bbox 75 2841 1193 2933; baseline -0.004 -22.31"><span class='ocrx_word' id='word_1_154' title='bbox 75 2845 178 2913; x_wconf 88' lang='lat' dir='ltr'>donico</span> <span class='ocrx_word' id='word_1_155' title='bbox 194 2848 305 2933; x_wconf 89' lang='lat' dir='ltr'>eisque</span> <span class='ocrx_word' id='word_1_156' title='bbox 321 2844 526 2915; x_wconf 79' lang='lat' dir='ltr'>Officialibus</span> <span class='ocrx_word' id='word_1_157' title='bbox 543 2851 602 2910; x_wconf 90' lang='lat' dir='ltr'>etc.</span> <span class='ocrx_word' id='word_1_158' title='bbox 617 2841 742 2910; x_wconf 88' lang='lat' dir='ltr'>Datum</span> <span class='ocrx_word' id='word_1_159' title='bbox 758 2844 901 2929; x_wconf 87' lang='lat' dir='ltr'>Neapoli</span> <span class='ocrx_word' id='word_1_160' title='bbox 916 2865 975 2930; x_wconf 89' lang='lat' dir='ltr'>per</span> <span class='ocrx_word' id='word_1_161' title='bbox 992 2841 1193 2910; x_wconf 84' lang='lat' dir='ltr'>Adenulfum</span> 
     </span>
    </p>
   </div>
   <div class='ocr_carea' id='block_1_9' title="bbox 77 2951 1112 3165">
    <p class='ocr_par' dir='ltr' id='par_1_9' title="bbox 1 2928 1112 3165">
     <span class='ocr_line' id='line_1_22' title="bbox 77 2951 1077 3037; baseline -0.007 -15.494"><span class='ocrx_word' id='word_1_162' title='bbox 77 2951 246 3021; x_wconf 74' lang='lat' dir='ltr'>cumanum</span> <span class='ocrx_word' id='word_1_163' title='bbox 262 2953 501 3020; x_wconf 65' lang='lat' dir='ltr'>annosorum</span> <span class='ocrx_word' id='word_1_164' title='bbox 520 2951 777 3022; x_wconf 75' lang='lat' dir='ltr'>mucosum.</span> <span class='ocrx_word' id='word_1_165' title='bbox 794 2951 921 3022; x_wconf 73' lang='lat' dir='ltr'>meru</span> <span class='ocrx_word' id='word_1_166' title='bbox 938 2951 1077 3037; x_wconf 82' lang='lat' dir='ltr'>Aprilis.</span> 
     </span>
     <span class='ocr_line' id='line_1_23' title="bbox 149 3095 1112 3165; baseline -0.008 -14"><span class='ocrx_word' id='word_1_167' title='bbox 149 3101 184 3160; x_wconf 81' lang='lat' dir='ltr'>(A</span> <span class='ocrx_word' id='word_1_168' title='bbox 197 3100 282 3165; x_wconf 81' lang='lat' dir='ltr'>›Reg.</span> <span class='ocrx_word' id='word_1_169' title='bbox 296 3099 446 3165; x_wconf 81' lang='lat' dir='ltr'>Angioini«</span> <span class='ocrx_word' id='word_1_170' title='bbox 458 3099 492 3152; x_wconf 85' lang='lat' dir='ltr'>A.</span> <span class='ocrx_word' id='word_1_171' title='bbox 507 3101 566 3148; x_wconf 78' lang='lat'>351.</span> <span class='ocrx_word' id='word_1_172' title='bbox 580 3111 616 3148; x_wconf 79' lang='lat' dir='ltr'>az.</span> <span class='ocrx_word' id='word_1_173' title='bbox 628 3111 652 3149; x_wconf 88' lang='lat' dir='ltr'>a.</span> <span class='ocrx_word' id='word_1_174' title='bbox 666 3097 733 3162; x_wconf 81' lang='lat' dir='ltr'>Reg.</span> <span class='ocrx_word' id='word_1_175' title='bbox 748 3097 896 3148; x_wconf 83' lang='lat' dir='ltr'>Jnhannae</span> <span class='ocrx_word' id='word_1_176' title='bbox 914 3097 936 3147; x_wconf 92' lang='lat'>1.</span> <span class='ocrx_word' id='word_1_177' title='bbox 950 3097 1008 3147; x_wconf 83' lang='lat' dir='ltr'>kot.</span> <span class='ocrx_word' id='word_1_178' title='bbox 1025 3098 1066 3144; x_wconf 84' lang='lat'>52.</span> <span class='ocrx_word' id='word_1_179' title='bbox 1081 3095 1112 3156; x_wconf 87' lang='lat' dir='ltr'>l.)</span> 
     </span>
    </p>
   </div>
   <div class='ocr_carea' id='block_1_10' title="bbox 596 3456 669 3519">
    <p class='ocr_par' dir='ltr' id='par_1_10' title="bbox 596 3456 669 3519">
     <span class='ocr_line' id='line_1_24' title="bbox 596 3456 669 3519; baseline -0.014 0"><span class='ocrx_word' id='word_1_180' title='bbox 596 3456 669 3519; x_wconf 75' lang='lat'>147.</span> 
     </span>
    </p>
   </div>
   <div class='ocr_carea' id='block_1_11' title="bbox 1 3577 1196 3796">
    <p class='ocr_par' dir='ltr' id='par_1_11' title="bbox 1 3577 1196 3796">
     <span class='ocr_line' id='line_1_25' title="bbox 1 3577 1196 3688; baseline -0.005 -23"><span class='ocrx_word' id='word_1_181' title='bbox 1 3607 2 3624; x_wconf 66' lang='lat'>¹</span> <span class='ocrx_word' id='word_1_182' title='bbox 79 3601 103 3665; x_wconf 84' lang='grc'>1.</span> <span class='ocrx_word' id='word_1_183' title='bbox 123 3602 275 3670; x_wconf 72' lang='lat' dir='ltr'>Johanna</span> <span class='ocrx_word' id='word_1_184' title='bbox 294 3601 424 3668; x_wconf 80' lang='lat' dir='ltr'>sicilici</span> <span class='ocrx_word' id='word_1_185' title='bbox 449 3602 602 3688; x_wconf 75' lang='lat' dir='ltr'>kirdlyci</span> <span class='ocrx_word' id='word_1_186' title='bbox 625 3599 831 3686; x_wconf 67' lang='lat' dir='ltr'>orezdpricalc</span> <span class='ocrx_word' id='word_1_187' title='bbox 856 3600 967 3663; x_wconf 70' lang='lat' dir='ltr'>caruit</span> <span class='ocrx_word' id='word_1_188' title='bbox 991 3577 1196 3683; x_wconf 58' lang='grc' dir='ltr'><strong>1111ςυὶ11φῶ-</strong></span> 
     </span>
     <span class='ocr_line' id='line_1_26' title="bbox 528 3711 736 3796; baseline -0.014 -21"><span class='ocrx_word' id='word_1_189' title='bbox 528 3713 623 3796; x_wconf 81' lang='lat' dir='ltr'>tatja.</span> <span class='ocrx_word' id='word_1_190' title='bbox 641 3711 736 3775; x_wconf 76' lang='lat'>1346.</span> 
     </span>
    </p>
   </div>
   <div class='ocr_carea' id='block_1_12' title="bbox 1 3847 1200 4370">
    <p class='ocr_par' dir='ltr' id='par_1_12' title="bbox 1 3847 1200 4370">
     <span class='ocr_line' id='line_1_27' title="bbox 1 3847 1198 3939; baseline -0.013 -14"><span class='ocrx_word' id='word_1_191' title='bbox 1 3933 2 3939; x_wconf 44' lang='lat'>.</span> <span class='ocrx_word' id='word_1_192' title='bbox 175 3855 198 3922; x_wconf 92' lang='lat' dir='ltr'><strong>J</strong></span> <span class='ocrx_word' id='word_1_193' title='bbox 199 3855 331 3922; x_wconf 90' lang='lat' dir='ltr'>ohanna</span> <span class='ocrx_word' id='word_1_194' title='bbox 347 3858 407 3920; x_wconf 87' lang='lat' dir='ltr'>etc.</span> <span class='ocrx_word' id='word_1_195' title='bbox 431 3851 457 3921; x_wconf 82' lang='lat' dir='ltr'>J</span> <span class='ocrx_word' id='word_1_196' title='bbox 459 3851 577 3919; x_wconf 89' lang='lat' dir='ltr'>ohanni</span> <span class='ocrx_word' id='word_1_197' title='bbox 594 3850 635 3916; x_wconf 89' lang='lat' dir='ltr'>de</span> <span class='ocrx_word' id='word_1_198' title='bbox 655 3850 791 3936; x_wconf 83' lang='lat' dir='ltr'>Ligurio</span> <span class='ocrx_word' id='word_1_199' title='bbox 806 3849 904 3915; x_wconf 90' lang='lat' dir='ltr'>militi</span> <span class='ocrx_word' id='word_1_200' title='bbox 921 3847 962 3914; x_wconf 88' lang='lat' dir='ltr'>de</span> <span class='ocrx_word' id='word_1_201' title='bbox 977 3848 1121 3929; x_wconf 88' lang='lat' dir='ltr'>Neapoli</span> <span class='ocrx_word' id='word_1_202' title='bbox 1137 3849 1198 3912; x_wconf 84' lang='lat' dir='ltr'>etc.</span> 
     </span>
     <span class='ocr_line' id='line_1_28' title="bbox 1 3949 1199 4048; baseline -0.009 -19"><span class='ocrx_word' id='word_1_203' title='bbox 1 3949 2 3959; x_wconf 37' lang='lat'>¹</span> <span class='ocrx_word' id='word_1_204' title='bbox 80 3963 162 4048; x_wconf 87' lang='lat' dir='ltr'>qnod</span> <span class='ocrx_word' id='word_1_205' title='bbox 175 3987 207 4031; x_wconf 90' lang='lat' dir='ltr'>se</span> <span class='ocrx_word' id='word_1_206' title='bbox 223 3962 372 4031; x_wconf 84' lang='lat' dir='ltr'>conferat</span> <span class='ocrx_word' id='word_1_207' title='bbox 387 3961 430 4028; x_wconf 86' lang='lat' dir='ltr'>ad</span> <span class='ocrx_word' id='word_1_208' title='bbox 447 3961 575 4044; x_wconf 82' lang='lat' dir='ltr'>singula</span> <span class='ocrx_word' id='word_1_209' title='bbox 592 3965 700 4026; x_wconf 86' lang='lat' dir='ltr'>eastra</span> <span class='ocrx_word' id='word_1_210' title='bbox 716 3956 1029 4041; x_wconf 84' lang='lat' dir='ltr'>demanialiaposita</span> <span class='ocrx_word' id='word_1_211' title='bbox 1045 3954 1199 4038; x_wconf 85' lang='lat' dir='ltr'>perfron·</span> 
     </span>
     <span class='ocr_line' id='line_1_29' title="bbox 1 4065 1198 4157; baseline -0.011 -19"><span class='ocrx_word' id='word_1_212' title='bbox 1 4068 3 4107; x_wconf 52' lang='lat' dir='ltr'>l</span> <span class='ocrx_word' id='word_1_213' title='bbox 80 4071 180 4157; x_wconf 85' lang='lat' dir='ltr'>terias,</span> <span class='ocrx_word' id='word_1_214' title='bbox 192 4079 226 4140; x_wconf 86' lang='lat' dir='ltr'>et</span> <span class='ocrx_word' id='word_1_215' title='bbox 241 4071 418 4156; x_wconf 84' lang='lat' dir='ltr'>diligenter</span> <span class='ocrx_word' id='word_1_216' title='bbox 434 4069 590 4153; x_wconf 89' lang='lat' dir='ltr'>inspiciat</span> <span class='ocrx_word' id='word_1_217' title='bbox 605 4073 637 4132; x_wconf 87' lang='lat' dir='ltr'>et</span> <span class='ocrx_word' id='word_1_218' title='bbox 662 4068 841 4151; x_wconf 86' lang='lat' dir='ltr'>provideat,</span> <span class='ocrx_word' id='word_1_219' title='bbox 866 4065 893 4131; x_wconf 90' lang='lat' dir='ltr'>si</span> <span class='ocrx_word' id='word_1_220' title='bbox 919 4070 953 4130; x_wconf 91' lang='lat' dir='ltr'>et</span> <span class='ocrx_word' id='word_1_221' title='bbox 969 4065 1087 4148; x_wconf 90' lang='lat' dir='ltr'>quibus</span> <span class='ocrx_word' id='word_1_222' title='bbox 1104 4083 1198 4145; x_wconf 88' lang='lat' dir='ltr'>repa·</span> 
     </span>
     <span class='ocr_line' id='line_1_30' title="bbox 1 4162 1200 4262; baseline -0.006 -22"><span class='ocrx_word' id='word_1_223' title='bbox 1 4162 2 4240; x_wconf 74' lang='lat' dir='ltr'>l</span> <span class='ocrx_word' id='word_1_224' title='bbox 80 4181 256 4262; x_wconf 85' lang='lat' dir='ltr'>rationibus,</span> <span class='ocrx_word' id='word_1_225' title='bbox 273 4177 507 4246; x_wconf 85' lang='lat' dir='ltr'>munitionibus</span> <span class='ocrx_word' id='word_1_226' title='bbox 522 4182 581 4244; x_wconf 88' lang='lat' dir='ltr'>aut</span> <span class='ocrx_word' id='word_1_227' title='bbox 595 4196 811 4260; x_wconf 86' lang='lat' dir='ltr'>personarum</span> <span class='ocrx_word' id='word_1_228' title='bbox 829 4170 1126 4239; x_wconf 86' lang='lat' dir='ltr'>modificationibus</span> <span class='ocrx_word' id='word_1_229' title='bbox 1142 4173 1200 4236; x_wconf 90' lang='lat' dir='ltr'>aut</span> 
     </span>
     <span class='ocr_line' id='line_1_31' title="bbox 1 4275 1199 4370; baseline -0.013 -12"><span class='ocrx_word' id='word_1_230' title='bbox 1 4275 3 4358; x_wconf 55' lang='lat'><em>³</em></span> <span class='ocrx_word' id='word_1_231' title='bbox 80 4287 353 4356; x_wconf 79' lang='lat' dir='ltr'>reformationibus</span> <span class='ocrx_word' id='word_1_232' title='bbox 370 4287 444 4352; x_wconf 84' lang='lat' dir='ltr'>aliis</span> <span class='ocrx_word' id='word_1_233' title='bbox 460 4285 638 4370; x_wconf 83' lang='lat' dir='ltr'>indegeant</span> <span class='ocrx_word' id='word_1_234' title='bbox 661 4291 771 4351; x_wconf 86' lang='lat' dir='ltr'>cestra</span> <span class='ocrx_word' id='word_1_235' title='bbox 795 4285 867 4366; x_wconf 86' lang='lat' dir='ltr'>ipsa</span> <span class='ocrx_word' id='word_1_236' title='bbox 897 4287 956 4347; x_wconf 88' lang='lat' dir='ltr'>etc.</span> <span class='ocrx_word' id='word_1_237' title='bbox 972 4280 1096 4346; x_wconf 87' lang='lat' dir='ltr'>Datum</span> <span class='ocrx_word' id='word_1_238' title='bbox 1111 4277 1199 4344; x_wconf 89' lang='lat' dir='ltr'>Nea·</span> 
     </span>
    </p>
   </div>
   <div class='ocr_carea' id='block_1_13' title="bbox 1 4391 1128 4610">
    <p class='ocr_par' dir='ltr' id='par_1_13' title="bbox 1 4371 1128 4610">
     <span class='ocr_line' id='line_1_32' title="bbox 83 4391 817 4481; baseline -0.013 -15.105"><span class='ocrx_word' id='word_1_239' title='bbox 83 4397 145 4481; x_wconf 92' lang='lat' dir='ltr'>poli</span> <span class='ocrx_word' id='word_1_240' title='bbox 159 4417 240 4464; x_wconf 90' lang='lat' dir='ltr'>anno</span> <span class='ocrx_word' id='word_1_241' title='bbox 255 4393 514 4464; x_wconf 81' lang='lat' dir='ltr'>MOCOXLVI.</span> <span class='ocrx_word' id='word_1_242' title='bbox 531 4395 584 4461; x_wconf 89' lang='lat' dir='ltr'>die</span> <span class='ocrx_word' id='word_1_243' title='bbox 601 4393 663 4463; x_wconf 88' lang='lat' dir='ltr'>VI.</span> <span class='ocrx_word' id='word_1_244' title='bbox 680 4391 817 4476; x_wconf 87' lang='lat' dir='ltr'>Aprilis.</span> 
     </span>
     <span class='ocr_line' id='line_1_33' title="bbox 1 4491 1128 4610; baseline -0.014 -11"><span class='ocrx_word' id='word_1_245' title='bbox 1 4491 2 4522; x_wconf 34' lang='lat' dir='ltr'>l</span> <span class='ocrx_word' id='word_1_246' title='bbox 154 4543 281 4610; x_wconf 68' lang='lat' dir='ltr'>(a21aeg.</span> <span class='ocrx_word' id='word_1_247' title='bbox 294 4541 444 4610; x_wconf 71' lang='lat' dir='ltr'>mugiunt&lt;</span> <span class='ocrx_word' id='word_1_248' title='bbox 458 4542 492 4593; x_wconf 78' lang='lat' dir='ltr'>A.</span> <span class='ocrx_word' id='word_1_249' title='bbox 507 4545 568 4594; x_wconf 77' lang='lat'>³51.</span> <span class='ocrx_word' id='word_1_250' title='bbox 582 4555 619 4590; x_wconf 80' lang='lat' dir='ltr'>ez.</span> <span class='ocrx_word' id='word_1_251' title='bbox 631 4553 658 4590; x_wconf 84' lang='lat' dir='ltr'>a.</span> <span class='ocrx_word' id='word_1_252' title='bbox 670 4539 739 4604; x_wconf 76' lang='lat' dir='ltr'>Bag.</span> <span class='ocrx_word' id='word_1_253' title='bbox 752 4539 899 4590; x_wconf 69' lang='lat' dir='ltr'>ichaunae</span> <span class='ocrx_word' id='word_1_254' title='bbox 908 4536 930 4588; x_wconf 88' lang='lat' dir='ltr'>L</span> <span class='ocrx_word' id='word_1_255' title='bbox 940 4534 998 4586; x_wconf 77' lang='lat' dir='ltr'>lot.</span> <span class='ocrx_word' id='word_1_256' title='bbox 1013 4538 1056 4587; x_wconf 80' lang='lat'>³1.</span> <span class='ocrx_word' id='word_1_257' title='bbox 1065 4534 1128 4595; x_wconf 84' lang='lat' dir='ltr'>lev.)</span> 
     </span>
    </p>
   </div>
   <div class='ocr_carea' id='block_1_14' title="bbox 554 4682 715 4696">
    <p class='ocr_par' dir='ltr' id='par_1_14' title="bbox 554 4682 715 4696">
     <span class='ocr_line' id='line_1_34' title="bbox 554 4682 715 4696; baseline -0.025 0"><span class='ocrx_word' id='word_1_258' title='bbox 554 4682 715 4696; x_wconf 65' lang='grc' dir='ltr'>...υ-</span> 
     </span>
    </p>
   </div>
   <div class='ocr_carea' id='block_1_15' title="bbox 0 0 1582 5252">
    <p class='ocr_par' dir='ltr' id='par_1_15' title="bbox 0 0 1582 5252">
     <span class='ocr_line' id='line_1_35' title="bbox 0 0 1582 5252; baseline 0 0"><span class='ocrx_word' id='word_1_259' title='bbox 0 0 1582 5252; x_wconf 95' lang='lat' dir='ltr'> </span> 
     </span>
    </p>
   </div>
  </div>
 </body>
</html>
