3214 5260
388 395 453 460 lert
748 413 981 460 urenonacarir
1001 381 1160 460 randena

388 599 448 660 pro
465 550 526 640 h'oc
541 581 695 658 opportet
709 595 766 660 per
783 595 840 639 nos
857 581 889 639 et
905 581 1032 640 nostrae
1062 575 1228 640 amicicias
1246 596 1381 657 querere
1406 573 1448 640 de
1461 571 1512 638 bu-

388 683 527 751 iusmodi
544 682 695 765 gentibus
712 683 892 765 armigeris,
909 685 949 747 de
966 682 1084 766 quibus
1093 690 1204 750 tamen
1220 682 1299 747 data
1314 683 1404 747 omni
1421 703 1512 765 opere

390 799 424 856 et
440 790 659 857 sollicitudine
669 811 730 876 per
745 811 804 857 nos
821 793 886 854 iam
900 798 976 855 sunt
992 791 1056 854 duo
1072 811 1200 856 menses
1214 798 1247 856 et
1261 789 1384 876 plures,
1399 791 1513 875 paucos

391 899 444 966 rel
460 899 567 964 nullos
583 899 727 964 invenire
743 899 912 981 potuimus
929 899 963 962 in
989 904 1083 964 tante
1099 899 1313 964 neccessitate
1329 905 1361 964 et
1376 896 1512 982 periculo
1584 877 1586 936 l

389 1015 554 1073 terrarum
572 1013 761 1072 nostrarum
778 1005 1011 1090 predictarum.
1585 1005 1586 1008 ’

462 1149 498 1214 (Δ
513 1151 622 1201 ›misti‹
637 1151 727 1201 czirne
741 1151 883 1200 velenezei
898 1151 1134 1214 ellamkenpvbol.
1148 1151 1263 1202 xxvn.
1278 1151 1336 1202 ket
1354 1155 1410 1204 135.
1425 1155 1457 1214 l.)

391 1603 420 1668 A
439 1601 591 1667 velenczec'
607 1599 951 1686 kormdnytondcenok
967 1601 1138 1666 Scardona
1155 1601 1328 1666 colomers
1349 1605 1518 1670 eoncitat
1584 1609 1586 1684 f

799 1709 1001 1774 intdzltede‘ee.
1020 1711 1114 1773 1356.

498 1868 598 1936 Anno
623 1864 820 1934 MOOGLV.
846 1867 899 1933 die
924 1867 990 1933 XI.
1014 1868 1134 1932 mensis
1148 1868 1344 1950 gFebruarii.
1362 1869 1516 1955 Capta:
1584 1847 1586 1872 ⁵

392 1977 489 2064 Quod
506 1977 670 2044 scribatur
687 1975 869 2059 Capitaneo
885 1973 1086 2059 Paysinatici
1103 1973 1273 2041 Sclaronie
1283 1979 1316 2040 in
1327 1978 1390 2043 hac
1400 1979 1517 2044 forma:

499 2085 581 2152 Tres
597 2084 725 2150 litteras
740 2091 866 2148 vestras
876 2083 939 2149 biis
950 2084 1063 2149 diebus
1073 2085 1288 2167 percepimus,
1300 2087 1515 2153 unamdatam
1584 2117 1586 2174 ς

392 2195 446 2261 die
462 2193 580 2274 xm„
597 2193 735 2258 alteram
753 2188 872 2260 XVII.
890 2199 923 2256 et
938 2195 1073 2257 terciam
1084 2189 1203 2260 XXV.
1220 2191 1245 2258 J
1246 2194 1385 2275 anuarii,
1401 2195 1516 2279 quibus
1585 2211 1586 2258 1

391 2304 469 2369 visis
486 2308 519 2367 et
529 2300 715 2381 intellectis,
728 2302 839 2364 statim
851 2299 1048 2382 providimus
1064 2299 1154 2364 vobis
1169 2300 1254 2366 mitti
1271 2299 1391 2367 debere
1400 2323 1449 2382 ea,
1459 2324 1518 2386 que
1585 2313 1586 2370 ζ

391 2430 451 2493 pro
472 2408 668 2474 necessitate
693 2406 791 2472 castri
817 2404 984 2471 Scardona
1000 2405 1226 2489 requirebatis,
1250 2407 1404 2474 videlicet
1420 2410 1519 2492 ligna·
1585 2401 1586 2478 l

391 2537 475 2598 men,
502 2535 677 2598 campanas
695 2513 775 2579 dues
801 2521 833 2578 et
849 2512 1018 2596 pecuniam
1044 2517 1260 2580 necessariam
1287 2537 1347 2598 pro
1364 2515 1517 2584 faciendis
1584 2515 1586 2598 ἕ

391 2623 485 2707 pagis
501 2621 730 2705 stipendiariis,
747 2622 803 2704 qni
820 2620 986 2703 hucusque
1002 2621 1034 2686 in
1051 2621 1135 2686 dicto
1152 2627 1261 2686 castro
1287 2631 1467 2706 steterunt3
1488 2633 1518 2690 et
1584 2617 1586 2674 i

391 2751 451 2814 pro
467 2729 541 2795 aliis
559 2729 709 2814 expensis
734 2728 926 2795 necessariis
952 2729 1043 2793 robis
1068 2730 1171 2794 eciam
1186 2730 1431 2813 providebimus
1446 2733 1517 2798 snb·

392 2842 511 2918 venire,
529 2841 615 2904 sicut
631 2836 804 2903 viderimus
820 2859 901 2921 opus
918 2838 1053 2903 esseEt
1064 2859 1103 2902 ex
1120 2860 1206 2904 nune
1221 2848 1354 2923 captum
1371 2843 1424 2922 sit,
1434 2841 1518 2924 qnod

392 2947 541 3032 predicte
567 2946 629 3012 sibi
654 2947 829 3011 mittantur
856 2947 1055 3029 quamcieius
1080 2967 1149 3010 esse
1165 2954 1284 3029 potest
1301 2945 1360 3012 Set
1376 2947 1518 3014 volentes

393 3075 491 3136 super
508 3053 581 3118 aliis
598 3052 629 3116 in
647 3053 728 3134 ipsis
745 3053 868 3117 lioteris
885 3055 1047 3119 contentis
1064 3053 1152 3118 ultra
1169 3055 1318 3137 predicta
1334 3054 1454 3121 hebere
1469 3056 1519 3120 de·

393 3161 625 3228 liberacionem
643 3169 674 3224 et
692 3167 886 3243 respectum,
910 3160 1061 3225 fidelitati
1077 3167 1182 3225 vestre
1199 3160 1369 3226 scribimus
1384 3171 1416 3228 et
1432 3185 1520 3228 man·
1584 3163 1586 3232 Ϊ

394 3269 518 3348 damus,
546 3275 714 3350 quatenus·
733 3288 831 3351 super
855 3269 934 3351 ipsis
966 3267 1176 3353 supersedere
1193 3268 1340 3336 debeatis
1355 3293 1414 3358 per
1429 3271 1519 3335 illurn
1584 3271 1586 3328 ἱ

395 3385 524 3442 cautum
539 3383 573 3440 et
588 3377 736 3440 dextrum
754 3376 894 3454 modum,
910 3377 965 3459 qui
984 3383 1088 3442 vestre
1104 3378 1277 3460 prudencie
1293 3379 1408 3446 melior
1423 3399 1519 3462 appa·
1583 3367 1586 3410 ¹

391 3482 485 3564 rebit,
502 3481 602 3547 donec
618 3503 639 3548 a
654 3482 748 3547 nobis
764 3483 854 3546 aliud
870 3482 1051 3548 habueritis
1067 3484 1098 3547 in
1113 3484 1284 3549 mandatis.

447 3629 483 3690 (Α
501 3628 609 3678 »Misti«
624 3629 715 3678 czimtt
729 3629 868 3678 velens-aei
882 3629 1109 3694 ellamkenyvbul
1124 3633 1240 3682 XXVII.
1257 3631 1315 3681 ket.
1333 3617 1391 3682 139.
1405 3630 1467 3690 len)

925 3935 999 4001 374.

392 4095 414 4162 I
442 4098 542 4184 Lojor
564 4120 703 4184 rnuipyor
726 4095 911 4184 kirdlynolr
944 4097 1122 4186 biztooectpi
1145 4093 1237 4164 leode
1261 4123 1282 4163 α
1308 4095 1517 4182 bozadrdnzd

657 4205 812 4270 veleecaet'
834 4207 963 4270 devereb
986 4211 1147 4272 eadmero.
1166 4208 1261 4272 1356.

500 4361 549 4450 A)
559 4365 721 4451 Exempla
737 4367 926 4432 lieterarurn
943 4367 1064 4432 domini
1074 4363 1177 4450 Regis
1187 4367 1362 4452 Hungarie
1378 4365 1519 4433 affidari·
1585 4335 1586 4344 i

392 4467 462 4532 onis
489 4468 766 4540 Ambaxietornm
791 4480 973 4540 nostrorum
1000 4475 1230 4542 mittendorum
1248 4473 1290 4540 ad
1308 4476 1425 4560 ipsum,
1441 4493 1521 4560 quas

391 4572 523 4642 lieteras
540 4579 675 4646 adduxit
693 4603 800 4646 secum
827 4577 952 4646 Paulus
978 4583 1017 4647 de
1034 4582 1205 4648 Bernardo
1238 4581 1398 4649 Notarius
1415 4579 1521 4646 Curia
