3134 5252
582 371 677 433 1346.
1128 371 1189 432 sol

1 597 2 600 ,
76 547 124 624 eis,
140 546 197 610 sub
213 571 353 630 quorum
372 550 553 614 consistunt
569 547 719 628 dominio,
737 549 804 612 sine
816 549 894 612 iuris
904 547 1002 614 alieni
1014 547 1195 630 preiudicio

73 654 275 735 applicanda,
301 656 451 720 omnibus
477 655 693 739 dignitatibus
721 662 753 720 et
778 655 943 740 beneticijs
960 653 1195 732 ecclesiasticis,

72 767 314 844 quantacunque
339 770 373 830 et
397 762 637 847 qualiacunque
664 763 815 840 existant,
842 783 904 846 que
930 761 1086 841 obtinent,
1108 761 1194 824 omni

73 888 122 951 spe
137 869 354 934 restitutionis
370 871 533 953 adempta,
549 893 587 936 ac
604 870 703 936 etiam
715 868 901 950 honoribus,
918 875 951 934 et
966 867 1196 952 dignitatibus,

70 983 98 1039 et
111 973 244 1057 publicis
260 975 390 1062 officijs,
417 984 450 1042 et
475 977 825 1056 administrationibus,
842 981 1005 1042 eteorum
1031 972 1196 1058 exercitijs

1 1138 2 1144 ,
71 1082 259 1149 secularibus
276 1085 448 1168 priuamus
464 1085 604 1166 eosdem,
620 1088 708 1169 ipsos
725 1085 900 1152 reddentes
917 1083 1078 1150 inhabiles
1094 1082 1136 1148 ad
1154 1082 1195 1146 si·

71 1192 151 1256 milia
175 1194 395 1276 imposterum
420 1194 615 1275 obtinenda3
648 1193 809 1258 vassallos
834 1193 965 1276 insuper
990 1198 1025 1257 et
1049 1188 1196 1258 subditos

1 1309 2 1316 ’
71 1317 179 1377 eorum,
195 1298 223 1362 si
241 1318 328 1380 quos
339 1298 472 1378 habent,
488 1322 508 1366 a
522 1299 683 1365 fidelitate
700 1321 768 1381 ‹pna
782 1304 935 1364 tenentur
951 1297 1073 1364 eisdem
1088 1297 1196 1364 absol·

1 1457 2 1486 ,
70 1405 172 1484 nimus,
192 1405 385 1472 iuramenta
400 1427 497 1490 super
512 1408 573 1473 hoc
589 1409 728 1491 prestita
744 1408 784 1474 de
801 1404 995 1490 Apostolioe
1012 1404 1196 1472 Potestatis

1 1547 2 1552 κ
70 1512 258 1594 plenitudine
275 1515 475 1582 relaxantes.
491 1515 704 1580 Decernimus
720 1535 859 1598 quoque,
876 1521 910 1580 vt
926 1515 1034 1580 omnia
1050 1513 1131 1592 loca,
1148 1513 1190 1578 ad

70 1642 122 1700 que
138 1619 214 1684 dicti
231 1621 291 1702 rei,
309 1629 484 1705 postquam
510 1643 568 1705 per
587 1625 667 1688 istos
684 1623 739 1688 uol
755 1622 847 1701 alios,
863 1621 980 1706 quibus
998 1620 1194 1686 commiseri-

1 1725 2 1796 ἕ
70 1749 140 1809 nus,
152 1729 198 1792 rei
215 1735 250 1794 et
266 1729 451 1812 culpabiles
467 1731 552 1796 tanti
568 1729 699 1796 sceleris
717 1729 840 1795 luerint
855 1728 1024 1808 declarati,
1040 1748 1194 1812 peruene-

1 1844 2 1916 ,
71 1836 134 1918 rint,
149 1836 309 1918 quamdiu
342 1835 421 1902 inibi
439 1837 614 1904 scientibus
632 1836 793 1902 dictorum
809 1836 955 1902 locorum
971 1833 1110 1901 dominis
1127 1833 1196 1900 siue

72 1942 249 2023 rectoribus,
276 1951 337 2008 aut
362 1941 645 2012 Vniuersitatibus
671 1965 782 2009 eorum
802 1949 970 2026 presentes
986 1942 1118 2023 fuerint,
1133 1941 1197 2008 nisi

1 2049 2 2128 J
73 2071 158 2132 quam
173 2053 324 2135 priorum
339 2051 470 2134 fuerint,
495 2053 677 2136 capientur,
693 2059 726 2117 et
741 2055 830 2134 capti
847 2052 889 2117 ad
907 2072 966 2116 nos
983 2049 1125 2116 fideliter
1141 2051 1197 2116 de·

1 2145 2 2198 3
72 2156 598 2244 ducantur,eeclesiasticoeoipso
610 2160 675 2224 sint
690 2155 1050 2242 suppositainterdicta
1067 2154 1123 2222 Ad
1135 2155 1196 2224 hoc

1 2249 3 2325 i
72 2263 215 2330 minersis
242 2274 278 2332 et
304 2267 443 2352 singulis
471 2267 752 2336 Vniuersitatibus
769 2272 802 2332 et
819 2264 1018 2331 Ciuitatibus
1040 2264 1196 2348 quibusli·
1251 2249 1254 2256 ’

1 2400 2 2427 r
73 2371 128 2455 bet,
143 2381 174 2439 et
189 2375 342 2458 personis
368 2375 506 2460 singulis
526 2375 753 2441 ecclesiasticis
769 2381 803 2439 ct
818 2370 1001 2453 mundanis,
1016 2373 1197 2440 cuiuscum-

73 2502 127 2563 que
142 2479 328 2565 dignitatis,
345 2482 569 2565 preminentie,
586 2490 702 2562 status,
719 2481 915 2548 conditionis
931 2487 990 2546 aut
1006 2499 1101 2548 sexus
1117 2480 1198 2546 exis·

73 2595 145 2674 tant,
158 2591 220 2657 hoc
237 2591 387 2676 generali
414 2590 606 2658 mandamus
631 2592 748 2670 edicto,
765 2597 799 2658 vt
814 2589 924 2656 nullus
940 2610 981 2654 ex
997 2589 1197 2674 supradictis

73 2696 165 2764 modis
181 2721 267 2782 reos,
294 2706 330 2765 vt
354 2700 563 2782 premittitur,
582 2699 773 2780 declaratos,
789 2703 943 2783 receptet,
959 2697 1013 2764 uel
1030 2695 1194 2776 defendat,

73 2804 118 2867 uel
142 2811 306 2889 quantum
332 2807 367 2870 in
392 2827 430 2872 eo
455 2806 564 2888 fuerit,
589 2806 751 2891 receptari
777 2811 836 2872 aut
861 2804 992 2871 delendi
1017 2807 1198 2889 permittat,

74 2911 154 2978 nulla
170 2934 223 2979 eos
241 2913 453 2984 Vniversitas
469 2915 689 2998 imposterum,
705 2915 761 2980 uel
777 2913 945 2995 Consules,
961 2920 1017 2978 aut
1032 2909 1197 2995 Rectores,

75 3020 234 3103 recipiant,
263 3022 317 3086 uel
343 3023 385 3087 ad
410 3021 580 3104 quodlibet
598 3021 687 3086 aliud
704 3020 845 3088 officium
862 3041 1053 3105 quocunque
1068 3020 1197 3086 nomine

75 3135 235 3193 censeatur
252 3129 416 3210 admittat,
441 3127 550 3194 nullus
575 3129 803 3195 commercium
830 3127 971 3213 aliquod,
987 3135 1044 3194 aut
1060 3147 1198 3194 commu·

77 3233 193 3299 nionem
210 3235 404 3319 quamlibet,
421 3235 484 3300 nisi
508 3237 620 3303 forsan
636 3239 670 3301 in
687 3235 762 3318 illis,
780 3257 841 3320 que
857 3237 995 3302 salutem
1014 3237 1196 3302 animarum

76 3341 208 3422 ipsorum
234 3343 424 3427 respiciant,
453 3342 576 3411 babeat
608 3365 679 3409 oum
706 3344 846 3424 eisdem,
872 3343 979 3409 nullus
997 3351 1120 3426 prestet
1150 3344 1197 3409 eis

77 3449 222 3516 auxilium
238 3451 293 3515 uel
310 3449 465 3533 fauorem,
490 3449 655 3534 publicum
680 3451 735 3517 uel
751 3451 923 3531 occultum,
938 3451 1047 3516 nullus
1063 3473 1136 3516 cum
1152 3451 1198 3518 eis

2 3555 3 3572 ¹
77 3555 128 3620 sub
143 3559 260 3639 quouis
277 3563 431 3641 pretextu
448 3579 504 3623 seu
521 3558 628 3623 colore
648 3560 845 3638 societatem,
861 3559 962 3641 ligam
979 3579 1035 3626 seu
1052 3555 1197 3626 consede-

79 3665 227 3732 rationem
244 3667 390 3749 aliquam
406 3664 487 3730 inire
514 3670 702 3748 presumat,
725 3665 816 3731 nulla
831 3662 1050 3747 Vniuersitas,
1066 3666 1197 3732 nullaue

3 3821 5 3868 t
78 3770 244 3854 singularis
261 3793 410 3857 persona,
436 3773 481 3837 eis
507 3773 560 3838 uel
586 3793 696 3839 eorum
713 3772 810 3838 alteri
826 3773 942 3857 quouis
959 3773 1029 3839 iure
1045 3775 1199 3856 subiecta,

3 3901 4 3912 ³
77 3885 141 3956 post
155 3879 413 3946 declarationem
429 3880 610 3964 predictam
626 3888 743 3964 pareat
754 3881 944 3962 aliqualiter
960 3882 1013 3948 uel
1028 3882 1198 3963 intendat3
1288 3891 1290 3896 '

3 3987 5 4078 ᾗ
76 3983 208 4068 alioquin
226 4009 338 4056 omnes
353 3996 386 4053 et
402 3988 585 4071 singulares
601 4009 758 4073 personas
774 3988 916 4055 scienter
932 3992 1131 4056 contrarium
1147 3991 1194 4056 la·

3 4079 6 4166 Ῐ
78 4089 198 4177 cientes,
215 4095 415 4162 sententiam
432 4097 780 4176 excommunicationis,
796 4117 894 4180 quam
907 4117 1041 4166 exnunc
1057 4099 1091 4166 iu
1107 4098 1197 4181 ipsos

4 4183 6 4276 i
78 4195 245 4286 inferimus,
260 4205 425 4269 incurrere
442 4204 590 4269 uolumus
607 4205 678 4289 ipso
693 4206 810 4272 fecto«

4 4299 6 4400 ζ
174 4310 332 4396 Cumque,
349 4309 557 4380 Serenissinu:
581 4312 733 4397 Domina,
748 4313 917 4377 uniuersus
933 4313 1042 4399 Regni
1058 4313 1197 4398 populus

4 4413 7 4508 ξ
80 4414 186 4485 clamet
201 4427 233 4486 et
249 4421 471 4486 uehementius
488 4423 645 4486 acclamet
656 4421 968 4504 contraproditores
984 4424 1198 4507 supradictos,

4 4515 7 4588 l
80 4523 128 4603 qm'
142 4527 186 4591 sic
200 4535 371 4594 morantur
396 4528 525 4612 publice
553 4528 751 4596 offendentes
775 4528 1003 4614 principaliter
1024 4551 1198 4614 personam
