<?xml version="1.0" encoding="UTF-8"?>
<!DOCTYPE html PUBLIC "-//W3C//DTD XHTML 1.0 Transitional//EN"
    "http://www.w3.org/TR/xhtml1/DTD/xhtml1-transitional.dtd">
<html xmlns="http://www.w3.org/1999/xhtml" xml:lang="en" lang="en">
 <head>
  <title>
</title>
<meta http-equiv="Content-Type" content="text/html;charset=utf-8" />
  <meta name='ocr-system' content='tesseract 3.04.00' />
  <meta name='ocr-capabilities' content='ocr_page ocr_carea ocr_par ocr_line ocrx_word'/>
</head>
<body>
  <div class='ocr_page' id='page_1' title='image "./magyardiplomacz01wenzgoog_0247.png"; bbox 0 0 3134 5252; ppageno 0'>
   <div class='ocr_carea' id='block_1_1' title="bbox 556 239 700 306">
    <p class='ocr_par' dir='ltr' id='par_1_1' title="bbox 556 239 700 306">
     <span class='ocr_line' id='line_1_1' title="bbox 556 239 700 306; baseline -0.014 1"><span class='ocrx_word' id='word_1_1' title='bbox 556 239 560 246; x_wconf 71' lang='grc'><strong>’</strong></span> <span class='ocrx_word' id='word_1_2' title='bbox 606 241 700 306; x_wconf 70' lang='lat' dir='ltr'>loeo.</span> 
     </span>
    </p>
   </div>
   <div class='ocr_carea' id='block_1_2' title="bbox 619 551 691 613">
    <p class='ocr_par' dir='ltr' id='par_1_2' title="bbox 619 551 691 613">
     <span class='ocr_line' id='line_1_2' title="bbox 619 551 691 613; baseline 0.042 -3"><span class='ocrx_word' id='word_1_3' title='bbox 619 551 691 613; x_wconf 75' lang='lat'>197.</span> 
     </span>
    </p>
   </div>
   <div class='ocr_carea' id='block_1_3' title="bbox 34 669 1219 902">
    <p class='ocr_par' dir='ltr' id='par_1_3' title="bbox 34 669 1219 902">
     <span class='ocr_line' id='line_1_3' title="bbox 34 669 1219 795; baseline -0.018 -3"><span class='ocrx_word' id='word_1_4' title='bbox 34 669 37 792; x_wconf 68' lang='lat' dir='ltr'>l</span> <span class='ocrx_word' id='word_1_5' title='bbox 115 707 208 770; x_wconf 62' lang='lat' dir='ltr'>[Mn</span> <span class='ocrx_word' id='word_1_6' title='bbox 222 709 362 772; x_wconf 68' lang='lat' dir='ltr'>bonoim·</span> <span class='ocrx_word' id='word_1_7' title='bbox 378 710 442 772; x_wconf 81' lang='lat' dir='ltr'>ddn</span> <span class='ocrx_word' id='word_1_8' title='bbox 457 710 586 795; x_wconf 76' lang='lat' dir='ltr'>ne&#39;bdny</span> <span class='ocrx_word' id='word_1_9' title='bbox 611 707 792 774; x_wconf 76' lang='lat' dir='ltr'>dalmatiai</span> <span class='ocrx_word' id='word_1_10' title='bbox 808 707 932 795; x_wconf 72' lang='lat' dir='ltr'>jdurat</span> <span class='ocrx_word' id='word_1_11' title='bbox 948 709 1044 794; x_wconf 81' lang='lat' dir='ltr'>ajdal</span> <span class='ocrx_word' id='word_1_12' title='bbox 1071 733 1092 772; x_wconf 86' lang='lat' dir='ltr'>a</span> <span class='ocrx_word' id='word_1_13' title='bbox 1118 707 1219 772; x_wconf 82' lang='lat' dir='ltr'>velen·</span> 
     </span>
     <span class='ocr_line' id='line_1_4' title="bbox 433 815 871 902; baseline -0.002 -23"><span class='ocrx_word' id='word_1_14' title='bbox 433 815 498 879; x_wconf 76' lang='lat' dir='ltr'>ezei</span> <span class='ocrx_word' id='word_1_15' title='bbox 515 815 755 902; x_wconf 63' lang='lat' dir='ltr'>borwaynak.</span> <span class='ocrx_word' id='word_1_16' title='bbox 778 815 871 879; x_wconf 78' lang='lat'><strong><em>1346.</em></strong></span> 
     </span>
    </p>
   </div>
   <div class='ocr_carea' id='block_1_4' title="bbox 200 969 1218 1059">
    <p class='ocr_par' dir='ltr' id='par_1_4' title="bbox 200 969 1218 1059">
     <span class='ocr_line' id='line_1_5' title="bbox 200 969 1218 1059; baseline 0.004 -23"><span class='ocrx_word' id='word_1_17' title='bbox 200 971 294 1038; x_wconf 84' lang='lat' dir='ltr'>Anno</span> <span class='ocrx_word' id='word_1_18' title='bbox 314 969 574 1040; x_wconf 77' lang='lat' dir='ltr'><strong>MOOOXLVI.</strong></span> <span class='ocrx_word' id='word_1_19' title='bbox 590 973 643 1038; x_wconf 89' lang='lat' dir='ltr'>die</span> <span class='ocrx_word' id='word_1_20' title='bbox 659 974 703 1040; x_wconf 91' lang='lat' dir='ltr'>X.</span> <span class='ocrx_word' id='word_1_21' title='bbox 720 971 923 1041; x_wconf 81' lang='lat' dir='ltr'>Novembris.</span> <span class='ocrx_word' id='word_1_22' title='bbox 945 973 1105 1058; x_wconf 71' lang='lat' dir='ltr'>Capta:</span> <span class='ocrx_word' id='word_1_23' title='bbox 1122 971 1218 1059; x_wconf 76' lang='lat' dir='ltr'>Quod</span> 
     </span>
    </p>
   </div>
   <div class='ocr_carea' id='block_1_5' title="bbox 34 1079 1218 3094">
    <p class='ocr_par' dir='ltr' id='par_1_5' title="bbox 34 1067 1218 3104">
     <span class='ocr_line' id='line_1_6' title="bbox 34 1079 1218 1166; baseline 0.004 -24"><span class='ocrx_word' id='word_1_24' title='bbox 34 1093 36 1100; x_wconf 81' lang='grc'><em>’</em></span> <span class='ocrx_word' id='word_1_25' title='bbox 110 1079 397 1157; x_wconf 83' lang='lat' dir='ltr'>scribatnrdomino</span> <span class='ocrx_word' id='word_1_26' title='bbox 411 1081 506 1148; x_wconf 90' lang='lat' dir='ltr'>Bano</span> <span class='ocrx_word' id='word_1_27' title='bbox 521 1080 660 1146; x_wconf 87' lang='lat' dir='ltr'>Bossine</span> <span class='ocrx_word' id='word_1_28' title='bbox 685 1103 758 1147; x_wconf 91' lang='lat' dir='ltr'>eum</span> <span class='ocrx_word' id='word_1_29' title='bbox 784 1082 851 1147; x_wconf 92' lang='lat' dir='ltr'>illis</span> <span class='ocrx_word' id='word_1_30' title='bbox 867 1081 989 1166; x_wconf 84' lang='lat' dir='ltr'>pulcris</span> <span class='ocrx_word' id='word_1_31' title='bbox 1014 1082 1130 1162; x_wconf 76' lang='lat' dir='ltr'>verbis,</span> <span class='ocrx_word' id='word_1_32' title='bbox 1154 1104 1218 1166; x_wconf 93' lang='lat' dir='ltr'>que</span> 
     </span>
     <span class='ocr_line' id='line_1_7' title="bbox 34 1186 1215 1292; baseline 0.004 -41"><span class='ocrx_word' id='word_1_33' title='bbox 34 1193 36 1292; x_wconf 45' lang='grc' dir='ltr'>ξ</span> <span class='ocrx_word' id='word_1_34' title='bbox 109 1186 291 1269; x_wconf 78' lang='lat' dir='ltr'>ridebuntur,</span> <span class='ocrx_word' id='word_1_35' title='bbox 313 1189 400 1254; x_wconf 88' lang='lat' dir='ltr'>inter</span> <span class='ocrx_word' id='word_1_36' title='bbox 416 1188 558 1254; x_wconf 85' lang='lat' dir='ltr'>eliasibi</span> <span class='ocrx_word' id='word_1_37' title='bbox 574 1188 769 1273; x_wconf 85' lang='lat' dir='ltr'>denotando,</span> <span class='ocrx_word' id='word_1_38' title='bbox 793 1189 881 1273; x_wconf 91' lang='lat' dir='ltr'>quod</span> <span class='ocrx_word' id='word_1_39' title='bbox 896 1211 957 1273; x_wconf 91' lang='lat' dir='ltr'>per</span> <span class='ocrx_word' id='word_1_40' title='bbox 972 1191 1075 1272; x_wconf 89' lang='lat' dir='ltr'>ipsius</span> <span class='ocrx_word' id='word_1_41' title='bbox 1092 1188 1215 1256; x_wconf 83' lang='lat' dir='ltr'>Amba·</span> 
     </span>
     <span class='ocr_line' id='line_1_8' title="bbox 108 1293 1212 1379; baseline 0.002 -20.874"><span class='ocrx_word' id='word_1_42' title='bbox 108 1300 236 1360; x_wconf 84' lang='lat' dir='ltr'>retorem</span> <span class='ocrx_word' id='word_1_43' title='bbox 251 1296 417 1361; x_wconf 89' lang='lat' dir='ltr'>dominum</span> <span class='ocrx_word' id='word_1_44' title='bbox 441 1295 553 1360; x_wconf 82' lang='lat' dir='ltr'>Ellam</span> <span class='ocrx_word' id='word_1_45' title='bbox 577 1315 637 1360; x_wconf 90' lang='lat' dir='ltr'>nos</span> <span class='ocrx_word' id='word_1_46' title='bbox 662 1296 774 1379; x_wconf 77' lang='lat' dir='ltr'>rogari</span> <span class='ocrx_word' id='word_1_47' title='bbox 799 1294 886 1379; x_wconf 85' lang='lat' dir='ltr'>feeit,</span> <span class='ocrx_word' id='word_1_48' title='bbox 902 1296 989 1378; x_wconf 91' lang='lat' dir='ltr'>quod</span> <span class='ocrx_word' id='word_1_49' title='bbox 1015 1293 1212 1362; x_wconf 84' lang='lat' dir='ltr'>Ouriaehum</span> 
     </span>
     <span class='ocr_line' id='line_1_9' title="bbox 34 1387 1216 1488; baseline 0.005 -24"><span class='ocrx_word' id='word_1_50' title='bbox 34 1387 36 1472; x_wconf 68' lang='grc' dir='ltr'>ζ</span> <span class='ocrx_word' id='word_1_51' title='bbox 107 1407 134 1465; x_wconf 87' lang='lat' dir='ltr'>et</span> <span class='ocrx_word' id='word_1_52' title='bbox 146 1399 295 1470; x_wconf 82' lang='lat' dir='ltr'><strong>Comitem</strong></span> <span class='ocrx_word' id='word_1_53' title='bbox 310 1403 526 1469; x_wconf 83' lang='lat' dir='ltr'>Bndislavum</span> <span class='ocrx_word' id='word_1_54' title='bbox 542 1403 725 1486; x_wconf 77' lang='lat' dir='ltr'>Vgrignioh</span> <span class='ocrx_word' id='word_1_55' title='bbox 742 1408 774 1467; x_wconf 88' lang='lat' dir='ltr'>et</span> <span class='ocrx_word' id='word_1_56' title='bbox 800 1424 909 1469; x_wconf 91' lang='lat' dir='ltr'>eorum</span> <span class='ocrx_word' id='word_1_57' title='bbox 935 1402 1021 1468; x_wconf 90' lang='lat' dir='ltr'>bona</span> <span class='ocrx_word' id='word_1_58' title='bbox 1037 1401 1131 1468; x_wconf 91' lang='lat' dir='ltr'>nobis</span> <span class='ocrx_word' id='word_1_59' title='bbox 1146 1403 1216 1488; x_wconf 87' lang='lat' dir='ltr'>pla·</span> 
     </span>
     <span class='ocr_line' id='line_1_10' title="bbox 34 1508 1217 1610; baseline 0.004 -39"><span class='ocrx_word' id='word_1_60' title='bbox 34 1537 36 1610; x_wconf 46' lang='grc' dir='ltr'><strong><em>ἓ</em></strong></span> <span class='ocrx_word' id='word_1_61' title='bbox 108 1514 182 1572; x_wconf 83' lang='lat' dir='ltr'>reret</span> <span class='ocrx_word' id='word_1_62' title='bbox 196 1510 313 1576; x_wconf 85' lang='lat' dir='ltr'>babere</span> <span class='ocrx_word' id='word_1_63' title='bbox 346 1509 590 1592; x_wconf 86' lang='lat' dir='ltr'>commendeta;</span> <span class='ocrx_word' id='word_1_64' title='bbox 615 1517 648 1576; x_wconf 94' lang='lat' dir='ltr'>et</span> <span class='ocrx_word' id='word_1_65' title='bbox 664 1532 724 1578; x_wconf 86' lang='lat' dir='ltr'>noe</span> <span class='ocrx_word' id='word_1_66' title='bbox 739 1511 780 1578; x_wconf 92' lang='lat' dir='ltr'>ob</span> <span class='ocrx_word' id='word_1_67' title='bbox 806 1532 948 1577; x_wconf 86' lang='lat' dir='ltr'>amorem</span> <span class='ocrx_word' id='word_1_68' title='bbox 964 1508 1030 1576; x_wconf 84' lang='lat' dir='ltr'>Sue</span> <span class='ocrx_word' id='word_1_69' title='bbox 1046 1509 1217 1576; x_wconf 80' lang='lat' dir='ltr'>Excellen-</span> 
     </span>
     <span class='ocr_line' id='line_1_11' title="bbox 34 1613 1215 1702; baseline 0.007 -26"><span class='ocrx_word' id='word_1_70' title='bbox 34 1619 41 1696; x_wconf 62' lang='grc' dir='ltr'><em>ζ</em></span> <span class='ocrx_word' id='word_1_71' title='bbox 106 1613 141 1678; x_wconf 84' lang='lat' dir='ltr'>lie</span> <span class='ocrx_word' id='word_1_72' title='bbox 155 1636 203 1681; x_wconf 90' lang='lat' dir='ltr'>eos</span> <span class='ocrx_word' id='word_1_73' title='bbox 227 1615 394 1702; x_wconf 90' lang='lat' dir='ltr'>hueusque</span> <span class='ocrx_word' id='word_1_74' title='bbox 420 1617 718 1684; x_wconf 85' lang='lat' dir='ltr'>reeoommendatos</span> <span class='ocrx_word' id='word_1_75' title='bbox 744 1617 963 1684; x_wconf 80' lang='lat' dir='ltr'><strong>habueramus</strong></span> <span class='ocrx_word' id='word_1_76' title='bbox 982 1624 1014 1683; x_wconf 86' lang='lat' dir='ltr'>et</span> <span class='ocrx_word' id='word_1_77' title='bbox 1029 1617 1151 1684; x_wconf 88' lang='lat' dir='ltr'>babere</span> <span class='ocrx_word' id='word_1_78' title='bbox 1168 1619 1215 1684; x_wconf 89' lang='lat' dir='ltr'>in·</span> 
     </span>
     <span class='ocr_line' id='line_1_12' title="bbox 34 1709 1214 1810; baseline 0.008 -27"><span class='ocrx_word' id='word_1_79' title='bbox 34 1709 36 1808; x_wconf 63' lang='lat' dir='ltr'>l</span> <span class='ocrx_word' id='word_1_80' title='bbox 105 1721 308 1805; x_wconf 78' lang='lat' dir='ltr'><strong>tendebamus,</strong></span> <span class='ocrx_word' id='word_1_81' title='bbox 332 1725 506 1791; x_wconf 91' lang='lat' dir='ltr'>dummodo</span> <span class='ocrx_word' id='word_1_82' title='bbox 531 1722 687 1807; x_wconf 80' lang='lat' dir='ltr'>facerent,</span> <span class='ocrx_word' id='word_1_83' title='bbox 717 1725 805 1807; x_wconf 93' lang='lat' dir='ltr'>quod</span> <span class='ocrx_word' id='word_1_84' title='bbox 830 1724 995 1792; x_wconf 82' lang='lat' dir='ltr'>deberent</span> <span class='ocrx_word' id='word_1_85' title='bbox 1019 1722 1080 1792; x_wconf 80' lang='lat' dir='ltr'>Set</span> <span class='ocrx_word' id='word_1_86' title='bbox 1109 1746 1214 1810; x_wconf 85' lang='lat' dir='ltr'>nuper</span> 
     </span>
     <span class='ocr_line' id='line_1_13' title="bbox 105 1827 1216 1915; baseline 0.008 -26.399"><span class='ocrx_word' id='word_1_87' title='bbox 105 1827 304 1896; x_wconf 81' lang='lat' dir='ltr'>intelleximus</span> <span class='ocrx_word' id='word_1_88' title='bbox 319 1833 485 1898; x_wconf 83' lang='lat' dir='ltr'>relacione</span> <span class='ocrx_word' id='word_1_89' title='bbox 500 1832 651 1915; x_wconf 82' lang='lat' dir='ltr'>veridica,</span> <span class='ocrx_word' id='word_1_90' title='bbox 675 1833 761 1915; x_wconf 92' lang='lat' dir='ltr'>quod</span> <span class='ocrx_word' id='word_1_91' title='bbox 786 1833 864 1898; x_wconf 89' lang='lat' dir='ltr'>dieti</span> <span class='ocrx_word' id='word_1_92' title='bbox 881 1832 1024 1900; x_wconf 79' lang='lat' dir='ltr'>Ouriaob</span> <span class='ocrx_word' id='word_1_93' title='bbox 1049 1838 1083 1897; x_wconf 88' lang='lat' dir='ltr'>et</span> <span class='ocrx_word' id='word_1_94' title='bbox 1098 1830 1216 1898; x_wconf 85' lang='lat' dir='ltr'>Budis-</span> 
     </span>
     <span class='ocr_line' id='line_1_14' title="bbox 34 1917 1213 2022; baseline 0.007 -24"><span class='ocrx_word' id='word_1_95' title='bbox 34 1917 38 2008; x_wconf 80' lang='lat' dir='ltr'>l</span> <span class='ocrx_word' id='word_1_96' title='bbox 105 1933 181 1999; x_wconf 81' lang='lat' dir='ltr'>larus</span> <span class='ocrx_word' id='word_1_97' title='bbox 195 1935 376 2022; x_wconf 82' lang='lat' dir='ltr'>Vgrignioh</span> <span class='ocrx_word' id='word_1_98' title='bbox 391 1939 558 2004; x_wconf 85' lang='lat' dir='ltr'>adhunant</span> <span class='ocrx_word' id='word_1_99' title='bbox 575 1945 608 2004; x_wconf 88' lang='lat' dir='ltr'>et</span> <span class='ocrx_word' id='word_1_100' title='bbox 624 1936 791 2004; x_wconf 86' lang='lat' dir='ltr'>cumulant</span> <span class='ocrx_word' id='word_1_101' title='bbox 806 1939 994 2006; x_wconf 83' lang='lat' dir='ltr'>vietualiam</span> <span class='ocrx_word' id='word_1_102' title='bbox 1010 1945 1080 2004; x_wconf 87' lang='lat' dir='ltr'>toto</span> <span class='ocrx_word' id='word_1_103' title='bbox 1098 1960 1213 2006; x_wconf 89' lang='lat' dir='ltr'>eorum</span> 
     </span>
     <span class='ocr_line' id='line_1_15' title="bbox 34 2043 1214 2128; baseline 0.004 -21"><span class='ocrx_word' id='word_1_104' title='bbox 34 2043 36 2128; x_wconf 74' lang='grc' dir='ltr'>ξ</span> <span class='ocrx_word' id='word_1_105' title='bbox 104 2060 182 2121; x_wconf 85' lang='lat' dir='ltr'>posse</span> <span class='ocrx_word' id='word_1_106' title='bbox 213 2065 272 2127; x_wconf 90' lang='lat' dir='ltr'>pro</span> <span class='ocrx_word' id='word_1_107' title='bbox 303 2045 453 2128; x_wconf 89' lang='lat' dir='ltr'>ponendo</span> <span class='ocrx_word' id='word_1_108' title='bbox 486 2066 556 2110; x_wconf 86' lang='lat' dir='ltr'>earn</span> <span class='ocrx_word' id='word_1_109' title='bbox 587 2047 622 2110; x_wconf 91' lang='lat' dir='ltr'>in</span> <span class='ocrx_word' id='word_1_110' title='bbox 653 2043 780 2127; x_wconf 88' lang='lat' dir='ltr'>Jadra,</span> <span class='ocrx_word' id='word_1_111' title='bbox 814 2045 909 2112; x_wconf 90' lang='lat' dir='ltr'>simul</span> <span class='ocrx_word' id='word_1_112' title='bbox 933 2069 1005 2114; x_wconf 88' lang='lat' dir='ltr'>eum</span> <span class='ocrx_word' id='word_1_113' title='bbox 1037 2045 1095 2114; x_wconf 85' lang='lat' dir='ltr'>illa</span> <span class='ocrx_word' id='word_1_114' title='bbox 1125 2046 1214 2113; x_wconf 88' lang='lat' dir='ltr'>Beni</span> 
     </span>
     <span class='ocr_line' id='line_1_16' title="bbox 34 2139 1213 2240; baseline 0.008 -29"><span class='ocrx_word' id='word_1_115' title='bbox 34 2139 36 2182; x_wconf 68' lang='lat'><em>⁵</em></span> <span class='ocrx_word' id='word_1_116' title='bbox 105 2143 278 2234; x_wconf 78' lang='lat' dir='ltr'>Solanonie3</span> <span class='ocrx_word' id='word_1_117' title='bbox 303 2174 366 2238; x_wconf 87' lang='lat' dir='ltr'>que</span> <span class='ocrx_word' id='word_1_118' title='bbox 382 2154 513 2236; x_wconf 89' lang='lat' dir='ltr'>quidem</span> <span class='ocrx_word' id='word_1_119' title='bbox 539 2175 604 2220; x_wconf 91' lang='lat' dir='ltr'>non</span> <span class='ocrx_word' id='word_1_120' title='bbox 631 2161 706 2220; x_wconf 90' lang='lat' dir='ltr'>sunt</span> <span class='ocrx_word' id='word_1_121' title='bbox 736 2175 844 2234; x_wconf 83' lang='lat' dir='ltr'>eausa,</span> <span class='ocrx_word' id='word_1_122' title='bbox 867 2155 956 2240; x_wconf 91' lang='lat' dir='ltr'>quod</span> <span class='ocrx_word' id='word_1_123' title='bbox 975 2154 1149 2222; x_wconf 79' lang='lat' dir='ltr'>debeamus</span> <span class='ocrx_word' id='word_1_124' title='bbox 1165 2156 1213 2238; x_wconf 93' lang='lat' dir='ltr'>ip-</span> 
     </span>
     <span class='ocr_line' id='line_1_17' title="bbox 103 2257 1213 2345; baseline 0.005 -24.649"><span class='ocrx_word' id='word_1_125' title='bbox 103 2257 281 2326; x_wconf 74' lang='lat' dir='ltr'>sorbebere</span> <span class='ocrx_word' id='word_1_126' title='bbox 307 2259 557 2342; x_wconf 80' lang='lat' dir='ltr'>commendatos,</span> <span class='ocrx_word' id='word_1_127' title='bbox 581 2267 631 2328; x_wconf 88' lang='lat' dir='ltr'>set</span> <span class='ocrx_word' id='word_1_128' title='bbox 657 2263 863 2328; x_wconf 88' lang='lat' dir='ltr'>eontrarium.</span> <span class='ocrx_word' id='word_1_129' title='bbox 888 2261 934 2328; x_wconf 81' lang='lat' dir='ltr'>Et</span> <span class='ocrx_word' id='word_1_130' title='bbox 959 2262 1032 2328; x_wconf 87' lang='lat' dir='ltr'>ideo</span> <span class='ocrx_word' id='word_1_131' title='bbox 1059 2281 1213 2345; x_wconf 79' lang='lat' dir='ltr'>rogamus</span> 
     </span>
     <span class='ocr_line' id='line_1_18' title="bbox 34 2337 1213 2452; baseline 0.003 -23"><span class='ocrx_word' id='word_1_132' title='bbox 34 2337 37 2376; x_wconf 57' lang='lat'>³</span> <span class='ocrx_word' id='word_1_133' title='bbox 102 2359 188 2444; x_wconf 80' lang='lat' dir='ltr'>ipsius</span> <span class='ocrx_word' id='word_1_134' title='bbox 202 2365 475 2451; x_wconf 79' lang='lat' dir='ltr'>Magnitudinem,</span> <span class='ocrx_word' id='word_1_135' title='bbox 501 2373 662 2450; x_wconf 86' lang='lat' dir='ltr'>quatenus</span> <span class='ocrx_word' id='word_1_136' title='bbox 690 2368 752 2434; x_wconf 86' lang='lat' dir='ltr'>sibi</span> <span class='ocrx_word' id='word_1_137' title='bbox 777 2369 907 2452; x_wconf 84' lang='lat' dir='ltr'>placeat</span> <span class='ocrx_word' id='word_1_138' title='bbox 931 2368 1088 2434; x_wconf 87' lang='lat' dir='ltr'>mandere</span> <span class='ocrx_word' id='word_1_139' title='bbox 1114 2375 1147 2433; x_wconf 88' lang='lat' dir='ltr'>et</span> <span class='ocrx_word' id='word_1_140' title='bbox 1162 2389 1213 2433; x_wconf 89' lang='lat' dir='ltr'>or-</span> 
     </span>
     <span class='ocr_line' id='line_1_19' title="bbox 34 2467 1213 2570; baseline 0.007 -39"><span class='ocrx_word' id='word_1_141' title='bbox 34 2541 36 2570; x_wconf 30' lang='lat'><em>!</em></span> <span class='ocrx_word' id='word_1_142' title='bbox 103 2467 199 2536; x_wconf 82' lang='lat' dir='ltr'>dimne</span> <span class='ocrx_word' id='word_1_143' title='bbox 214 2495 271 2556; x_wconf 89' lang='lat' dir='ltr'>per</span> <span class='ocrx_word' id='word_1_144' title='bbox 285 2474 379 2540; x_wconf 88' lang='lat' dir='ltr'>illam</span> <span class='ocrx_word' id='word_1_145' title='bbox 396 2477 489 2555; x_wconf 84' lang='lat' dir='ltr'>viam,</span> <span class='ocrx_word' id='word_1_146' title='bbox 514 2496 577 2558; x_wconf 90' lang='lat' dir='ltr'>que</span> <span class='ocrx_word' id='word_1_147' title='bbox 603 2474 664 2541; x_wconf 91' lang='lat' dir='ltr'>sibi</span> <span class='ocrx_word' id='word_1_148' title='bbox 690 2473 861 2557; x_wconf 87' lang='lat' dir='ltr'>videbitur,</span> <span class='ocrx_word' id='word_1_149' title='bbox 884 2475 1022 2560; x_wconf 85' lang='lat' dir='ltr'>prelatis</span> <span class='ocrx_word' id='word_1_150' title='bbox 1047 2474 1213 2541; x_wconf 83' lang='lat' dir='ltr'>Ourieebo</span> 
     </span>
     <span class='ocr_line' id='line_1_20' title="bbox 34 2571 1214 2682; baseline 0.007 -45"><span class='ocrx_word' id='word_1_151' title='bbox 34 2571 38 2682; x_wconf 65' lang='lat' dir='ltr'>l</span> <span class='ocrx_word' id='word_1_152' title='bbox 102 2581 129 2637; x_wconf 88' lang='lat' dir='ltr'>et</span> <span class='ocrx_word' id='word_1_153' title='bbox 150 2576 324 2647; x_wconf 86' lang='lat' dir='ltr'>Budislavo</span> <span class='ocrx_word' id='word_1_154' title='bbox 350 2581 541 2664; x_wconf 81' lang='lat' dir='ltr'>Vgrignieh,</span> <span class='ocrx_word' id='word_1_155' title='bbox 566 2580 655 2664; x_wconf 91' lang='lat' dir='ltr'>quod</span> <span class='ocrx_word' id='word_1_156' title='bbox 671 2604 691 2645; x_wconf 89' lang='lat' dir='ltr'>a</span> <span class='ocrx_word' id='word_1_157' title='bbox 708 2580 831 2647; x_wconf 87' lang='lat' dir='ltr'>talibus</span> <span class='ocrx_word' id='word_1_158' title='bbox 856 2582 1133 2648; x_wconf 87' lang='lat' dir='ltr'>adhunationibus</span> <span class='ocrx_word' id='word_1_159' title='bbox 1150 2582 1214 2645; x_wconf 85' lang='lat' dir='ltr'>vio·</span> 
     </span>
     <span class='ocr_line' id='line_1_21' title="bbox 34 2683 1211 2788; baseline 0.008 -44"><span class='ocrx_word' id='word_1_160' title='bbox 34 2739 37 2788; x_wconf 59' lang='grc' dir='ltr'>Ι</span> <span class='ocrx_word' id='word_1_161' title='bbox 101 2683 219 2751; x_wconf 84' lang='lat' dir='ltr'>tnelinm</span> <span class='ocrx_word' id='word_1_162' title='bbox 234 2686 354 2752; x_wconf 87' lang='lat' dir='ltr'>debeat</span> <span class='ocrx_word' id='word_1_163' title='bbox 370 2707 404 2752; x_wconf 91' lang='lat' dir='ltr'>se</span> <span class='ocrx_word' id='word_1_164' title='bbox 421 2689 456 2751; x_wconf 91' lang='lat' dir='ltr'>in</span> <span class='ocrx_word' id='word_1_165' title='bbox 471 2693 577 2753; x_wconf 90' lang='lat' dir='ltr'>totum</span> <span class='ocrx_word' id='word_1_166' title='bbox 595 2688 777 2769; x_wconf 82' lang='lat' dir='ltr'>abstinere3</span> <span class='ocrx_word' id='word_1_167' title='bbox 802 2693 835 2752; x_wconf 87' lang='lat' dir='ltr'>et</span> <span class='ocrx_word' id='word_1_168' title='bbox 860 2695 896 2754; x_wconf 90' lang='lat' dir='ltr'>ut</span> <span class='ocrx_word' id='word_1_169' title='bbox 908 2690 990 2756; x_wconf 90' lang='lat' dir='ltr'>bene</span> <span class='ocrx_word' id='word_1_170' title='bbox 1006 2687 1211 2754; x_wconf 86' lang='lat' dir='ltr'>commodata</span> 
     </span>
     <span class='ocr_line' id='line_1_22' title="bbox 34 2786 1213 2882; baseline 0.004 -28"><span class='ocrx_word' id='word_1_171' title='bbox 34 2793 36 2882; x_wconf 71' lang='grc' dir='ltr'>ξ</span> <span class='ocrx_word' id='word_1_172' title='bbox 101 2786 190 2856; x_wconf 84' lang='lat' dir='ltr'>lacere</span> <span class='ocrx_word' id='word_1_173' title='bbox 206 2795 315 2874; x_wconf 86' lang='lat' dir='ltr'>soient,</span> <span class='ocrx_word' id='word_1_174' title='bbox 339 2795 511 2878; x_wconf 82' lang='lat' dir='ltr'>negocium</span> <span class='ocrx_word' id='word_1_175' title='bbox 531 2801 626 2861; x_wconf 87' lang='lat' dir='ltr'>caute</span> <span class='ocrx_word' id='word_1_176' title='bbox 651 2796 846 2880; x_wconf 79' lang='lat' dir='ltr'>perturbere</span> <span class='ocrx_word' id='word_1_177' title='bbox 873 2794 1030 2877; x_wconf 89' lang='lat' dir='ltr'>debeant;</span> <span class='ocrx_word' id='word_1_178' title='bbox 1052 2817 1128 2861; x_wconf 92' lang='lat' dir='ltr'>nam</span> <span class='ocrx_word' id='word_1_179' title='bbox 1157 2816 1213 2860; x_wconf 90' lang='lat' dir='ltr'>no-</span> 
     </span>
     <span class='ocr_line' id='line_1_23' title="bbox 101 2893 1213 2986; baseline 0.007 -27.545"><span class='ocrx_word' id='word_1_180' title='bbox 101 2893 226 2964; x_wconf 87' lang='lat' dir='ltr'>lentibus</span> <span class='ocrx_word' id='word_1_181' title='bbox 241 2901 323 2986; x_wconf 89' lang='lat' dir='ltr'>ipsis</span> <span class='ocrx_word' id='word_1_182' title='bbox 338 2921 372 2965; x_wconf 91' lang='lat' dir='ltr'>se</span> <span class='ocrx_word' id='word_1_183' title='bbox 388 2901 553 2968; x_wconf 88' lang='lat' dir='ltr'>abstinere</span> <span class='ocrx_word' id='word_1_184' title='bbox 580 2901 622 2968; x_wconf 91' lang='lat' dir='ltr'>ab</span> <span class='ocrx_word' id='word_1_185' title='bbox 638 2903 776 2986; x_wconf 88' lang='lat' dir='ltr'>ineeptis</span> <span class='ocrx_word' id='word_1_186' title='bbox 801 2925 859 2986; x_wconf 88' lang='lat' dir='ltr'>per</span> <span class='ocrx_word' id='word_1_187' title='bbox 885 2923 949 2984; x_wconf 89' lang='lat' dir='ltr'>eos,</span> <span class='ocrx_word' id='word_1_188' title='bbox 973 2902 1137 2986; x_wconf 86' lang='lat' dir='ltr'>oportebit</span> <span class='ocrx_word' id='word_1_189' title='bbox 1154 2923 1213 2967; x_wconf 88' lang='lat' dir='ltr'>nos</span> 
     </span>
     <span class='ocr_line' id='line_1_24' title="bbox 102 3007 1213 3094; baseline 0.007 -25.539"><span class='ocrx_word' id='word_1_190' title='bbox 102 3011 202 3073; x_wconf 84' lang='lat' dir='ltr'>eontra</span> <span class='ocrx_word' id='word_1_191' title='bbox 216 3007 303 3093; x_wconf 88' lang='lat' dir='ltr'>ipsos</span> <span class='ocrx_word' id='word_1_192' title='bbox 328 3011 466 3093; x_wconf 88' lang='lat' dir='ltr'>operari,</span> <span class='ocrx_word' id='word_1_193' title='bbox 491 3011 575 3076; x_wconf 87' lang='lat' dir='ltr'>sieut</span> <span class='ocrx_word' id='word_1_194' title='bbox 599 3031 659 3094; x_wconf 91' lang='lat' dir='ltr'>pro</span> <span class='ocrx_word' id='word_1_195' title='bbox 691 3010 813 3076; x_wconf 87' lang='lat' dir='ltr'>bonore</span> <span class='ocrx_word' id='word_1_196' title='bbox 843 3014 876 3076; x_wconf 82' lang='lat' dir='ltr'>et</span> <span class='ocrx_word' id='word_1_197' title='bbox 895 3010 982 3076; x_wconf 90' lang='lat' dir='ltr'>bono</span> <span class='ocrx_word' id='word_1_198' title='bbox 1013 3009 1213 3093; x_wconf 77' lang='lat' dir='ltr'>agendorum</span> 
     </span>
    </p>
   </div>
   <div class='ocr_carea' id='block_1_6' title="bbox 34 3115 775 3218">
    <p class='ocr_par' dir='ltr' id='par_1_6' title="bbox 34 3115 775 3218">
     <span class='ocr_line' id='line_1_25' title="bbox 34 3115 775 3218; baseline 0.011 -45"><span class='ocrx_word' id='word_1_199' title='bbox 34 3119 36 3218; x_wconf 68' lang='lat' dir='ltr'><strong>j</strong></span> <span class='ocrx_word' id='word_1_200' title='bbox 64 3193 67 3198; x_wconf 11' lang='grc' dir='ltr'>ἡ</span> <span class='ocrx_word' id='word_1_201' title='bbox 101 3117 272 3181; x_wconf 89' lang='lat' dir='ltr'>nostrorum</span> <span class='ocrx_word' id='word_1_202' title='bbox 286 3115 469 3182; x_wconf 80' lang='lat' dir='ltr'>videbimus</span> <span class='ocrx_word' id='word_1_203' title='bbox 485 3115 554 3183; x_wconf 87' lang='lat' dir='ltr'>lore</span> <span class='ocrx_word' id='word_1_204' title='bbox 569 3121 775 3200; x_wconf 79' lang='lat' dir='ltr'>oportunum.</span> 
     </span>
    </p>
   </div>
   <div class='ocr_carea' id='block_1_7' title="bbox 34 3239 1125 3354">
    <p class='ocr_par' dir='ltr' id='par_1_7' title="bbox 34 3223 1125 3354">
     <span class='ocr_line' id='line_1_26' title="bbox 34 3239 1125 3354; baseline 0.001 -45"><span class='ocrx_word' id='word_1_205' title='bbox 34 3239 39 3354; x_wconf 58' lang='lat' dir='ltr'>l</span> <span class='ocrx_word' id='word_1_206' title='bbox 176 3257 210 3319; x_wconf 81' lang='grc' dir='ltr'>(Δ</span> <span class='ocrx_word' id='word_1_207' title='bbox 222 3259 360 3310; x_wconf 81' lang='lat' dir='ltr'>velenonei</span> <span class='ocrx_word' id='word_1_208' title='bbox 375 3258 504 3311; x_wconf 80' lang='lat' dir='ltr'>»Secreta</span> <span class='ocrx_word' id='word_1_209' title='bbox 516 3260 628 3312; x_wconf 74' lang='lat' dir='ltr'>Consilii</span> <span class='ocrx_word' id='word_1_210' title='bbox 641 3261 892 3326; x_wconf 71' lang='lat' dir='ltr'>negatorum-bol</span> <span class='ocrx_word' id='word_1_211' title='bbox 904 3261 959 3312; x_wconf 84' lang='lat' dir='ltr'>Lit.</span> <span class='ocrx_word' id='word_1_212' title='bbox 974 3260 1007 3312; x_wconf 77' lang='lat' dir='ltr'>A.</span> <span class='ocrx_word' id='word_1_213' title='bbox 1020 3261 1075 3310; x_wconf 82' lang='lat' dir='ltr'>vol.</span> <span class='ocrx_word' id='word_1_214' title='bbox 1091 3261 1125 3322; x_wconf 87' lang='lat'>1.)</span> 
     </span>
    </p>
   </div>
   <div class='ocr_carea' id='block_1_8' title="bbox 565 3440 725 3450">
    <p class='ocr_par' dir='ltr' id='par_1_8' title="bbox 565 3440 725 3450">
     <span class='ocr_line' id='line_1_27' title="bbox 565 3440 725 3450; baseline -0.013 0"><span class='ocrx_word' id='word_1_215' title='bbox 565 3440 725 3450; x_wconf 53' lang='lat' dir='ltr'>——n—u--n-</span> 
     </span>
    </p>
   </div>
   <div class='ocr_carea' id='block_1_9' title="bbox 101 3827 1212 4010">
    <p class='ocr_par' dir='ltr' id='par_1_9' title="bbox 34 3803 1212 4010">
     <span class='ocr_line' id='line_1_28' title="bbox 101 3827 1212 3922; baseline 0.005 -27.659"><span class='ocrx_word' id='word_1_216' title='bbox 101 3827 282 3902; x_wconf 66' lang='lat' dir='ltr'>Aeeleee&#39;zei</span> <span class='ocrx_word' id='word_1_217' title='bbox 306 3837 583 3922; x_wconf 73' lang='lat' dir='ltr'>kormdnytoadoe</span> <span class='ocrx_word' id='word_1_218' title='bbox 607 3837 774 3902; x_wconf 77' lang='lat' dir='ltr'>eaoroeabb</span> <span class='ocrx_word' id='word_1_219' title='bbox 798 3836 986 3922; x_wconf 76' lang='lat' dir='ltr'>eadvetedpre</span> <span class='ocrx_word' id='word_1_220' title='bbox 1011 3835 1098 3900; x_wconf 74' lang='lat' dir='ltr'>altar</span> <span class='ocrx_word' id='word_1_221' title='bbox 1122 3835 1212 3920; x_wconf 73' lang='lat' dir='ltr'>tepet</span> 
     </span>
     <span class='ocr_line' id='line_1_29' title="bbox 375 3943 911 4010; baseline 0 -4"><span class='ocrx_word' id='word_1_222' title='bbox 375 3944 487 4009; x_wconf 83' lang='lat' dir='ltr'>leledn</span> <span class='ocrx_word' id='word_1_223' title='bbox 504 3943 652 4010; x_wconf 70' lang='grc' dir='ltr'><strong><em>ὂοειπίαί</em></strong></span> <span class='ocrx_word' id='word_1_224' title='bbox 667 3944 798 4009; x_wconf 76' lang='lat' dir='ltr'>tenuat.</span> <span class='ocrx_word' id='word_1_225' title='bbox 813 3943 911 4008; x_wconf 76' lang='lat'><strong><em>1346.</em></strong></span> 
     </span>
    </p>
   </div>
   <div class='ocr_carea' id='block_1_10' title="bbox 34 4098 1213 4602">
    <p class='ocr_par' dir='ltr' id='par_1_10' title="bbox 34 4098 1213 4602">
     <span class='ocr_line' id='line_1_30' title="bbox 34 4098 1211 4186; baseline 0.002 -19"><span class='ocrx_word' id='word_1_226' title='bbox 34 4169 36 4186; x_wconf 27' lang='lat' dir='ltr'>s</span> <span class='ocrx_word' id='word_1_227' title='bbox 190 4101 288 4168; x_wconf 84' lang='lat' dir='ltr'>Anno</span> <span class='ocrx_word' id='word_1_228' title='bbox 314 4098 571 4172; x_wconf 84' lang='lat' dir='ltr'>MOOOXLVL</span> <span class='ocrx_word' id='word_1_229' title='bbox 597 4101 650 4168; x_wconf 93' lang='lat' dir='ltr'>die</span> <span class='ocrx_word' id='word_1_230' title='bbox 676 4102 795 4172; x_wconf 85' lang='lat' dir='ltr'><strong>XV1L</strong></span> <span class='ocrx_word' id='word_1_231' title='bbox 821 4101 1026 4168; x_wconf 84' lang='lat' dir='ltr'>Nouembris.</span> <span class='ocrx_word' id='word_1_232' title='bbox 1044 4100 1211 4186; x_wconf 82' lang='lat' dir='ltr'>Capta:</span> 
     </span>
     <span class='ocr_line' id='line_1_31' title="bbox 34 4200 1213 4296; baseline 0.002 -22"><span class='ocrx_word' id='word_1_233' title='bbox 34 4243 35 4250; x_wconf 19' lang='grc' dir='ltr'><strong>κ</strong></span> <span class='ocrx_word' id='word_1_234' title='bbox 100 4200 240 4294; x_wconf 78' lang='lat' dir='ltr'>(lumper</span> <span class='ocrx_word' id='word_1_235' title='bbox 254 4215 387 4276; x_wconf 82' lang='lat' dir='ltr'>nostres</span> <span class='ocrx_word' id='word_1_236' title='bbox 412 4209 540 4278; x_wconf 83' lang='lat' dir='ltr'>litteras</span> <span class='ocrx_word' id='word_1_237' title='bbox 564 4211 671 4296; x_wconf 91' lang='lat' dir='ltr'>pridie</span> <span class='ocrx_word' id='word_1_238' title='bbox 697 4214 855 4296; x_wconf 82' lang='lat' dir='ltr'>seriptum</span> <span class='ocrx_word' id='word_1_239' title='bbox 870 4211 956 4277; x_wconf 86' lang='lat' dir='ltr'>foret</span> <span class='ocrx_word' id='word_1_240' title='bbox 972 4209 1005 4276; x_wconf 91' lang='lat' dir='ltr'>N</span> <span class='ocrx_word' id='word_1_241' title='bbox 1008 4210 1126 4276; x_wconf 88' lang='lat' dir='ltr'>ieolino</span> <span class='ocrx_word' id='word_1_242' title='bbox 1142 4209 1176 4276; x_wconf 92' lang='lat' dir='ltr'>N</span> <span class='ocrx_word' id='word_1_243' title='bbox 1178 4231 1213 4276; x_wconf 91' lang='lat' dir='ltr'>o·</span> 
     </span>
     <span class='ocr_line' id='line_1_32' title="bbox 34 4315 1211 4404; baseline 0.005 -26"><span class='ocrx_word' id='word_1_244' title='bbox 34 4315 36 4404; x_wconf 71' lang='lat'><em>}</em></span> <span class='ocrx_word' id='word_1_245' title='bbox 99 4315 180 4399; x_wconf 79' lang='lat' dir='ltr'>torio,</span> <span class='ocrx_word' id='word_1_246' title='bbox 195 4318 281 4400; x_wconf 89' lang='lat' dir='ltr'>quod</span> <span class='ocrx_word' id='word_1_247' title='bbox 296 4321 391 4383; x_wconf 86' lang='lat' dir='ltr'>eante</span> <span class='ocrx_word' id='word_1_248' title='bbox 407 4325 441 4382; x_wconf 86' lang='lat' dir='ltr'>et</span> <span class='ocrx_word' id='word_1_249' title='bbox 455 4319 598 4402; x_wconf 84' lang='lat' dir='ltr'>provide,</span> <span class='ocrx_word' id='word_1_250' title='bbox 614 4325 648 4384; x_wconf 88' lang='lat' dir='ltr'>et</span> <span class='ocrx_word' id='word_1_251' title='bbox 664 4339 720 4404; x_wconf 89' lang='lat' dir='ltr'>per</span> <span class='ocrx_word' id='word_1_252' title='bbox 737 4319 830 4384; x_wconf 90' lang='lat' dir='ltr'>illum</span> <span class='ocrx_word' id='word_1_253' title='bbox 846 4318 987 4399; x_wconf 88' lang='lat' dir='ltr'>modum,</span> <span class='ocrx_word' id='word_1_254' title='bbox 1003 4317 1059 4400; x_wconf 91' lang='lat' dir='ltr'>qui</span> <span class='ocrx_word' id='word_1_255' title='bbox 1075 4316 1138 4381; x_wconf 91' lang='lat' dir='ltr'>sibi</span> <span class='ocrx_word' id='word_1_256' title='bbox 1154 4318 1211 4384; x_wconf 87' lang='lat' dir='ltr'>ba·</span> 
     </span>
     <span class='ocr_line' id='line_1_33' title="bbox 34 4407 1212 4510; baseline 0.003 -24"><span class='ocrx_word' id='word_1_257' title='bbox 34 4407 39 4498; x_wconf 70' lang='lat' dir='ltr'>l</span> <span class='ocrx_word' id='word_1_258' title='bbox 101 4415 183 4488; x_wconf 88' lang='lat' dir='ltr'>bilior</span> <span class='ocrx_word' id='word_1_259' title='bbox 198 4424 376 4510; x_wconf 80' lang='lat' dir='ltr'>apparebit,</span> <span class='ocrx_word' id='word_1_260' title='bbox 391 4431 543 4509; x_wconf 86' lang='lat' dir='ltr'>tangeret</span> <span class='ocrx_word' id='word_1_261' title='bbox 559 4426 658 4492; x_wconf 86' lang='lat' dir='ltr'>verba</span> <span class='ocrx_word' id='word_1_262' title='bbox 673 4427 737 4510; x_wconf 84' lang='lat' dir='ltr'>lige</span> <span class='ocrx_word' id='word_1_263' title='bbox 753 4426 885 4493; x_wconf 89' lang='lat' dir='ltr'>domino</span> <span class='ocrx_word' id='word_1_264' title='bbox 898 4425 993 4491; x_wconf 91' lang='lat' dir='ltr'>Bano</span> <span class='ocrx_word' id='word_1_265' title='bbox 1003 4423 1125 4490; x_wconf 88' lang='lat' dir='ltr'>Bosine</span> <span class='ocrx_word' id='word_1_266' title='bbox 1142 4429 1212 4510; x_wconf 78' lang='lat' dir='ltr'>ete,</span> 
     </span>
     <span class='ocr_line' id='line_1_34' title="bbox 34 4523 1103 4602; baseline 0.002 -54"><span class='ocrx_word' id='word_1_267' title='bbox 34 4523 36 4548; x_wconf 59' lang='lat' dir='ltr'>i</span> <span class='ocrx_word' id='word_1_268' title='bbox 1042 4531 1103 4602; x_wconf 59' lang='lat'>14*</span> 
     </span>
    </p>
   </div>
   <div class='ocr_carea' id='block_1_11' title="bbox 0 0 1572 5252">
    <p class='ocr_par' dir='ltr' id='par_1_11' title="bbox 0 0 1572 5252">
     <span class='ocr_line' id='line_1_35' title="bbox 0 0 1572 5252; baseline 0 4"><span class='ocrx_word' id='word_1_269' title='bbox 0 0 1572 5252; x_wconf 95' lang='lat' dir='ltr'> </span> 
     </span>
    </p>
   </div>
  </div>
 </body>
</html>
