3134 5252
361 375 424 435 218
471 439 475 454 ,
716 387 952 434 eunouncnnu
968 375 1136 435 masur.

359 547 517 630 gessimus
536 547 578 614 ad
602 547 829 632 progenitores
857 547 980 613 domini
1007 545 1112 632 Regis
1129 546 1285 632 Vngerie,
1308 569 1392 634 quos
1408 569 1488 614 sem·

357 677 417 739 per
433 653 671 736 honoravimus,
696 661 730 720 et
754 655 800 720 eis
831 655 865 719 in
890 656 1001 721 multis
1033 654 1171 738 casibus,
1195 656 1229 721 iu
1260 661 1421 740 quantum
1436 655 1489 722 de-

359 770 470 830 center
484 764 658 848 potuimus,
680 763 898 830 amicabiliter
923 763 1122 846 servivimus,
1146 770 1180 830 et
1195 801 1238 812 —
1254 802 1298 813 -
1314 801 1360 813 -
1376 765 1489 830 eterit

357 877 391 937 et
406 877 458 936 est
471 870 662 937 intentionis
691 875 802 934 nostre
827 890 957 935 serrare
971 891 1044 935 oum
1069 870 1200 936 domiuo
1226 871 1318 954 Rege
1334 870 1489 956 presenti,

357 999 416 1044 nec
431 998 626 1060 cognoscere
642 997 821 1062 possumus,
846 976 935 1061 quod
951 997 990 1042 ex
1014 984 1110 1061 parte
1134 991 1248 1044 nostre
1271 979 1336 1064 ipsi
1353 977 1487 1043 domiuo

356 1087 443 1170 Regi
468 1085 547 1150 deta
564 1085 608 1149 sit
624 1084 736 1168 eliqua
750 1077 838 1150 iuste
853 1105 951 1150 censa
966 1084 1164 1151 turbationis
1181 1091 1297 1151 contra
1311 1105 1380 1151 uos.
1398 1082 1488 1168 Quia

357 1193 385 1258 si
402 1190 527 1258 Civitas
542 1197 658 1258 nostra
672 1189 787 1274 Jadre,
803 1213 903 1275 quam
919 1215 939 1258 a
954 1194 1113 1258 trecentis
1131 1194 1226 1259 annis
1242 1201 1275 1259 et
1290 1195 1381 1259 ultre
1397 1194 1484 1278 pooi-

356 1299 415 1366 fiee
430 1298 633 1386 possedimus
651 1337 693 1346 -
710 1337 754 1347 —
770 1337 813 1346 -
832 1299 986 1367 rebellem
1003 1338 1047 1347 —
1067 1342 1102 1351 -
1123 1339 1166 1348 —
1183 1300 1319 1382 dminus,
1343 1301 1407 1366 hoc
1423 1322 1488 1367 nou

356 1409 517 1475 debuerat
531 1408 562 1473 ei
579 1405 649 1474 fore
673 1408 853 1489 molestum,
878 1429 937 1473 uec
962 1429 1020 1491 per
1034 1409 1097 1474 hoo
1121 1409 1243 1474 moveri
1259 1407 1423 1474 debuerat
1438 1409 1488 1474 uel

356 1516 490 1583 deberet
505 1515 547 1582 ed
567 1557 604 1566 —
622 1551 666 1562 -
683 1551 726 1562 -
742 1515 887 1600 aliquem
904 1523 1018 1581 contro
1043 1536 1112 1598 nos,
1128 1516 1206 1599 quia
1230 1517 1264 1580 iu
1289 1515 1389 1580 simili
1406 1536 1483 1581 casu

354 1623 542 1692 rebellionis
556 1644 723 1706 uunquam
739 1622 987 1707 predecessores
1004 1625 1054 1689 sui
1071 1645 1104 1689 se
1129 1626 1163 1690 iu
1179 1624 1242 1690 hiis
1266 1623 1364 1691 fectis
1379 1624 1485 1689 iutro-

222 1745 224 1748 ’
271 1735 272 1740 ’
354 1733 504 1797 miserint
519 1731 589 1796 ullo
604 1730 721 1810 modo,
745 1751 784 1794 ex
809 1729 926 1813 quibus
942 1730 1005 1796 hoc
1029 1731 1200 1797 manifeste
1226 1731 1338 1815 colligi
1365 1735 1483 1814 potest,

222 1845 225 1850 “
355 1839 454 1923 quod,
469 1845 626 1922 quantum
642 1840 674 1904 in
699 1838 793 1904 nobis
809 1843 867 1920 est,
884 1845 916 1903 et
941 1859 1002 1922 pro
1019 1845 1112 1921 perte
1128 1843 1242 1903 nostra
1266 1837 1377 1903 nullus
1394 1858 1484 1903 error

354 1947 407 2012 vel
431 1946 589 2011 dissensio
605 1951 656 2011 est
680 1947 888 2034 interipsum
912 1945 1076 2011 domiuum
1100 1945 1226 2030 Regem
1245 1951 1280 2012 et
1294 1966 1365 2026 nos,
1390 1965 1485 2028 quem

357 2072 484 2137 semper
500 2053 697 2120 intendimus
712 2053 833 2118 habere
849 2053 883 2116 in
898 2053 1033 2137 speciali
1051 2053 1246 2135 reverentie,
1269 2059 1303 2118 et
1319 2090 1364 2100 —
1381 2089 1424 2098 -
1441 2087 1483 2098 -

355 2196 398 2208 —-
415 2141 465 2241 eo,
489 2161 573 2227 sicut
588 2159 760 2226 babuimus
777 2181 852 2228 suos
868 2160 1122 2243 predecessores,
1141 2167 1175 2225 et
1185 2161 1215 2226 ei
1232 2160 1437 2245 complacere
1452 2160 1485 2225 iu

354 2266 505 2333 omuibus
521 2267 729 2350 possibilibus
745 2273 779 2332 et
794 2267 947 2333 honestis.

521 2410 558 2473 (A
572 2413 703 2464 »Secreta
715 2413 830 2466 Consilii
842 2411 1091 2478 negatorum-bor
1103 2412 1159 2466 uit
1173 2413 1206 2465 Δ.
1219 2413 1274 2464 vol.
1291 2414 1327 2474 1.)

883 2827 956 2889 act.

357 2983 411 3048 VI.
428 2986 580 3052 Kelemen
590 2991 686 3073 popo
697 2985 819 3052 Deoua
830 2986 941 3052 Istcde
951 2987 1039 3052 ezerb
1048 2986 1174 3073 birdlyt
1189 3009 1229 3052 oa
1245 2988 1379 3074 egybdei
1393 2988 1481 3052 enid-

640 3094 708 3159 eae
723 3096 909 3181 mepnyerne'
928 3094 1085 3183 igyebeilc.
1102 3097 1198 3160 1347.

462 3249 614 3320 Olemens
629 3253 812 3336 Episcopus
829 3260 888 3319 etc.
913 3253 1030 3320 dilecto
1054 3250 1123 3318 filio
1140 3253 1242 3320 nobili
1256 3255 1328 3320 viro
1344 3253 1479 3320 Nicoleo

352 3359 466 3428 Buche
480 3359 788 3426 Prothoiusticiario
804 3360 912 3444 Regni
927 3361 1030 3428 Recio
1046 3361 1186 3427 salutem
1202 3367 1262 3427 etc.
1279 3359 1368 3446 Quia
1384 3361 1480 3430 Sacra

352 3465 523 3552 Scirpture
538 3472 681 3534 testante
696 3469 780 3534 serie
806 3467 891 3534 filius
917 3471 1047 3553 sepiens
1072 3468 1209 3536 letificat
1234 3475 1381 3554 patrem;
1404 3471 1480 3549 Nos,

224 3648 235 3660 ,f
353 3576 411 3660 qui
426 3574 504 3643 licet
519 3577 643 3642 meritis
659 3575 930 3642 insufficientibus
946 3577 1075 3660 paterni
1091 3575 1191 3642 officii
1216 3598 1329 3644 curam
1345 3584 1378 3643 et
1397 3577 1479 3644 solli·

351 3682 530 3749 citudinem
547 3705 646 3769 supra
662 3690 795 3751 cunctos
811 3684 951 3768 populos
976 3681 1182 3768 Christianos
1208 3686 1362 3770 gerimus,
1385 3686 1425 3752 de
1439 3690 1480 3763 te,

353 3790 410 3871 fili,
435 3811 532 3875 quem
547 3789 745 3857 distributor
761 3798 794 3856 et
811 3791 907 3858 detor
923 3792 1104 3876 gratiarum
1122 3791 1274 3872 omnium,
1291 3792 1377 3859 sient
1392 3813 1480 3858 vene-

349 3897 465 3964 rabilis
480 3897 596 3964 fratris
611 3899 718 3965 nostri
737 3899 845 3967 Marci
862 3899 1019 3983 Episcopi
1046 3895 1253 3965 Scutareusis
1271 3900 1367 3967 nobis
1384 3900 1480 3985 ploci-

349 4005 426 4073 bilis
442 4012 476 4072 et
495 4013 631 4091 accepte
654 4007 812 4092 patefecit
833 4007 960 4091 relatio,
984 4007 1031 4072 sio
1055 4006 1142 4074 dono
1167 4007 1328 4091 sapientie
1345 4007 1478 4092 insigui-

349 4115 405 4194 vit,
420 4115 508 4200 quod
525 4112 697 4183 Catholice
712 4115 790 4181 fidei
816 4114 939 4180 lumine
954 4114 1141 4181 illustratus
1161 4116 1250 4182 circe
1264 4113 1364 4181 fidem
1379 4118 1480 4200 ipsam

351 4219 586 4288 defendendam
601 4229 633 4289 et
648 4223 871 4306 ampliandam
887 4223 1026 4291 libenter
1042 4222 1107 4307 piis
1123 4229 1156 4288 ot
1171 4223 1296 4290 devotis
1313 4221 1480 4290 effectibus

350 4333 383 4393 et
399 4325 567 4396 effectibus
577 4335 611 4395 te
620 4328 790 4416 impendis,
800 4331 980 4415 gandemus
992 4330 1169 4399 admodum
1179 4333 1214 4399 in
1223 4329 1379 4413 Domino,
1389 4330 1481 4415 eiqui

348 4434 532 4502 huiusmodi
546 4441 670 4503 rectum
686 4437 747 4506 tibi
759 4438 852 4505 dedit
860 4439 1024 4524 spiritum,
1034 4441 1218 4523 gratiarum
1228 4440 1374 4507 actiones
1383 4433 1420 4505 in
1427 4437 1481 4506 bu-

350 4542 488 4612 militate
507 4542 644 4630 spiritus
658 4543 848 4629 referentes,
863 4551 898 4613 et
912 4547 1001 4632 apud
1015 4567 1090 4614 eum
1105 4545 1214 4615 effusis
1224 4545 1375 4633 precibus
1393 4547 1481 4614 iusis-
