3108 5246
377 351 442 422 364
721 369 956 418 nrrcouaczrnr
981 349 1147 422 mutnus.

372 551 392 596 a
418 529 521 613 nobis,
545 537 578 602 et
602 529 688 616 quod
713 553 776 598 uon
803 531 983 598 transirent
1006 551 1064 598 nee
1079 529 1271 598 recederent
1286 528 1326 598 de
1343 535 1479 615 cotructe,

371 639 429 708 ubi
445 647 528 722 suut,
552 641 621 706 siue
638 645 751 706 nostro
767 640 902 724 speciali
918 641 1080 706 mandato.
1096 639 1141 704 ut
1157 642 1192 706 in
1208 641 1271 708 isto
1288 661 1363 708 casu
1378 641 1478 708 rescri·

372 746 454 816 bant
468 749 570 831 nobis,
586 755 620 814 et
634 755 806 832 expectent
820 754 969 814 nostrum
985 749 1184 814 mandatum.

480 855 604 940 Capta:
631 855 712 922 Oum
736 856 837 922 faciat
862 878 922 940 pro
946 856 1116 938 uobispro
1133 853 1485 940 omni1·espectn,quod

372 963 614 1032 Ambaxatores
638 964 742 1032 nostri
768 965 848 1032 ituri
872 963 914 1030 ad
938 964 1105 1032 dominum
1122 963 1249 1049 Regem
1265 963 1431 1048 Huugarie
1444 985 1485 1028 re·

372 1071 492 1140 cedant
516 1093 615 1157 quam
640 1073 739 1139 cicius
765 1095 834 1140 esse
859 1079 983 1159 potest:
1008 1071 1099 1138 vadit
1123 1093 1208 1158 pars,
1231 1072 1321 1156 quod
1336 1077 1483 1139 statuatur

372 1183 419 1248 eis
437 1179 603 1262 terminus,
620 1179 708 1263 quod
725 1182 810 1245 omni
830 1181 1013 1246 occassione
1029 1184 1157 1247 remota
1171 1185 1344 1246 teneantur
1353 1180 1486 1246 recessis-

372 1309 407 1354 se
430 1288 471 1354 de
497 1287 638 1354 Venetiis
661 1287 892 1372 prosequuturi
917 1289 1039 1354 directe
1065 1287 1210 1371 riagium
1225 1308 1320 1353 suum
1337 1287 1391 1353 die
1406 1287 1486 1354 Joris

370 1415 429 1482 per
446 1395 540 1479 diem,
549 1397 608 1464 sub
624 1398 724 1480 penis,
741 1395 800 1464 sub
816 1395 934 1482 quibus
950 1394 1092 1462 refutare
1109 1417 1175 1461 non
1190 1402 1330 1480 possent,
1347 1419 1418 1464 cum
1435 1395 1487 1482 ipsi

371 1504 552 1571 obtulerint
570 1526 605 1572 se
620 1506 668 1570 irc
684 1509 819 1590 paratos
836 1503 879 1570 ad
896 1504 1070 1570 torminum
1087 1502 1280 1570 stabilitum.

480 1613 605 1698 Capta:
619 1613 715 1698 Quod
731 1614 954 1680 committatur
971 1609 1251 1680 Ambaxatoribus
1261 1610 1483 1697 nostrispredi-

371 1720 444 1800 ctis,
462 1720 549 1803 quod
565 1722 592 1786 si
608 1743 671 1788 non
688 1723 869 1805 reperirent
884 1721 1009 1806 Regem
1024 1720 1129 1804 magis
1145 1720 1243 1801 infra,
1258 1719 1380 1786 vadant
1395 1739 1485 1804 usqua

371 1826 501 1896 Budam
516 1829 566 1896 vel
582 1830 669 1898 circa
684 1829 757 1896 illas
767 1836 887 1913 partes,
903 1849 962 1913 pro
979 1828 1164 1913 exequendo
1181 1827 1243 1894 sibi
1259 1828 1445 1909 commissa3
1459 1833 1486 1893 et

371 1937 399 2002 si
425 1937 552 2022 Regem
575 1939 755 2005 invenirent
771 1939 855 2004 citra
879 1937 1019 2021 Budam,
1035 1943 1069 2004 et
1085 1936 1195 2022 aliquo
1212 1958 1291 2004 casu
1306 1944 1445 2004 moveret
1458 1958 1485 2005 sc

370 2043 411 2109 de
436 2045 522 2130 inde,
546 2049 671 2130 possint
697 2047 788 2130 sequi
813 2051 846 2112 et
871 2051 1051 2130 sequantur
1075 2067 1148 2111 eum
1172 2067 1231 2129 per
1258 2051 1370 2130 partes
1392 2045 1486 2128 Regni

370 2152 554 2237 Hungarie,
570 2156 653 2223 siout
676 2153 818 2221 viderint
834 2155 1003 2220 convenire
1019 2173 1079 2238 pro
1096 2153 1218 2219 honore
1235 2161 1348 2220 nostro
1364 2159 1397 2220 et
1411 2153 1484 2219 bono

370 2262 588 2344 negociorum.

477 2369 540 2434 Die
565 2366 704 2436 XXIV.
730 2367 939 2455 Septempris.
965 2366 1079 2453 Oapt
1095 2391 1132 2436 a:
1150 2366 1249 2453 Quod
1269 2366 1485 2435 Anibaxeton'-

369 2477 430 2545 bus
455 2477 576 2544 nostris
601 2477 697 2544 ituris
725 2478 767 2545 ed
792 2479 958 2545 dominum
985 2477 1111 2562 Regem
1137 2475 1313 2562 Hungarie
1332 2476 1483 2560 elongetur

368 2587 528 2654 terminus
542 2585 726 2669 recedendi,
742 2587 797 2670 qui
814 2593 886 2652 erat
901 2585 1006 2667 hodie,
1021 2607 1125 2670 usque
1140 2585 1184 2651 ad
1200 2585 1287 2652 diem
1304 2585 1481 2652 dominicum

367 2697 553 2780 proximum
578 2716 635 2780 per
659 2701 764 2761 totum
780 2696 875 2778 diem,
891 2698 941 2763 ita
957 2695 1045 2778 quod
1071 2697 1158 2761 omni
1174 2696 1344 2762 occasione
1359 2699 1479 2774 remota,

368 2810 542 2871 teneantur
565 2804 618 2871 die
644 2804 720 2870 lune
744 2805 894 2889 proximo
920 2809 995 2870 ante
1010 2805 1149 2870 terciam
1174 2804 1213 2870 de
1240 2804 1392 2873 Veneeiis
1407 2820 1480 2868 rece
1551 2815 1553 2864 ι

369 2913 446 2992 sine,
462 2918 496 2977 et
512 2910 635 2979 directe
652 2912 699 2978 ire
716 2913 761 2978 ad
775 2914 862 2978 viam
877 2933 968 2979 suam
979 2911 1039 2979 sub
1054 2913 1146 2997 penis
1156 2912 1319 2978 ordinatis
1330 2932 1386 2996 per
1396 2910 1480 2978 aliam

367 3028 504 3105 partem.

476 3127 603 3213 Capta:
629 3127 726 3213 Quod
751 3133 974 3198 committatur
999 3129 1281 3198 Ambaxatoribus
1297 3129 1481 3198 nostrisitu·

367 3237 414 3302 ris
445 3235 488 3301 ad
512 3237 619 3321 ipsum
644 3237 809 3303 dominum
833 3239 969 3322 Regem,
997 3239 1084 3322 quod
1099 3259 1165 3304 non
1180 3239 1384 3324 impediendo
1398 3259 1479 3324 prop

366 3351 458 3411 terea
483 3344 572 3411 facta
596 3347 789 3430 principalia
814 3349 1006 3429 ambariate,
1032 3347 1164 3432 quando
1187 3350 1236 3414 eis
1252 3350 1413 3416 ridebitur
1425 3367 1479 3411 me·

366 3454 438 3536 line,
463 3452 605 3519 debeant
629 3455 893 3521 recommendace
917 3456 1003 3521 dicto
1021 3456 1152 3524 domino
1167 3456 1253 3542 Regi
1269 3457 1479 3524 liberationem

366 3562 484 3629 nobilis
511 3563 572 3629 viri
597 3584 649 3631 ser
674 3565 901 3630 Francischini
927 3566 951 3632 J
954 3566 1118 3630 ustiniano
1152 3564 1212 3630 filii
1246 3585 1300 3629 ser
1327 3565 1435 3648 Marci,
1453 3569 1480 3627 et

366 3673 453 3737 circa
476 3693 549 3738 eam
574 3693 752 3756 procurare
778 3673 812 3739 id
838 3673 924 3754 boni,
940 3673 1027 3756 quod
1042 3679 1197 3758 poterunt
1214 3695 1287 3738 oum
1304 3675 1421 3740 honore
1434 3691 1479 3736 no·

364 3787 442 3862 stro,
459 3786 493 3846 et
508 3779 576 3844 sine
591 3781 773 3862 preiudicic
789 3781 841 3845 tel
859 3781 989 3847 sinistro
1007 3782 1225 3865 negociorum,
1240 3788 1280 3847 ut
1297 3781 1480 3848 dictumest

471 3887 567 3953 Facti
592 3885 723 3952 fuerunt
748 3888 873 3973 syndici
890 3888 1017 3956 nobiles
1033 3889 1095 3954 viri
1112 3911 1163 3955 ser
1179 3889 1205 3956 J
1205 3888 1351 3955 ohannes
1367 3887 1478 3954 Gredo-

364 3997 446 4077 nico‚
470 3995 628 4062 Nicolaus
654 3993 777 4080 Pisani,
802 4001 835 4062 et
861 3997 1042 4081 Phylippus
1068 3997 1173 4064 Aurio
1193 3994 1430 4064 Ambaxetores
1444 3993 1478 4058 ad

363 4103 529 4188 prefatum
545 4103 711 4169 domiuum
728 4104 863 4188 Regem,
880 4105 922 4170 ad
939 4105 1147 4171 tractandum
1165 4105 1343 4189 quemlibet
1360 4123 1478 4172 couren-

363 4213 468 4276 tiones
493 4217 527 4277 et
551 4218 648 4295 pacta
673 4234 744 4278 enm
770 4213 900 4279 domiuo
925 4213 1017 4298 Rege
1034 4211 1207 4297 Hungarie
1224 4234 1280 4278 seu
1298 4209 1478 4298 deputandis

365 4319 406 4386 ab
432 4341 479 4402 ec,
503 4325 537 4385 et
560 4319 819 4403 promittendum
843 4326 877 4385 et
891 4321 1103 4404 obligandum
1118 4343 1176 4386 nos
1191 4328 1224 4386 et
1238 4328 1384 4386 nostrum
1400 4316 1478 4384 Com·

364 4446 470 4509 mune,
486 4447 558 4490 cum
575 4427 780 4494 clausulisct
796 4427 1040 4496 condicionibus
1056 4430 1246 4514 opportunis
1272 4437 1333 4496 etc.

473 4555 507 4618 (A
524 4553 632 4604 »alieti«
648 4555 737 4606 eznnu
749 4556 888 4609 velenczei
902 4557 1168 4625 dltamkbnyrekbdl
1180 4557 1270 4610 XXV.
1284 4558 1341 4610 ket.
1357 4561 1410 4605 114.
1423 4552 1474 4614 lea)
