3108 5246
358 379 420 444 376
711 393 949 440 nrrrouaczrrr
965 377 1132 440 arianen.

462 553 506 640 F)
521 552 562 620 In
580 553 709 619 nomine
725 550 859 618 Domini
876 554 981 618 nostri
998 551 1099 618 Ihesu
1114 549 1242 619 Christi
1258 549 1370 619 Amen.
1380 549 1459 619 Anno

355 659 577 728 eNatiuitate
595 659 739 727 eiusdem
755 659 927 726 millesimo
953 660 1178 727 trecentesimo
1204 663 1461 745 quinquagesimo.

356 769 530 858 Regnante
558 766 773 834 Serenissimo
799 767 952 852 Principe
979 769 1110 834 domino
1127 768 1286 853 Ludoyco
1300 767 1363 835 Dei
1378 772 1469 851 gratia

357 876 514 961 Vagarie,
530 873 720 941 Jerusalem
737 881 769 940 et
786 873 899 940 Sicilie
914 875 1016 958 Rege,
1042 873 1233 958 Regnorum
1250 896 1324 941 vero
1338 878 1400 942 eius
1414 877 1468 945 Vn·

359 987 452 1070 garie
479 1005 564 1051 anno
592 1005 687 1064 nono,
711 981 899 1050 Jerusalem
927 989 960 1048 et
975 979 1086 1048 Sicilie
1102 1003 1186 1048 anno
1203 984 1310 1066 tertio,
1327 985 1469 1050 diemde

360 1095 442 1160 cimo
458 1091 577 1158 mensis
605 1091 760 1160 Octobris
787 1097 904 1175 quarte
932 1090 1119 1157 indictionis
1144 1092 1233 1174 apud
1257 1091 1471 1158 Monosteriurn

359 1199 471 1282 Sanctj
488 1198 661 1284 Laurentij
681 1199 729 1264 de
747 1197 933 1264 Auersa.
950 1197 1018 1264 Nos
1029 1198 1282 1264 Bartholomeus
1297 1197 1337 1264 de
1352 1198 1472 1283 Synone

358 1309 398 1374 de
415 1305 547 1372 Auerna
563 1327 622 1390 per
637 1304 845 1371 Provinciam
862 1313 921 1370 otc.
938 1305 979 1371 ad
998 1311 1185 1372 contractus
1215 1303 1332 1386 Judex,
1347 1305 1472 1372 Jacobus

359 1415 398 1481 de
415 1412 570 1480 Crucedc
587 1411 727 1496 Neapoli
743 1411 901 1496 Puplicus
918 1434 976 1497 per
993 1419 1098 1477 totum
1114 1411 1266 1496 Regnum
1292 1410 1400 1478 Sicilie
1422 1413 1473 1478 Re·

358 1523 413 1608 gia
428 1523 624 1589 auctoritato
640 1522 797 1588 Notarius
814 1527 848 1586 et
863 1520 1067 1604 infrascripti
1083 1527 1184 1587 testes
1201 1528 1261 1586 otc.
1278 1529 1338 1588 etc
1349 1522 1474 1587 declara·

358 1652 430 1697 mus
446 1637 506 1696 etc.
523 1635 583 1694 etc.
600 1627 880 1711 (Adomanyozasi
898 1629 1063 1714 okmtrny.)

471 1735 518 1822 G)
537 1736 578 1800 In
595 1738 723 1800 nominc
740 1735 874 1801 Domini
890 1736 994 1801 nostri
1012 1736 1110 1800 lhesu
1121 1733 1374 1802 ChristiAmen.
1388 1734 1472 1800 Anno

361 1841 585 1909 aNatiuitate
611 1843 754 1908 eiusdem
778 1842 948 1908 millesimo
968 1845 1196 1908 trecentesimo
1213 1844 1473 1928 quinquagesimo.

365 1951 539 2034 Regnante
556 1949 769 2016 Serenissimo
795 1951 948 2034 Principe
980 1949 1110 2016 domino
1136 1951 1292 2035 Lodoyco
1309 1951 1371 2017 Dei
1386 1952 1475 2034 gratia

363 2056 520 2144 Vngarie,
535 2058 720 2126 Jerusalem
738 2063 771 2124 et
787 2056 898 2124 Sicilie
915 2058 1016 2140 Rege,
1032 2057 1223 2140 Regnorum
1248 2077 1324 2122 vero
1348 2055 1474 2140 Vugan‘e

362 2187 447 2232 anno
464 2187 558 2232 nono.
569 2165 757 2232 Jerusalem
773 2170 807 2229 et
823 2161 933 2229 Sicilie
949 2184 1033 2228 anno
1050 2165 1155 2244 tertio,
1171 2163 1222 2229 die
1239 2165 1385 2230 vicesimo
1399 2165 1474 2245 quin·

361 2282 395 2340 to
426 2275 546 2340 mensis
579 2273 743 2354 Octobris,
776 2279 893 2354 quarte
923 2271 1113 2338 indictionis
1144 2273 1234 2356 apud
1259 2272 1474 2338 ltlonasterium

362 2379 477 2448 Sancti
492 2377 662 2461 Laurentij
681 2378 721 2442 de
738 2375 771 2441 A
782 2401 803 2443 u
813 2401 829 2443 e
840 2399 856 2443 r
867 2398 882 2442 s
893 2376 1003 2442 aNos
1014 2375 1169 2443 Nicolaus
1181 2377 1298 2445 Cicala
1313 2380 1352 2445 de
1362 2377 1473 2444 Auerna

363 2509 404 2574 pe
435 2485 637 2572 prouinciam
669 2485 772 2550 Terre
803 2486 935 2550 Latoris
966 2490 1001 2550 et
1026 2483 1174 2551 Comites
1191 2484 1317 2571 Molisij
1335 2486 1473 2552 advitam

364 2597 389 2663 J
391 2598 475 2663 udex
491 2598 533 2663 ad
559 2601 755 2678 contractus,
770 2595 796 2662 J
798 2594 919 2660 acubus
936 2595 975 2660 de
1005 2593 1109 2662 Oruce
1126 2595 1165 2661 de
1181 2594 1324 2680 Neapoli
1340 2597 1474 2681 Puplicus

365 2728 424 2792 per
440 2711 545 2772 totum
562 2703 714 2788 Regnum
731 2701 842 2768 Sicilie
859 2701 966 2785 Regia
982 2704 1176 2771 auctoritato
1191 2703 1360 2784 Notarius,
1373 2713 1404 2769 et
1417 2702 1473 2767 sub-

363 2814 477 2898 scripti
494 2817 593 2878 testes
609 2811 728 2878 adhoc
744 2809 931 2895 specialiter
947 2811 1055 2878 vocati
1072 2815 1130 2877 etc
1143 2819 1202 2877 etc.
1213 2807 1471 2897 (Adomanyoztsi

240 3021 242 3024 Ι
364 2920 525 3005 olrmany.)

473 3065 524 3127 (Aa
548 3065 585 3115 itt
607 3065 765 3116 lelemlitett
789 3027 1007 3130 okmtnyolruak
1032 3065 1137 3117 creden
1159 3065 1311 3130 peldanyai
1329 3061 1474 3114 taliltatusl

366 3156 530 3219 Napolyban
543 3170 575 3204 az
589 3157 663 3207 olasz
687 3156 738 3206 lrir.
765 3156 892 3208 »Grande
915 3156 1165 3206 Arabium-bana
1189 3157 1368 3222 »Pergameni
1378 3155 1417 3204 dei
1428 3151 1474 3202 llo-

365 3245 481 3297 nasterii
495 3245 648 3309 suppressi«
671 3245 757 3307 ludat.)

899 3571 971 3632 305.

367 3733 392 3796 l.
410 3734 509 3817 Lop'oe
527 3755 664 3818 rtruqyar·
680 3730 861 3818 Ιτίττὶἰρηαῖι·
879 3755 900 3796 α
918 3731 1072 3796 velerrczei
1088 3731 1373 3819 lcorntdnptauu'cs.
1398 3732 1474 3796 1350.

474 3888 574 3957 Anno
599 3887 766 3957 MOCOL.
793 3891 845 3957 die
870 3889 1014 3956 XXIII.
1040 3891 1165 3958 Martii.
1182 3889 1293 3976 Capta
1309 3917 1315 3957 :
1334 3891 1421 3976 Quod
1438 3911 1475 3953 re·

368 4000 569 4086 spondeatur
595 4000 724 4069 domino
750 4001 836 4085 Regi
857 3999 1032 4084 Hungarie
1048 3999 1091 4067 ad
1107 3999 1236 4069 litteras
1253 4022 1329 4067 suas
1345 4003 1375 4066 in
1391 3999 1474 4066 forma

369 4110 580 4194 subsequenti
597 4135 603 4176 :

478 4215 671 4284 Serenitatis
689 4217 807 4286 Vestre
832 4217 1006 4283 novissime
1031 4216 1161 4282 litteras
1176 4215 1393 4304 (recepimus),
1407 4217 1475 4279 inter

370 4333 478 4391 cetera
494 4328 706 4407 continentes,
724 4334 884 4412 quatenus
902 4346 969 4390 una
986 4325 1081 4407 galea
1098 4346 1156 4408 pro
1177 4325 1340 4408 stipendio
1354 4327 1386 4389 in
1400 4331 1475 4408 portu

372 4431 486 4520 Senyc,
503 4435 535 4500 in
551 4457 616 4520 qua
633 4457 712 4520 gens
729 4442 837 4502 vestra
853 4457 910 4519 per
927 4453 1016 4500 mare
1033 4453 1182 4499 securum
1199 4435 1372 4500 transitum
1387 4431 1474 4498 lacero

373 4545 485 4631 possit,
510 4545 732 4611 transmittere
765 4544 910 4628 velimus,
936 4542 1118 4611 dilectionis
1137 4542 1232 4609 solite
1249 4543 1374 4610 affectu.
1389 4540 1474 4623 Super
