3108 5246
555 371 652 438 1349.
1107 371 1172 438 363

1 542 2 546 “
52 549 168 620 ieststis
178 551 311 634 Vestro,
322 549 418 620 datas
434 551 468 617 in
485 549 662 617 Temesvar
678 557 797 634 quarto
822 551 875 618 die
890 551 1011 619 mensis
1025 547 1174 636 Augusti

52 662 196 747 preteriti,
222 669 323 746 grata
347 667 454 727 mente
480 660 679 743 suscepimus
696 659 748 724 die
774 681 859 726 nono
874 660 995 726 mensis
1010 660 1174 728 instanlia

57 771 170 854 Quibus
193 770 336 838 vidimus
362 767 635 854 respondendum,
660 767 747 852 quod
771 764 1017 860 Ambaxatores
1042 773 1173 836 nostros

54 877 222 962 solempnes
239 878 363 944 dudum
379 877 547 961 elegimus,
563 895 683 961 eosque
699 895 827 961 semper
852 881 984 960 paratos
1000 876 1174 944 habuimus

49 987 226 1052 visitaturos
241 985 385 1070 Regiam
410 984 633 1068 Maiestatem,
649 983 735 1050 sicut
750 1005 790 1050 ex
805 983 1082 1051 insinuationibus
1098 1005 1170 1069 pre·

50 1093 223 1161 sedentium
238 1094 427 1160 litterarum
444 1098 634 1159 nostrarum
649 1093 758 1177 potuit
773 1092 881 1177 Regia
891 1090 1060 1160 Serenitas
1074 1113 1175 1177 agno·

47 1204 128 1270 risse
142 1204 189 1268 Et
203 1207 386 1288 propterea
403 1202 527 1267 sentiat
545 1200 652 1285 Regia
667 1198 837 1285 Maiestas,
854 1200 942 1284 quod
957 1200 1172 1268 sollicitamus

11 1309 15 1324 '
49 1313 127 1396 ipsos
141 1317 275 1379 nostros
301 1307 555 1392 Ambaxstores,
582 1309 669 1392 quod
686 1308 728 1376 ad
745 1310 947 1394 presenciam
963 1317 1105 1376 vestram
1121 1332 1174 1376 ac·

47 1420 161 1503 cedant,
177 1420 236 1505 qui
247 1417 293 1485 ad
303 1420 411 1486 locum
422 1417 603 1502 Izagrabie,
613 1438 709 1502 quem
724 1417 837 1484 littere
852 1422 959 1484 vestre
976 1417 1175 1500 scribebant,

1 1559 2 1562 ¹
48 1530 235 1612 quantocius
252 1534 333 1594 sunt
349 1527 486 1595 venturi.

144 1634 276 1722 Capta:
292 1636 339 1702 Et
355 1636 431 1720 qnia
445 1633 524 1701 facit
539 1654 599 1718 pro
615 1633 726 1701 favore
742 1639 855 1700 nostro
866 1633 1034 1700 ethonore
1050 1631 1173 1698 domini

1 1743 2 1746 ’
46 1743 145 1827 Regis,
171 1745 264 1830 quod
290 1746 355 1829 ipsi
380 1741 623 1810 Ambaxatorss
650 1743 723 1825 sint,
749 1745 943 1825 quantocius
967 1741 1039 1810 fieri
1055 1746 1173 1826 potest,

47 1850 84 1916 ad
96 1851 203 1917 locum
230 1851 420 1936 Izagrabie,
435 1873 509 1919 cum
534 1853 604 1936 ipse
621 1851 665 1916 sit
688 1851 732 1916 ad
747 1851 854 1936 ipsum
869 1851 985 1934 locum,
1001 1850 1175 1922 discribit,

47 1960 76 2024 in
89 1958 177 2026 brevi
201 1965 372 2044 venturus,
396 1959 591 2026 sollicitetur
618 1957 786 2042 expedicio
810 1958 956 2026 eiusdem
972 1955 1168 2040 Ambaxete,

48 2071 77 2131 et
105 2072 306 2152 quantocius
337 2067 408 2134 fieri
433 2069 565 2152 poterit,
581 2067 644 2152 ipsi
660 2065 832 2148 recedant,
843 2073 875 2132 et
890 2067 987 2134 detur
1001 2066 1083 2151 ipsis
1094 2061 1176 2131 Am·

48 2172 256 2243 baxatoribus
273 2176 399 2260 liguum
414 2179 561 2242 nostrum
577 2175 696 2260 riperie
712 2175 823 2260 Istrie,
837 2174 926 2260 qnod
943 2173 1104 2241 conducat
1120 2194 1175 2242 eos

46 2281 198 2349 (lhersum
214 2282 270 2351 vel
295 2281 432 2365 Arbum,
456 2285 491 2349 in
505 2283 611 2350 altero
626 2284 766 2350 istorum
785 2284 921 2351 duorum
936 2283 1091 2363 locorum,
1108 2302 1173 2365 quo

45 2389 208 2475 voluerint,
236 2399 272 2458 et
297 2411 372 2457 oum
397 2391 519 2459 fuerint
533 2392 589 2476 ibi,
605 2391 773 2459 dimittant
789 2393 913 2476 lignum
930 2393 973 2458 ad
989 2390 1173 2458 custodiam

46 2519 128 2564 suam
159 2501 282 2583 venire,
316 2505 350 2566 et
379 2499 586 2584 postmodum
611 2501 803 2586 provideant
829 2500 870 2566 de
886 2499 993 2566 eundo
1009 2497 1175 2583 Segniam,

45 2607 121 2673 siout
136 2607 184 2673 eis
201 2607 381 2675 ridebitur.
390 2609 437 2674 Et
447 2608 522 2674 inde
539 2607 716 2675 sollicitent
733 2608 773 2674 de
788 2607 894 2674 eundo
912 2608 955 2673 ad
970 2606 1174 2692 presenciam

45 2712 177 2797 Regiam
192 2716 239 2783 ad
256 2715 483 2800 complendum
498 2739 547 2801 es,
563 2737 627 2799 que
644 2718 707 2784 sibi
732 2717 902 2782 commissa
919 2721 1004 2782 sunt.

145 2825 278 2912 Capta:
296 2824 393 2911 Quod
408 2826 606 2892 concedatur
623 2825 726 2892 nobili
741 2826 811 2892 viro
822 2845 874 2890 ser
883 2825 909 2892 J
910 2823 1032 2892 ohanni
1043 2821 1174 2892 Grade-

47 2932 122 3016 nico,
138 2936 227 3002 ituro
254 2933 295 3002 de
325 2941 438 3002 nostro
453 2935 610 3002 mandato
626 2931 850 3001 Ambaxatori
866 2931 910 2998 ad
925 2931 1093 3000 dominum
1107 2929 1172 2996 Re·

45 3059 112 3121 gem
126 3042 313 3130 Hungarie,
339 3041 427 3128 quod
451 3044 558 3128 possit
573 3043 607 3108 in
624 3042 712 3109 dicta
728 3040 919 3110 Ambaxata
933 3061 994 3128 pro
1010 3040 1079 3108 eius
1095 3060 1171 3106 cou-

46 3145 196 3218 solstione
213 3152 332 3218 ducere
350 3171 458 3216 secum
475 3151 635 3218 Tbemam
653 3151 723 3217 eius
739 3149 852 3216 filium.
871 3195 872 3200 κ

173 3296 210 3360 (Α
225 3295 336 3350 ›Misti‹
351 3297 442 3347 czimti
456 3296 595 3348 velenczei
608 3296 771 3362 allamktny
784 3296 872 3348 XXV.
886 3295 1051 3356 autemnon)

526 3441 685 3450 ..m

572 3601 645 3666 aas.
767 3564 772 3574 ’

45 3759 73 3825 A
95 3765 248 3831 oeleaczei
270 3761 616 3850 kormctnytcadcsacls
639 3764 847 3842 tarorozaoa,
869 3761 951 3847 boyy
967 3757 1085 3824 klioetei
1101 3758 1174 3822 Ma·

253 3874 495 3961 pyarorsacipba
510 3871 613 3937 cenot
629 3867 843 3956 induljancle.
862 3868 958 3932 1349.

146 4032 247 4100 Anno
257 4031 518 4126 MCOOXLIX.
528 4031 581 4096 die
591 4029 693 4096 XIX.
701 4026 911 4116 Septembris.
923 4023 1066 4109 Capta:
1079 4021 1176 4108 Quod

48 4144 267 4210 committatur
293 4131 576 4208 Ambaxatoribus
586 4138 708 4204 nostris
725 4135 821 4201 ituris
837 4134 880 4200 ad
895 4133 1021 4216 Regem
1037 4129 1175 4216 Hunga-

48 4247 99 4329 n'e,
123 4250 208 4334 quod
235 4250 263 4315 si
287 4249 369 4331 Rex,
393 4255 567 4333 postquam
592 4253 687 4311 erunt
703 4245 745 4311 ad
762 4263 844 4324 eum,
861 4241 959 4307 vellet
973 4237 1118 4306 transire
1134 4238 1168 4302 in

50 4353 216 4443 apuleam,
242 4363 275 4423 et
300 4358 483 4442 requireret
507 4376 572 4440 eos,
597 4353 683 4437 quod
699 4373 807 4420 secum
823 4351 1021 4430 transireut3
1037 4367 1171 4432 respon·

52 4461 141 4529 deant
166 4465 205 4548 ei,
230 4463 317 4549 quod
342 4483 437 4548 super
463 4463 524 4528 hoc
549 4467 708 4547 tanquam
733 4480 767 4523 re
793 4457 973 4542 inopinata,
1000 4461 1033 4520 et
1050 4455 1089 4522 de
1106 4471 1169 4538 qua

51 4569 133 4640 uuila
147 4572 291 4662 provisio
317 4571 378 4641 luit
402 4569 528 4658 habita,
553 4591 617 4638 non
642 4567 804 4638 baberent
828 4563 1020 4633 mandatum
1038 4559 1170 4646 aliquod
