3108 5246
557 357 652 424 1350.
752 399 756 406 ,

569 667 643 730 307.

67 831 114 894 VJ.
134 831 286 894 lieleuzen
298 833 392 916 pcipe
409 825 557 894 Errabat
573 852 715 916 aaaapyur
741 829 1000 914 urryclcirrilyue't
1015 827 1147 910 fellae'ri,

60 939 256 1026 dopyfiu'na'l
270 940 372 1022 Lujos
384 937 557 1023 leirdlpnc'l
575 963 595 1002 a
614 937 740 1000 sicilici
750 937 1020 1024 epyeraetiease'pek
1040 937 1147 1000 attollet·

228 1070 307 1133 nyos
324 1047 487 1110 elinte'ze'ae
504 1049 601 1132 vepett
630 1046 863 1131 lciizbeajcirjon.
883 1048 976 1110 1350.

137 1203 294 1271 Clemens
310 1206 495 1290 Episcopus
515 1211 574 1270 etc.
601 1206 767 1270 carissime
793 1205 827 1269 in
845 1201 977 1269 Christo
994 1203 1059 1269 filie
1075 1201 1169 1270 Hali-

39 1311 146 1377 sabetb
161 1313 296 1396 Regina
312 1310 460 1395 Vngarie
487 1313 608 1378 illustri
635 1314 771 1378 salutem
798 1319 855 1377 etc
874 1311 967 1378 Siout
982 1311 1094 1377 dilecti
1110 1311 1169 1377 filii

41 1423 136 1484 nostri
168 1419 337 1486 Gnidonis
371 1422 459 1485 tituli
491 1417 612 1486 Sancte
638 1417 759 1485 Cecilie
775 1419 956 1485 Presbiteri
972 1411 1169 1498 Cardinalis,

43 1525 231 1609 apostolice
259 1525 355 1593 Sedis
381 1527 508 1609 Legati,
533 1527 685 1611 frequens
712 1533 743 1590 et
769 1534 867 1610 grata
881 1526 975 1592 nobis
991 1527 1168 1592 insinuatio

38 1655 89 1698 nos
104 1635 272 1716 instruxit,
288 1642 337 1715 tu,
354 1637 522 1702 carissima
538 1635 614 1718 filia,
631 1637 755 1699 sincere
782 1657 820 1700 ac
845 1635 970 1699 leruide
988 1633 1168 1700 devotionis
1269 1653 1273 1660 ·

38 1741 188 1822 affectum,
215 1763 315 1826 quam
341 1743 384 1808 ad
398 1765 458 1808 nos
474 1750 508 1808 et
522 1743 708 1808 Romanam
724 1744 904 1810 Ecclesiam
922 1748 1061 1808 matrem
1076 1748 1166 1808 tuam

39 1850 158 1929 gessisti
175 1858 208 1915 et
227 1853 326 1935 geris,
343 1850 565 1916 laudabilibus
583 1850 698 1916 studiis
715 1871 923 1934 prosequens,
941 1858 972 1915 et
982 1849 1168 1916 efficacibus

37 1954 174 2022 indicans
191 1959 404 2041 argumentis,
421 1959 526 2023 eidem
551 1958 679 2040 Legato
705 1959 739 2021 in
764 1959 944 2023 commissis
969 1959 1168 2040 promotioni

39 2083 88 2128 sue
111 2067 258 2148 negociis
285 2066 494 2150 expediendis
518 2067 653 2144 utiliter,
679 2065 910 2130 fauorabiliter
936 2071 968 2130 et
994 2064 1169 2130 efficaciter

42 2174 178 2252 astitisti,
196 2175 240 2239 de
258 2196 323 2256 quo
340 2176 481 2240 creatori
508 2176 659 2253 omnium,
677 2175 733 2256 qni
759 2173 844 2237 buno
861 2173 922 2238 tibi
939 2172 1059 2238 inludit
1074 2173 1168 2239 affee-

40 2283 112 2360 turn,
127 2282 213 2345 sieut
231 2281 360 2346 debitas
376 2281 491 2346 landes
502 2283 688 2360 excutimur,
706 2288 736 2345 et
749 2280 965 2347 Serenitatem
977 2281 1083 2346 Tuam
1100 2281 1168 2366 dig·

1 2389 2 2466 f
40 2387 84 2448 nis
99 2390 327 2471 prosequimur
344 2388 528 2453 actionibus
554 2390 742 2472 gratiarum.
770 2386 855 2453 Sane
873 2388 958 2470 qnia,
974 2395 1072 2472 prout
1088 2387 1168 2453 mul·

41 2499 137 2558 torum
152 2495 334 2560 insinuatio
350 2503 499 2560 nostrum
523 2494 711 2578 frequenter
737 2493 1054 2576 pulsauitauditum,
1070 2497 1168 2562 caris·

44 2599 133 2664 simus
149 2601 183 2666 in
202 2601 337 2666 Christo
352 2601 439 2666 filins
455 2609 564 2667 noster
579 2602 763 2666 Lndovicus
779 2602 853 2666 Rex
869 2601 1013 2686 Vngarie
1030 2604 1167 2670 illustris

40 2714 125 2770 natus
155 2716 242 2792 tuus,
273 2709 425 2792 proponit
452 2711 602 2790 Regnum
630 2709 741 2774 Sicilie
767 2710 884 2773 iterum
911 2712 1091 2790 reintrare,
1107 2733 1166 2776 nos

38 2817 177 2896 quamuis
193 2817 411 2882 insinuationi
428 2817 613 2900 huiusmodi
638 2818 735 2882 fidem
761 2817 893 2882 difficile
910 2817 1111 2900 prebeamuS,
1127 2819 1167 2883 da

1 2977 2 2980 ,
39 2921 128 3002 ipsius
144 2931 266 2988 tamem
277 2923 377 3007 Regis
395 2929 483 2988 statu
500 2931 531 2988 et
548 2924 654 2990 salute
672 2925 815 3006 solliciti,
828 2923 1047 2991 Serenitatem
1059 2925 1166 2990 Tuam

39 3029 115 3094 cirea
130 3033 192 3096 boc
209 3031 466 3116 premonendam
491 3033 561 3098 lore
581 3034 773 3114 censuimus,
791 3032 881 3098 illam
899 3035 1058 3098 attencins
1075 3031 1166 3098 obse·

42 3144 168 3222 orantes,
186 3147 347 3222 quatenus
373 3139 582 3208 considerans
607 3139 752 3224 prouide,
786 3127 917 3224 (inentis
933 3138 1079 3224 prefatus
1096 3138 1167 3206 Rex

39 3246 182 3324 periculis
208 3249 425 3331 spiritualiter
443 3254 475 3312 et
490 3235 726 3331 temporaliter,
749 3251 785 3329 si,
803 3249 888 3332 quod
906 3249 1002 3330 absit,
1019 3249 1165 3332 Regnum

43 3349 136 3420 denuo
152 3359 340 3434 reintraret,
357 3363 388 3421 et
405 3359 574 3439 presertim
603 3359 629 3422 si
648 3379 680 3422 se
699 3357 794 3423 dubie
811 3365 844 3422 et
859 3380 932 3424 rare
949 3357 1024 3422 fidei
1047 3357 1167 3441 stipen-

42 3457 210 3528 diariorum
229 3467 456 3544 committeret,
483 3465 684 3546 subiaceret,
700 3467 806 3548 ipsum
834 3463 874 3530 ab
891 3464 1076 3529 huiusmodi
1094 3485 1166 3548 pro·

40 3570 134 3644 posito
159 3593 219 3654 pro
245 3571 364 3636 Diuine
391 3571 580 3636 Maiestatis
607 3573 801 3650 reuerentia,
827 3579 881 3636 tue
899 3594 937 3636 ac
963 3573 1031 3636 eius
1048 3571 1165 3635 salutis

43 3673 150 3741 intuitu
166 3687 200 3744 et
216 3686 326 3744 nostre
343 3681 594 3744 interuantionis
612 3681 738 3758 obtutu,
754 3679 923 3745 retrahere
939 3679 1057 3764 quibus
1073 3685 1166 3762 potes

42 3783 136 3863 modis
152 3793 182 3850 et
201 3787 261 3850 riis
279 3787 426 3852 omnibns
445 3789 620 3853 cumomni
640 3787 857 3852 sollieitudine
885 3787 1077 3854 Sublimitas
1093 3785 1166 3851 Tua

43 3887 118 3953 velit.
147 3893 299 3976 Denique
333 3893 470 3960 dilectos
498 3894 582 3957 tilios
608 3895 732 3960 nobiles
758 3895 843 3960 viros
869 3893 1012 3977 Regales
1038 3892 1164 3958 Domus

45 3991 150 4084 Sicilie,
176 4024 314 4086 quorum
342 4003 484 4068 detentio
510 4009 649 4068 mentem
676 4008 819 4067 nostram
844 4003 912 4066 sine
928 4001 1165 4066 intermissione

47 4105 177 4183 qualibet
195 4108 319 4174 cruciat
337 4116 369 4173 et
387 4110 499 4174 anxiat
516 4110 732 4191 vehementer,
742 4108 854 4192 pietati
866 4115 921 4173 tue
932 4107 1165 4173 instantissime

46 4217 313 4294 commendamus3
331 4218 451 4281 nostris
468 4217 659 4283 adiicientes
676 4216 836 4299 precibus,
852 4222 887 4279 ut
913 4215 1057 4299 ipsoram
1075 4218 1162 4281 inno·

46 4321 166 4386 centiam
182 4345 333 4408 pensans,
351 4331 383 4389 et
399 4325 580 4404 attendens
598 4326 685 4408 quod
701 4325 886 4391 huiusmodi
897 4345 1010 4389 eornm
1020 4323 1165 4389 detentio

47 4421 136 4504 ipsun
152 4440 332 4498 creatorem
349 4440 442 4499 tuum
459 4435 604 4514 graviter
622 4433 756 4499 offendit
772 4439 805 4496 et
830 4431 1165 4516 p1·ov0cat,quodque

46 4529 166 4602 innnllo
182 4541 275 4606 nobis
292 4539 374 4606 adeo
392 4541 521 4626 placere
538 4547 640 4624 potes,
659 4561 758 4626 quam
775 4541 807 4604 in
827 4540 970 4625 ipsorum
987 4537 1165 4623 piabenig-
