3108 5246
375 361 442 444 414
694 443 698 447 ,
738 375 973 442 nrrnonnc'znn
988 363 1160 444 smirne.
1264 388 1269 399 “

909 685 983 748 342.

378 843 409 910 A
434 845 586 910 velenczei
610 845 882 932 napytandcanale
907 845 1098 909 baldroznta
1121 847 1242 930 penori
1267 845 1300 909 de
1315 866 1488 932 reapparen-

686 955 775 1040 aadyi
790 953 886 1040 tlppea‘
902 953 1094 1040 idrppddan.
1113 956 1209 1018 1352.

485 1109 586 1177 Anno
610 1110 796 1179 MCCCLI.
820 1113 999 1178 indictione
1024 1110 1086 1181 VI.
1113 1111 1165 1178 die
1189 1109 1309 1182 XVII.
1326 1111 1491 1178 Februarii

379 1222 540 1305 Capta:
566 1216 650 1286 Cum
674 1221 709 1286 in
734 1219 838 1302 factis,
865 1239 930 1302 qne
945 1220 1106 1285 habemus
1122 1219 1231 1286 facere
1247 1243 1321 1286 cnm
1336 1220 1491 1287 Januensi·

378 1332 446 1412 bns,
470 1351 536 1394 non
560 1327 711 1396 rideatur
735 1327 844 1394 adhue
866 1328 986 1412 aliquis
1011 1327 1086 1393 finis
1111 1329 1355 1410 determinatus,
1380 1337 1412 1394 et
1426 1327 1489 1393 utile

378 1458 486 1521 ymmo
510 1439 727 1503 necessarium
753 1437 797 1503 sit
822 1457 883 1520 pro
908 1443 997 1502 statu
1021 1442 1133 1502 nostro
1157 1437 1278 1504 habere
1305 1457 1402 1521 super
1427 1435 1490 1519 ipsis

378 1543 473 1609 iactis
498 1551 530 1610 et
557 1564 655 1628 super
679 1541 755 1608 aliis
779 1543 986 1627 novitatibus,
1002 1564 1065 1626 que
1081 1549 1212 1627 possent
1228 1545 1323 1611 nobis
1339 1563 1489 1611 occurrere

379 1653 518 1718 durante
543 1653 690 1737 presenti
715 1672 842 1735 guerra,
878 1650 1011 1716 consilio
1046 1650 1224 1718 electarum
1250 1659 1283 1717 et
1321 1651 1491 1718 solemnium

378 1780 602 1842 personarum,
618 1759 698 1840 qnia
713 1757 875 1824 modicum
890 1757 1000 1824 valent
1016 1759 1102 1824 vires
1118 1765 1236 1840 nostre,
1259 1759 1323 1824 nisi
1339 1760 1426 1826 facta
1449 1779 1492 1823 no·

380 1873 450 1932 stra
474 1887 554 1934 sano
571 1872 606 1932 et
629 1864 753 1931 salubri
779 1867 916 1932 consilio
943 1867 1147 1949 dirigantur:
1163 1866 1253 1932 uadit
1268 1888 1356 1951 pars,
1371 1866 1450 1951 qnod
1462 1869 1488 1930 in

380 1973 509 2040 nomine
528 1974 554 2041 J
555 1995 612 2039 esu
637 1971 764 2039 Christi
789 1975 955 2057 eligantur
970 1977 1111 2059 triginta
1127 1975 1289 2058 sapientes
1306 1995 1365 2058 per
1382 1974 1492 2040 electio·

379 2102 451 2146 nem
476 2082 509 2146 in
534 2080 658 2148 Maiori
684 2073 839 2161 Consilio,
865 2083 920 2164 qui
945 2103 1019 2148 cum
1042 2082 1172 2148 domino
1187 2083 1291 2164 Duce,
1308 2080 1492 2150 Conciliaris

380 2195 412 2253 et
435 2187 609 2273 Capitibus
634 2187 674 2252 de
701 2186 769 2252 XL
785 2188 930 2254 habeant
945 2195 1014 2255 tam
1030 2209 1130 2273 super
1151 2189 1339 2272 lentiaque
1356 2187 1492 2254 habemus

379 2296 487 2362 facere
512 2316 584 2360 oum
609 2295 842 2378 Januensibus,
869 2317 968 2379 quam
993 2318 1090 2380 super
1113 2296 1186 2379 hiis,
1206 2317 1270 2378 que
1287 2297 1438 2363 habemus
1451 2293 1491 2360 sel

378 2402 572 2468 haberemus
588 2402 695 2468 facere
712 2404 746 2467 in
763 2403 908 2469 futurum
924 2426 998 2471 cum
1012 2403 1105 2487 Rege
1122 2403 1303 2488 Hungarie,
1320 2425 1378 2470 sen
1392 2423 1490 2486 sequn-

379 2509 469 2576 cibus
479 2510 751 2594 velcomplicibns
767 2513 842 2590 suis,
858 2518 891 2577 et
907 2533 1004 2596 super
1019 2512 1166 2578 omnibns
1179 2513 1432 2595 dependentibus
1446 2509 1489 2575 rel

379 2620 620 2703 pertinentibus
635 2620 769 2700 adeam,
786 2621 1008 2704 plenissimam
1024 2619 1208 2686 libertatem
1224 2620 1419 2704 consulendi,
1432 2639 1492 2702 pro

379 2726 520 2806 videndi,
529 2727 738 2808 terminandi,
749 2728 935 2810 ordinandi,
945 2727 1106 2810 mittendi,
1114 2726 1493 2811 expendendirerocandi,

379 2832 520 2901 faciendi
530 2833 637 2900 omnia
647 2841 679 2900 et
689 2835 827 2919 singola,
844 2856 908 2917 que
924 2835 1004 2919 ipsis
1015 2837 1065 2900 vel
1074 2835 1191 2901 maiori
1210 2835 1299 2918 parti
1315 2836 1409 2902 utilia
1421 2833 1494 2900 vide·

379 2941 500 3007 buntur
510 2964 570 3024 pro
581 2939 704 3007 honore
716 2949 825 3008 nostro
837 2949 869 3006 et
878 2940 1123 3008 conservatione
1139 2939 1225 3007 fame
1235 2949 1267 3006 et
1277 2948 1384 3007 status
1399 2939 1494 3020 nostri

380 3046 464 3112 sicut
487 3047 624 3114 haberet
649 3055 682 3114 et
707 3048 807 3114 habet
831 3049 921 3114 istud
938 3046 1128 3114 Consilium.
1144 3049 1192 3115 Et
1209 3052 1401 3115 conveniant
1416 3047 1490 3115 omni

379 3155 432 3219 die
448 3154 481 3220 in
496 3177 600 3238 mane,
615 3156 758 3240 exeeptis
773 3154 866 3222 sestis
882 3156 1088 3236 solemnibus,
1108 3155 1152 3221 ad
1168 3177 1345 3241 campanas
1361 3163 1393 3222 et
1407 3158 1489 3221 horas

380 3262 547 3330 ordinatas
571 3264 632 3330 sub
656 3285 742 3348 pena
768 3263 932 3330 soldorum
958 3264 1073 3349 viginti
1090 3283 1151 3347 pro
1168 3263 1325 3346 quolibet,
1343 3263 1493 3330 salcisno

380 3370 566 3437 cesionibus
591 3373 780 3456 exceptatis,
807 3377 840 3436 et
863 3371 964 3436 etiam
990 3371 1064 3436 aliis
1081 3369 1197 3436 diebus
1213 3376 1247 3436 et
1263 3371 1364 3452 horis,
1380 3371 1493 3456 quando

381 3479 485 3546 vocati
504 3476 625 3544 suerint
651 3477 709 3544 sub
736 3478 858 3544 eisdem
873 3481 974 3562 penis.
989 3479 1036 3545 Et
1051 3500 1116 3544 non
1131 3477 1362 3562 intelligantur
1377 3497 1493 3562 congre-

379 3587 450 3671 gati
474 3587 536 3650 nisi
562 3586 623 3651 due
647 3593 761 3671 partes
786 3585 908 3651 fuerint
934 3591 1140 3670 congregate,
1157 3591 1191 3650 et
1207 3589 1336 3669 possint
1353 3586 1448 3671 accipi
1462 3583 1494 3648 de

380 3696 467 3762 omni
491 3697 563 3760 loco
580 3702 613 3761 et
629 3695 746 3778 officio,
762 3698 907 3780 exceptis
922 3695 948 3760 J
949 3695 1098 3761 nlicibus
1115 3693 1250 3776 Palacii,
1267 3695 1430 3774 Patronis,
1444 3693 1493 3759 Pa·

379 3805 548 3888 gateribus
572 3810 606 3870 et
621 3802 830 3885 Consulibus,
853 3825 917 3869 non
941 3803 1128 3887 accipiendo
1145 3803 1235 3868 ultra
1250 3826 1351 3869 unum
1367 3825 1424 3890 pro
1439 3799 1494 3870 offi-

379 3913 429 3980 cio
444 3917 478 3978 et
491 3933 592 3979 unum
607 3933 667 3995 pro
685 3910 789 3992 domo;
805 3918 837 3977 et
852 3911 910 3994 illi,
920 3912 977 3995 qui
988 3909 1149 3992 deficient,
1159 3909 1239 3976 fiant
1249 3911 1284 3976 in
1292 3910 1416 3978 Maiori
1425 3909 1493 3975 Con·

380 4021 462 4088 silio.
476 4021 524 4087 Et
539 4020 567 4084 si
583 4021 735 4086 steterint
751 4025 825 4085 octo
836 4019 950 4085 diebus
960 4019 1001 4084 de
1011 4039 1076 4085 non
1091 4017 1246 4084 ueniendo
1264 4017 1306 4084 ad
1323 4019 1493 4094 Consilium,

381 4129 447 4194 sint
471 4137 581 4211 extra3
606 4150 666 4194 nec
690 4129 807 4222 exerant
833 4128 874 4193 de
898 4135 989 4194 terra
1014 4127 1082 4193 sine
1105 4127 1242 4193 licencia
1257 4125 1491 4204 Dominationis,

381 4237 465 4302 sicut
488 4241 559 4301 erat
584 4235 625 4301 de
651 4233 796 4302 Consilio
822 4235 862 4300 de
878 4233 995 4302 XXV.
1009 4236 1056 4301 Et
1071 4235 1169 4300 duret
1185 4233 1309 4300 dictum
1330 4234 1491 4302 Consilium

249 4393 253 4400 .
380 4364 440 4426 per
463 4339 516 4410 VI
532 4363 664 4422 menses,
680 4344 768 4408 circa
790 4342 889 4408 finem
905 4363 1044 4426 quorum
1060 4343 1208 4408 venietur
1224 4341 1299 4425 hnc,
1316 4349 1349 4407 et
1366 4339 1494 4426 provide

381 4448 479 4528 bitur,
496 4449 524 4512 si
541 4448 693 4516 debuerit
709 4451 784 4534 plus
800 4451 929 4532 durare,
944 4449 995 4514 vel
1010 4471 1084 4514 non.
1103 4450 1164 4516 stb.

489 4557 525 4624 (A
538 4559 678 4610 veleneaei
688 4559 860 4624 nagyanan
875 4559 1041 4623 regestdibbl
1053 4575 1059 4623 ;
1073 4573 1089 4608 a
1105 4557 1242 4608 velenczei
1257 4557 1445 4618 levelttrban.)

871 4663 1027 4674 u——n--n-n-
