3220 5262
353 379 418 442 640
707 396 943 444 orrtouacmsi
958 384 1132 443 numana.

350 575 407 620 seu
432 562 527 622 crunt
552 577 593 624 ox
617 553 782 624 Societate
808 557 959 640 predicta
983 577 1024 624 ex
1048 562 1142 641 parte
1167 553 1307 636 alters3
1334 554 1420 620 inter
1452 576 1484 620 se

348 663 532 730 nominibus
556 664 675 750 quibus
700 686 802 750 supra
825 663 974 733 fecerunt
998 671 1032 732 ct
1054 665 1272 733 firmaverunt
1289 663 1484 730 adinvicem
1572 653 1573 656 ¹

353 769 582 858 infrascriptos
599 775 828 840 conventiones
844 780 879 841 et
893 779 1011 859 pactc3
1028 773 1180 841 videlicet
1194 773 1257 840 stb.
1273 773 1335 840 stb.

459 879 546 948 Item
563 888 679 967 postea
695 883 814 950 eisdem
831 903 916 950 anno
933 891 966 950 et
982 883 1172 966 indictione,
1188 882 1241 948 die
1253 888 1286 949 et
1295 882 1366 948 loco
1376 903 1483 949 coram

352 984 451 1056 dictis
478 990 617 1057 testibus
642 997 676 1056 et
701 989 849 1074 pluribus
865 991 939 1057 eliis
955 990 1068 1076 probis
1083 991 1163 1056 viris
1177 989 1430 1058 Bartholomeus
1445 989 1483 1054 de

351 1095 460 1182 Gagio
486 1097 740 1184 suprascriptus,
766 1100 875 1166 rolens
904 1100 1083 1184 adimplere
1110 1100 1368 1184 suprascriptam
1401 1119 1484 1164 eom-

351 1207 536 1272 missionem
575 1206 638 1274 sibi
667 1207 799 1293 factam,
827 1209 1006 1276 nominavit
1035 1207 1265 1293 infrascriptos
1302 1207 1482 1292 Oaporeles

351 1313 525 1384 Sotietetis
556 1315 702 1402 predicte
733 1318 852 1386 debere
884 1320 1035 1404 predicta
1068 1326 1169 1404 pacta
1200 1324 1235 1386 et
1266 1318 1420 1402 capitula,
1445 1319 1484 1382 de
1572 1355 1573 1406 3

352 1424 470 1509 quibus
496 1447 596 1510 supra
612 1424 652 1491 fit
676 1427 807 1511 mentio,
828 1425 992 1494 retificere
1008 1434 1042 1495 et
1060 1427 1255 1513 approbare,
1271 1433 1304 1492 et
1321 1467 1365 1478 -
1382 1463 1425 1473 -
1442 1465 1484 1474 -

351 1567 393 1580 -
413 1573 455 1584 -
474 1569 517 1578 —-
534 1529 707 1601 Sotietatis
724 1534 875 1620 eiusdem,
892 1543 926 1602 ct
938 1536 1130 1621 promittere
1147 1542 1180 1602 et
1198 1537 1318 1619 iurare,
1328 1542 1361 1601 et
1372 1557 1483 1602 eorum
1573 1544 1574 1547 ’

352 1639 462 1726 sigilla
477 1661 661 1726 apponere3
677 1649 775 1726 prout
792 1665 894 1730 supra
904 1646 1103 1712 continetur.
1113 1641 1260 1727 Quorum
1272 1641 1482 1729 Caporalium

352 1748 593 1818 nominatorum
618 1773 677 1836 per
702 1753 826 1819 dictum
849 1751 1120 1821 Bartholomeum
1145 1755 1278 1820 nomina
1303 1759 1381 1819 sunt
1402 1755 1482 1832 hec;

351 1858 503 1926 videlicet
527 1859 693 1928 buchinus
719 1861 759 1926 de
782 1862 817 1928 la
833 1862 938 1930 Porta
955 1863 995 1930 de
1012 1863 1196 1944 Placentia,
1212 1862 1333 1929 Petrus
1349 1864 1389 1928 de
1405 1859 1484 1928 Sala

352 1968 508 2052 Vngarus
534 1977 569 2035 et
594 1970 814 2038 consiliarius
838 1971 927 2040 dicte
945 1971 1130 2054 Sotietatis,
1145 1971 1331 2039 Nicholans
1348 1971 1388 2036 de
1403 1968 1483 2036 Sala

352 2076 520 2162 Vngerus‚
535 2078 701 2147 Ricardus
718 2115 1483 2132 -------------

351 2187 527 2255 Michaelis
551 2187 718 2274 Vngarus,
743 2188 899 2258 Andreas
926 2191 968 2257 de
992 2189 1099 2258 Sorba
1124 2189 1289 2274 Vngarus,
1312 2188 1483 2254 Johannes

328 2293 524 2362 ·Somozola
548 2296 715 2381 Vngurus‚
739 2297 889 2366 dominus
913 2298 1080 2368 Robertus
1102 2298 1245 2365 Bcucele
1261 2294 1433 2380 AnglicuS,
1450 2300 1484 2360 et

352 2401 516 2488 Georgius
540 2403 581 2471 de
608 2403 689 2472 Sela
713 2405 887 2491 Vngarus;
912 2409 970 2493 qui
990 2416 1065 2475 sunt
1080 2429 1215 2475 numero
1231 2427 1349 2472 novem
1365 2427 1404 2470 ex
1419 2402 1483 2469 Oa·
1564 2400 1569 2413 '

351 2511 518 2597 porelibus
543 2511 714 2580 Sotietstis
738 2515 892 2599 predicte.
918 2514 984 2600 Qui
1009 2514 1188 2600 Caporales
1203 2512 1325 2580 auditis
1341 2518 1374 2580 et
1389 2512 1482 2579 intel·

352 2621 449 2686 lectis
474 2619 671 2704 supradictis
687 2622 800 2706 pactis,
816 2623 969 2707 capitulis
985 2630 1019 2690 ct
1033 2621 1303 2709 promissionibus
1319 2659 1364 2670 -
1380 2659 1421 2670 -
1440 2659 1482 2670 --

351 2763 871 2782 ---------
904 2732 1147 2816 suprascriptis,
1166 2734 1199 2796 et
1214 2729 1481 2814 promissiombus

351 2858 410 2923 per
435 2839 694 2922 suprascriptum
718 2837 883 2905 dominum
900 2838 1033 2906 Doffum
1049 2839 1119 2904 vice
1135 2845 1168 2905 et
1183 2837 1312 2904 nomine
1328 2835 1482 2903 Commu-

353 2947 403 3012 nis
429 2944 596 3011 Florentio
621 2966 661 3012 ex
685 2951 780 3030 parte
805 2969 879 3026 unc,
905 2952 937 3012 et
963 2945 1172 3030 supradictos
1197 2945 1347 3012 dominos
1363 2942 1481 3011 Seruu-

350 3053 482 3119 brinum
498 3049 548 3139 (l)
563 3050 791 3138 capitaneum,
807 3062 841 3120 et
855 3056 1022 3121 dominum
1037 3053 1227 3122 Johannem
1236 3051 1353 3120 Accud
1363 3052 1481 3137 Angli·

351 3183 424 3228 cum
441 3181 554 3228 eorum
582 3163 723 3244 nomine,
741 3169 774 3230 et
789 3163 858 3229 vice
874 3170 907 3228 et
923 3163 1052 3230 nomine
1068 3163 1153 3230 dicte
1170 3161 1353 3246 Sotietotis‚
1367 3169 1398 3229 et
1413 3183 1481 3226 om·

351 3271 440 3335 nium
466 3269 507 3334 dc
534 3267 698 3336 Societate
722 3270 872 3355 predicta
895 3292 933 3336 ex
948 3277 1046 3355 parte
1062 3271 1184 3353 altera;
1199 3277 1233 3336 et
1248 3277 1430 3337 asserentes
1445 3291 1479 3335 se

351 3384 384 3443 et
409 3375 612 3461 quemlibent
636 3398 749 3443 eorum
772 3377 925 3444 habuisse
945 3384 979 3444 et
995 3377 1115 3445 bebere
1131 3379 1263 3464 plenam
1279 3381 1432 3446 notitiam
1448 3387 1479 3443 et

351 3521 873 3538 ---------
898 3486 1078 3571 Capitoneo
1104 3492 1139 3552 et
1165 3486 1297 3554 domino
1324 3487 1479 3554 Johanue

350 3596 496 3680 plenarie
512 3593 715 3679 informatos,
730 3595 794 3680 ipsi
810 3602 844 3662 et
859 3595 997 3680 quilibet
1014 3615 1124 3661 eorum
1141 3595 1176 3660 in
1200 3594 1340 3661 solidum
1356 3615 1396 3660 ea
1414 3616 1479 3660 om-

350 3705 406 3770 nic
430 3709 464 3768 et
489 3702 619 3788 singula
643 3709 728 3786 sota,
753 3703 851 3784 fecta,
877 3710 969 3788 gesta
994 3708 1029 3769 et
1051 3705 1214 3788 promissa
1228 3723 1289 3787 per
1304 3703 1408 3770 dictos
1424 3703 1478 3770 do

350 3812 474 3878 minum
498 3810 716 3896 Cepitaneum
741 3817 776 3878 et
797 3812 963 3878 dominum
988 3811 1184 3894 Joharmsm,
1208 3817 1242 3878 et
1265 3819 1418 3878 contenta
1444 3814 1478 3877 in
1564 3801 1567 3808 ’

353 3918 450 3987 dictis
486 3921 599 4006 pactis,
625 3920 778 4006 capitulis
803 3926 837 3986 et
862 3925 1044 4004 contractu,
1067 3921 1101 3987 in
1126 3919 1270 4006 quolibet
1298 3941 1418 4001 eorum,
1446 3927 1477 3984 et

351 4031 440 4097 omni
463 4030 525 4109 vis,
543 4029 638 4097 modo
654 4035 688 4096 et
704 4031 783 4114 iure,
799 4030 918 4115 quibus
933 4030 1050 4097 melius
1064 4036 1242 4116 potuerunt
1256 4069 1300 4080 -
1318 4069 1361 4078 -
1376 4069 1420 4080 -
1436 4064 1478 4078 -

351 4173 1176 4192 --------------
1204 4140 1479 4223 emologererunt,

351 4256 385 4316 et
411 4249 514 4331 firma,
539 4257 637 4334 grata
662 4255 695 4315 et
719 4255 796 4315 rata
815 4247 999 4316 habuerunt
1018 4257 1053 4316 et
1067 4245 1198 4331 habent,
1214 4254 1247 4314 et
1262 4248 1477 4332 promiserimt

351 4364 386 4425 et
409 4365 636 4440 convenerunt,
660 4378 700 4425 ac
727 4357 827 4425 etiam
852 4359 1046 4444 juraverunt
1079 4357 1123 4425 ad
1157 4357 1380 4444 suprascripta
1412 4355 1475 4423 Dei

231 4537 233 4542 .
350 4465 542 4550 Evangelia,
558 4465 738 4553 Scripturis
758 4489 869 4534 eorum
886 4488 984 4534 manu
1003 4467 1110 4549 tactis,
1125 4467 1215 4534 dicto
1233 4465 1365 4532 domino
1379 4462 1475 4531 Dodo

352 4582 387 4648 et
402 4576 495 4643 nobis
512 4573 661 4642 Notariis
677 4575 909 4666 infrascriptis²
925 4583 958 4643 ct
974 4575 1109 4643 cuilibet
1122 4583 1269 4643 nostrum
1288 4573 1323 4640 in
1332 4574 1475 4654 solidum,
