3166 5256
641 641 690 700 77.

117 793 310 859 Areleuczei
339 795 628 860 ctllamtunctcanak
660 796 828 875 sendelete,
860 795 1007 882 melylyel
1038 795 1229 860 llelmekvrak

170 901 256 966 riteh
270 901 431 988 Sepniuba
449 927 470 966 a
487 925 629 988 muqyar
644 925 733 988 aerep
748 899 901 967 azdmdvu
920 901 1054 966 tiltutik.
1073 905 1169 967 1345.

210 1077 307 1144 Anno
322 1075 526 1146 Mccuxn.
559 1080 610 1145 die
640 1077 721 1147 VII.
751 1077 845 1143 Julii.
870 1077 1033 1162 Capta:
1057 1076 1140 1143 Cum
1165 1081 1228 1144 vic·

114 1186 206 1251 tualia
220 1185 339 1252 vadant
354 1185 397 1251 ad
412 1193 522 1270 partes
549 1186 666 1270 Segne,
687 1193 720 1252 et
736 1185 811 1250 inde
827 1186 869 1251 ad
885 1188 1060 1252 exereitum
1076 1185 1227 1270 Vngaro-

113 1315 184 1372 rnm,
199 1293 281 1376 quod
310 1294 391 1358 dicti
422 1296 582 1362 exereitus
611 1295 787 1360 maximum
804 1291 1020 1376 sublevamen,
1045 1301 1078 1359 et
1104 1296 1226 1360 nostris

7 1409 8 1488 ζ
111 1401 183 1464 lucis
197 1406 303 1484 posset
319 1420 385 1464 non
410 1401 573 1467 modicum
598 1400 810 1484 praiudiuium
841 1421 1015 1482 generare;
1033 1399 1075 1464 ad
1092 1400 1224 1466 obvian-

112 1507 187 1590 dum,
210 1527 249 1572 ne
274 1508 428 1573 victualia
453 1514 643 1593 prestantur
668 1508 814 1592 Vagaris
839 1507 987 1592 prefatis,
1021 1508 1112 1573 vadit
1138 1531 1223 1592 pars,

114 1611 192 1694 quod
206 1619 398 1697 preparetur
412 1635 513 1680 unum
528 1615 652 1698 lignum
668 1615 797 1697 riparia,
813 1615 865 1679 eui
881 1613 941 1679 liat
951 1611 1154 1698 capitaneus
1166 1637 1226 1698 per

108 1719 192 1784 illum
215 1720 344 1786 modum
368 1729 401 1786 et
425 1741 498 1786 eum
513 1743 551 1786 eo
578 1722 707 1802 salario,
734 1741 792 1804 per
823 1741 918 1802 quem
934 1728 968 1786 et
984 1742 1058 1785 cum
1076 1744 1140 1805 quo
1165 1723 1227 1788 fuit

108 1846 154 1890 ser
167 1825 331 1894 Jobannes
348 1827 543 1910 serendum,
554 1836 588 1896 et
603 1831 754 1895 mittatur
769 1828 812 1895 ad
829 1837 942 1911 partes
956 1829 1103 1913 prelatas
1119 1837 1225 1898 custo-

7 1985 8 1990 *
111 1932 243 2016 diendar,
253 1943 285 2000 et
294 1935 540 2020 prohibendum,
550 1959 591 2003 ne
601 1937 713 2020 aliqua
724 1937 879 2002 victualia
895 1959 953 2020 per
966 1936 1055 2002 illam
1071 1939 1226 2021 ripariam

7 2073 9 2128 3
113 2043 150 2108 ad
163 2043 285 2126 aliquas
300 2051 413 2128 partes
430 2047 602 2126 declinant,
617 2044 704 2110 unde
721 2045 761 2110 de
778 2045 824 2110 eis
853 2043 984 2127 Vngari
1008 2047 1129 2112 habere
1154 2066 1226 2127 pos-

7 2175 9 2238 5
113 2153 187 2230 sint;
212 2159 242 2216 et
264 2154 385 2218 nostris
401 2152 629 2218 Provisoribus
655 2153 829 2235 scribatur,
855 2152 943 2234 qnod
959 2173 1069 2219 curam
1094 2153 1225 2236 vigilem

7 2245 10 2316 i
113 2255 308 2342 habeantne
324 2279 383 2342 per
398 2259 484 2326 viam
500 2259 600 2326 maris
623 2259 761 2343 prefatis
788 2257 932 2344 Vngaris
965 2261 1100 2327 ritualia
1116 2262 1227 2344 aliqua

115 2371 298 2451 prestantur,
313 2365 486 2432 faciendo
477 2391 511 2432 m
526 2368 588 2433 huc
603 2387 696 2451 posse
712 2387 816 2433 suum

212 2472 255 2537 Et
279 2479 316 2539 ut
340 2495 423 2539 nova
453 2496 525 2539 eum
553 2479 737 2558 occurrunt,
752 2473 906 2539 velociter
921 2471 1042 2540 habere
1058 2475 1227 2559 possimus,

7 2565 9 2644 Ξ
117 2577 201 2643 vadit
214 2600 297 2661 pars,
314 2581 400 2664 qnod
424 2603 537 2647 armen
538 2588 593 2647 tur
538 2580 739 2647 tbarebe
765 2581 829 2646 due
854 2579 957 2646 lorzat
944 2587 976 2646 te
992 2582 1032 2645 de
1057 2583 1153 2647 remis
1170 2603 1226 2648 sax

7 2695 10 2768 ἶ
110 2705 164 2767 pro
187 2687 337 2770 qualibet,
361 2710 423 2771 que
447 2689 569 2755 vadant
594 2694 628 2754 et
652 2688 786 2754 veniant
810 2709 869 2771 pro
888 2689 978 2753 novis
1006 2690 1176 2772 portandis
1193 2695 1225 2754 et

8 2793 10 2832 ³
113 2791 322 2874 implorandis.

8 2899 10 2990 i

206 2957 240 3017 (Δ
253 2956 363 3006 ›Mirati‹
378 2957 467 3007 ezimtl
480 2958 618 3008 velenuzei
642 2958 874 3023 allamlvttnyvbbl
887 2957 1019 3008 xxxm.
1030 2959 1087 3010 kur.
1102 2965 1145 3010 41.
1160 2959 1224 3022 lev.)

582 3170 740 3181 ——nn

634 3410 684 3471 78.

9 3655 11 3678 μ
113 3559 294 3628 Andencaei
318 3561 595 3650 kmvndnytaadca
620 3568 708 3631 Arba
731 3567 906 3655 uzipettnelc
935 3568 1086 3655 qdlyctju't
1102 3571 1223 3658 azolqct·

335 3670 445 3736 ῑαιάῦα
461 3671 605 3758 arbrisel
623 3673 872 3739 Dalmatidbau.
890 3676 985 3739 1345.

206 3843 320 3914 Nobili
345 3853 379 3914 et
401 3849 541 3932 sapienti
565 3849 636 3915 viru
661 3847 795 3916 Andree
820 3850 976 3917 Michaeli
992 3850 1112 3918 Oumiti
1129 3850 1226 3934 Arbi,

9 4037 11 4052 Ι
114 3969 149 4119 pp
161 3951 369 4033 prudentibus
384 3955 462 4020 viris
477 4005 484 4022 .
501 4006 508 4022 .
526 4007 532 4022 .
548 3957 574 4022 J
575 3957 732 4038 uelitibus,
749 3955 892 4024 Consilio
902 3963 936 4024 et
951 3957 1122 4024 Communi
1139 3960 1224 4025 dicte

141 4078 212 4125 erra.

208 4165 360 4234 Andreas
385 4167 539 4238 Dandulo
564 4171 628 4237 Dei
653 4171 766 4256 gracia
796 4169 1024 4252 Veneciarnm,
1054 4171 1224 4239 Dalmaeie

10 4323 12 4378 l
115 4276 202 4354 atque
226 4274 385 4340 Ohroaeie
409 4275 496 4357 Dux,
519 4277 680 4343 Dominus
700 4276 824 4362 Quarta
841 4279 953 4344 Partis
970 4285 1003 4346 et
1018 4277 1163 4346 Dimidie
1179 4287 1225 4346 to-

114 4377 172 4444 tins
186 4379 317 4464 Imperii
332 4381 501 4467 Romania,
515 4385 618 4452 nubili
632 4392 665 4452 et
681 4387 822 4470 sapienti
837 4387 906 4452 viro
921 4383 1055 4453 Andree
1069 4385 1224 4452 Michaeli

10 4505 13 4576 ζ
116 4481 223 4552 Comiti
245 4487 332 4556 Arbi
358 4512 396 4555 ac
421 4491 636 4576 prudentibus
661 4493 741 4560 viris
757 4543 765 4559 .
780 4539 788 4559 .
804 4543 812 4559 .
828 4491 852 4559 J
853 4493 1009 4580 udiuibus,
1026 4491 1172 4560 Consilio
1188 4499 1221 4560 et
