3220 5248
633 344 640 366 r

405 383 470 447 594
765 389 999 448 announcurar
1015 395 1182 450 cursans.

407 567 456 624 tes
482 561 657 642 quoslibet,
674 564 771 626 etiarn
795 561 822 624 si
839 560 1031 628 Communia
1048 562 1227 629 (licitatum
1246 573 1278 628 et
1293 563 1507 632 Vniversitates

407 667 579 750 opidorum
596 669 772 750 extiterint,
790 670 984 734 auctoritate
1001 677 1114 734 nostra
1128 671 1301 752 indicendi,
1310 695 1349 738 ac
1358 672 1509 738 mandandi

405 795 461 840 eas
487 775 722 841 inviolabiliter
738 779 915 862 observari,
932 799 992 843 neo
1009 799 1072 843 non
1097 779 1354 844 contradictores
1370 781 1508 863 quoslibet
1580 795 1582 802 '

407 889 439 948 et
455 885 592 950 rebelles
608 905 846 969 percensuram
857 887 1118 968 ecclesiasticam,
1129 888 1327 970 apellatione
1343 890 1510 972 postposita,
1580 921 1582 980 f

406 993 640 1076 compescendi,
665 1015 728 1060 non
755 995 915 1074 obstante,
935 997 962 1060 si
979 997 1027 1060 eis
1044 996 1094 1061 vel
1109 1019 1220 1061 eorum
1237 997 1398 1080 aliquibus
1413 1003 1463 1063 aut
1475 998 1511 1079 ip·

407 1123 517 1167 sorum
542 1101 695 1186 Imperia,
712 1103 837 1186 Regnis
861 1110 893 1168 et
907 1105 1004 1169 terris
1020 1126 1041 1168 a
1057 1102 1143 1170 Sede
1160 1104 1357 1187 Apostolica
1371 1105 1412 1168 sit
1424 1103 1510 1169 indul·
1581 1133 1582 1166 1

408 1215 476 1275 tum
502 1211 562 1276 sub
588 1232 781 1294 quacunque
805 1212 912 1277 forma
935 1212 988 1276 rel
1011 1213 1223 1295 conceptione
1239 1215 1418 1292 verborum,
1439 1209 1510 1293 quod

408 1317 570 1396 interdici,
595 1317 748 1401 suspendi
765 1319 814 1384 vel
832 1318 1113 1401 excommunicari,
1128 1325 1187 1384 aut
1202 1339 1315 1384 eorum
1331 1329 1416 1384 terre
1430 1318 1510 1384 eccle

405 1427 518 1492 siastio
542 1425 715 1492 interdicto
741 1427 878 1509 supponi
898 1427 1011 1508 quavis
1044 1427 1241 1492 auctoritate
1268 1448 1332 1491 non
1348 1428 1474 1510 possint,
1486 1431 1511 1487 et
1581 1487 1582 1492 ,

408 1534 554 1616 qualibet
580 1534 646 1598 alia
670 1533 758 1598 dicte
783 1533 878 1598 Sedis
904 1534 1113 1616 indulgencia
1140 1535 1284 1618 generali
1310 1535 1361 1599 rel
1391 1532 1513 1618 speciali,

409 1643 637 1724 cuiuscumque
667 1642 791 1706 tenoris
823 1642 951 1721 existat,
990 1663 1049 1724 per
1089 1664 1188 1724 quam
1228 1644 1430 1726 presentibus
1464 1660 1514 1704 non

409 1769 598 1831 expressam
614 1748 666 1811 rel
682 1748 830 1812 totaliter
846 1769 910 1814 non
927 1749 1084 1814 insertam
1101 1749 1234 1814 effectus
1253 1770 1366 1814 earum
1385 1745 1513 1830 impediri

406 1856 531 1920 valeret
564 1853 809 1935 quomodolibet
833 1855 888 1920 .vel
922 1854 1059 1936 differri,
1089 1855 1150 1920 tibi
1180 1856 1310 1938 plenam
1343 1863 1375 1920 et
1398 1855 1516 1920 liberam

407 1961 610 2027 concedimus
637 1967 749 2026 tenore
774 1963 973 2043 presentium
999 1961 1189 2027 facultatem
1229 1963 1353 2027 Datum
1372 1963 1517 2028 Arinione

406 2067 473 2132 IX.
490 2068 648 2132 kalendas
664 2068 848 2150 Februarii,
866 2068 1083 2134 Pontificatus
1099 2070 1205 2134 nostri
1222 2091 1309 2134 anno
1325 2072 1435 2154 primo.

409 2213 452 2272 (V.
466 2213 560 2262 ornan
576 2213 650 2274 papa
662 2212 842 2276 registaib613
861 2213 894 2263 V.
915 2215 939 2261 ὃ.
953 2213 1034 2277 Pejor
1045 2213 1109 2262 (lod.
1125 2213 1198 2273 Dipl.
1220 2213 1269 2262 IX.
1289 2215 1347 2262 roc.
1362 2219 1385 2263 3.
1397 2229 1419 2263 r.
1432 2217 1486 2263 360.
1496 2211 1519 2268 l.)

408 2661 504 2724 Delia
529 2661 628 2726 Scala
654 2659 855 2748 Canqracde
878 2664 1008 2727 verona-i
1023 2661 1194 2748 sejedelem
1211 2663 1244 2726 ds
1259 2687 1280 2725 a
1297 2663 1448 2727 durazzoi
1462 2663 1521 2724 ter-

667 2793 736 2856 czep
753 2770 872 2856 ledoyc
890 2770 974 2834 lco'zti
989 2771 1156 2854 bdznsadp.
1176 2772 1270 2834 1363.

515 2929 547 2994 N
550 2949 585 2992 os
612 2928 812 2994 Laurentius
837 2927 926 2995 Celsi
942 2929 1006 2994 Dei
1025 2931 1135 3011 gratia
1149 2929 1229 2993 Dux
1244 2925 1459 2994 Venetiarum
1473 2933 1524 2990 etc

327 3117 329 3124 γ
409 3034 619 3100 Comittimus
643 3035 703 3101 tibi
719 3034 820 3102 nobili
836 3039 904 3101 viro
920 3036 1059 3101 Nicolao
1075 3036 1100 3102 J
1101 3036 1266 3101 ustiniano
1286 3034 1407 3101 dilecto
1424 3036 1481 3100 ciri
1497 3041 1523 3096 et

407 3141 498 3207 fideli
514 3148 636 3224 nostro,
653 3143 741 3225 quod
758 3131 798 3207 de
814 3150 926 3208 nostro
943 3142 1099 3210 mandato
1115 3142 1217 3206 vadas
1234 3148 1268 3207 et
1277 3144 1322 3207 sis
1333 3142 1522 3226 Capita-neus

408 3250 543 3315 istarum
570 3252 668 3315 trium
694 3252 874 3334 galearum,
891 3271 974 3332 quas
1001 3251 1220 3316 mutuavimus
1235 3256 1269 3315 et
1286 3250 1326 3314 de
1343 3252 1449 3334 gratia
1463 3269 1525 3315 con-

407 3360 563 3423 cessimus
587 3359 709 3423 armari
734 3358 787 3422 liic
812 3381 871 3441 per
896 3358 1025 3422 domino
1052 3356 1149 3422 dela
1176 3355 1283 3437 Scala,
1309 3379 1368 3440 pro
1386 3355 1526 3422 eundoin

407 3464 572 3547 Apuleam
588 3465 631 3531 ad
647 3465 818 3531 levandum
834 3465 936 3531 filiam
953 3465 1088 3530 condam
1107 3464 1228 3528 domini
1244 3462 1360 3529 Duche
1371 3462 1527 3538 Duracbii,

409 3594 506 3655 quam
532 3572 680 3638 dominus
706 3571 808 3638 Oanis
834 3571 1007 3656 Signorius
1024 3572 1064 3638 de
1080 3572 1114 3637 la
1131 3570 1231 3636 Scala
1247 3572 1282 3636 in
1298 3592 1435 3636 uxorem
1450 3591 1528 3635 acce

408 3682 465 3763 pit,
490 3683 634 3764 regendo
660 3689 695 3748 et
711 3682 924 3766 gubernando
941 3704 996 3748 eas
1015 3688 1049 3746 et
1065 3689 1179 3765 gentes
1195 3701 1308 3748 earum
1326 3681 1368 3746 ad
1384 3681 1528 3746 honorem
1581 3673 1582 3676 ’

408 3797 563 3871 nostrum,
579 3799 612 3856 et
636 3791 785 3857 habendo
808 3798 841 3855 et
858 3792 972 3857 haberi
988 3788 1138 3856 faciendo
1154 3792 1273 3857 bonam
1291 3810 1404 3855 curam
1419 3794 1452 3852 et
1465 3785 1527 3850 dili·
1581 3815 1582 3828 κ

409 3898 553 3977 gentiani
570 3903 636 3962 tam
654 3899 696 3963 ad
712 3898 991 3964 conservationem
1007 3900 1114 3981 gentis
1134 3905 1253 3976 nostre,
1273 3919 1370 3981 quam
1395 3898 1527 3980 ipsarum

408 4005 573 4086 galearum
601 4012 634 4069 et
658 4005 876 4086 corredorum,
894 4008 978 4072 sicut
993 4029 1052 4090 pro
1069 4006 1155 4072 bono
1171 4007 1275 4073 nostri
1302 4003 1488 4070 Communis
1504 4007 1528 4064 el

409 4117 521 4176 nostro
538 4112 656 4178 videris
673 4115 844 4180 convenire
863 4115 925 4180 stb.

667 4259 806 4319 (Eredetie
819 4274 836 4308 a
849 4259 987 4311 velebczei
999 4273 1072 4324 nagy
1086 4258 1283 4320 leveltarban.)

897 4422 1021 4430 -—-·-—-
1031 4421 1051 4429 ιι
