3134 5252
719 385 955 432 urnnoanozrar
973 371 1149 432 sundran:

814 645 819 652 ’
896 673 968 735 153.

366 787 515 919 llloqyad
529 833 655 896 erederet
671 831 831 914 Erzee'dei,
842 832 864 895 I
864 879 871 896 .
880 833 1038 899 Jobonna
1049 833 1179 899 sieiliai
1187 834 1343 920 birdlyae'
1358 835 1389 898 e's
1403 835 1481 900 Mar·

473 940 528 1004 tell
546 938 672 1026 Kdroly
688 940 857 1005 calado-iai
875 943 1002 1026 berczep
1021 942 1276 1028 szolqdlatdbau.
1294 944 1389 1008 1346.

473 1097 498 1164 J
500 1099 631 1165 ohanna
646 1105 707 1165 ete.
724 1098 885 1168 Ysabella
902 1099 1048 1187 Vagare¹
1061 1102 1274 1186 cambellana,
1290 1109 1323 1168 et
1339 1101 1483 1170 Nieolaus

367 1207 436 1273 eius
453 1205 539 1302 filius
555 1207 734 1274 familiares
759 1211 866 1278 nostri
890 1210 1001 1276 dilecti
1027 1217 1084 1276 ete.
1109 1231 1169 1295 pro
1186 1210 1329 1293 vtilibus,
1346 1211 1444 1294 gratis
1457 1219 1483 1276 et

367 1316 511 1400 acceptis
528 1316 676 1403 seruieijs
693 1317 782 1405 clare
807 1317 963 1384 memorie
988 1319 1110 1384 illustri
1136 1318 1266 1384 domino
1293 1321 1362 1386 viro
1387 1326 1484 1384 nostro

368 1422 582 1489 laudabiliter
597 1425 754 1508 prestitis,
784 1447 888 1509 queue
904 1425 1065 1510 Ysabella
1081 1427 1154 1512 ipsa
1168 1428 1413 1512 presencialiter
1426 1448 1486 1511 pre

368 1538 437 1598 stat
451 1533 486 1598 in
502 1531 697 1599 edueaciono
721 1537 896 1618 presertim
923 1532 1118 1619 Spectabilis
1144 1537 1247 1602 Ducis
1264 1533 1416 1603 Calabria
1430 1535 1485 1621 pri-

369 1640 529 1723 mogeniti
558 1642 671 1722 nostri,
698 1648 732 1708 et
757 1663 924 1726 speramus
950 1649 1008 1707 ete.
1025 1643 1146 1709 habeat
1176 1663 1319 1708 annuum
1336 1643 1484 1708 redditum

369 1749 539 1814 vneiarum
565 1749 637 1814 auri
662 1750 800 1834 triginta
824 1755 884 1817 ete.
924 1749 1050 1817 Datum
1075 1749 1217 1836 Neapoli
1242 1749 1484 1820 MOCCXLVI.

368 1856 420 1922 die
437 1855 465 1921 Ι.
482 1855 575 1941 Maij.

441 2018 477 2082 (A
491 2020 575 2086 »Beg.
588 2019 739 2085 Angioinir
751 2020 784 2072 Δ,
800 2024 859 2073 351.
873 2036 911 2071 sz.
921 2037 948 2073 a.
961 2022 1028 2087 Reg.
1043 2023 1189 2074 Johsnnae
1202 2022 1223 2074 L
1237 2023 1295 2073 keo.
1312 2027 1368 2074 155.
1381 2023 1409 2084 l.)

860 2235 920 2243 --
969 2237 1017 2241 ..-.

903 2507 975 2570 154.

371 2667 509 2753 Gerpely
535 2666 704 2733 corbaviui
726 2667 819 2755 prof,
833 2667 950 2734 Jadra
967 2667 1048 2733 allen
1063 2691 1085 2732 a
1102 2665 1255 2732 veleaczei
1280 2667 1483 2749 kizidrsuedp·

732 2776 800 2841 aab
816 2777 1026 2862 szdoetee'yese.
1045 2777 1140 2842 1346.

475 2931 575 3000 Anno
601 2931 859 3002 MOOOXLVI.
891 2935 945 3002 die
969 2934 1035 3000 IX.
1060 2934 1154 3001 Maii.
1172 2933 1337 3019 Capta:
1353 2933 1482 3016 Respon-

371 3044 488 3108 deatur
500 3043 542 3108 ad
553 3043 699 3127 capitula
709 3044 881 3110 ambaxate
893 3042 1029 3110 Comitis
1040 3041 1192 3126 Gregorii
1204 3045 1237 3108 in
1248 3045 1336 3107 huno
1350 3042 1481 3107 modun:

369 3151 414 3216 Et
439 3150 545 3234 primo
570 3152 612 3217 ad
635 3153 775 3235 primum
800 3153 980 3235 capitulum
1005 3153 1046 3219 de
1071 3150 1123 3220 IV
1140 3158 1270 3234 eentum
1287 3149 1443 3235 equitibus
1456 3152 1482 3212 et

372 3254 430 3324 CO
446 3259 609 3342 peditibus
625 3266 706 3340 ete.;
722 3261 977 3344 respondeatur:
994 3260 1081 3345 quod
1098 3259 1197 3326 simus
1215 3260 1358 3325 contenti
1375 3260 1446 3324 dare
1459 3255 1483 3320 ei
1538 3243 1559 3280 ⁵

372 3363 429 3431 OC
454 3369 581 3448 equites
598 3365 674 3432 etO
700 3368 837 3452 pedites,
863 3367 1041 3433 seeundum
1068 3367 1157 3449 quod
1182 3367 1265 3433 alias
1282 3367 1445 3450 requisivit
1458 3368 1485 3427 et

371 3481 544 3541 contentus
552 3474 622 3558 fuit,
632 3497 705 3541 oum
717 3477 832 3560 quibus
849 3477 967 3544 debeat
982 3475 1090 3542 faeere
1106 3482 1139 3542 et
1156 3497 1332 3560 procurare
1345 3477 1484 3540 bonorem

370 3588 516 3648 nostrum
542 3590 574 3648 et
598 3604 700 3663 suum,
726 3605 799 3650 cum
825 3583 1041 3665 condictione,
1067 3582 1155 3668 quod
1179 3583 1340 3667 possimus
1365 3581 1403 3646 de
1417 3578 1484 3663 ipsis
1557 3641 1558 3648 ,

370 3690 522 3774 gentibus
538 3698 572 3756 et
588 3697 684 3774 parte
699 3693 843 3775 ipsarum
861 3691 1015 3757 ordinare
1031 3697 1066 3756 et
1085 3689 1257 3774 disponere
1277 3697 1310 3755 et
1325 3689 1484 3775 precipere,

373 3800 457 3865 siout
467 3798 599 3882 quando
616 3804 648 3866 et
664 3799 721 3865 ubi
736 3799 830 3865 nobis
845 3800 1007 3866 videbitur
1023 3799 1184 3884 pro-bono
1200 3799 1338 3865 unionis,

479 3902 537 3971 Ad
568 3907 742 3992 seeundum
773 3907 962 3992 capitulum,
985 3927 1046 3990 per
1072 3907 1159 3989 quod
1183 3908 1269 3991 petit
1285 3905 1485 3990 provisionem
1557 3951 1558 3958 κ

372 4022 430 4083 ete.
456 4017 710 4102 respondeatur:
737 4017 877 4100 quodsi
902 4019 1054 4099 eveniret,
1081 4016 1169 4100 quod
1190 4015 1308 4084 Comes
1326 4013 1485 4098 Gregorius

372 4126 539 4193 amitteret
563 4146 655 4191 suum
681 4125 804 4207 taliter,
821 4126 908 4208 quod
923 4147 988 4192 non
1004 4123 1141 4191 baberet
1155 4124 1242 4191 unde
1257 4125 1374 4208 vivere,
1389 4119 1484 4189 Doni·

370 4235 462 4300 natio
485 4240 600 4300 nostra
629 4234 824 4319 providebit,
849 4239 887 4300 ut
912 4234 976 4300 sibi
1007 4235 1199 4300 conveniens
1216 4234 1396 4318 apparebit.
1410 4226 1486 4297 Etsi

334 4377 340 4380 -
371 4342 438 4408 ullo
455 4346 601 4425 ternpore
618 4346 788 4410 eontracta
807 4342 1010 4426 perderetur,
1025 4346 1057 4405 et
1073 4341 1279 4426 postmodum
1295 4355 1485 4423 recuperare·

371 4458 426 4517 tur
452 4472 512 4534 per
537 4471 605 4533 nos,
620 4453 741 4518 erimus
759 4451 823 4517 sibi
839 4449 1036 4518 favorabiles
1053 4457 1086 4517 et
1102 4451 1250 4534 gratiosi,
1265 4456 1302 4515 ut
1318 4450 1385 4534 ipse
1401 4451 1431 4512 et
1444 4442 1484 4510 sui
1557 4463 1558 4470 ¹

373 4579 566 4645 recuperare
590 4558 731 4643 valeant,
748 4557 835 4644 quod
851 4564 903 4626 est
918 4580 1020 4626 suum.
