3220 5248
501 493 504 500 ¹
606 404 701 470 reae.
1153 405 1219 470 ιιι

86 579 197 648 rideat
209 587 245 646 et
259 581 373 666 possit,
390 581 418 646 si
435 581 498 650 sibi
515 580 666 665 placebit,
683 582 888 650 demonstare
905 583 993 649 dicto
1011 603 1063 648 ser
1079 582 1223 666 Marino,

88 709 152 772 quc
179 693 399 757 instrumente
414 688 535 756 habere
551 691 644 775 potui
659 691 834 774 tangencia
849 691 900 756 ius
916 711 1008 758 suum
1023 692 1223 758 unanimiter

87 818 161 864 cum
194 797 263 865 filio
294 820 361 880 suo,
392 820 432 864 ne
464 796 550 864 forte
581 796 736 882 crederet,
768 799 856 882 quod
886 800 998 865 omnia
1023 798 1223 866 haberentur

86 905 217 988 copiam
244 906 330 972 sicut
356 905 432 971 dedi
455 905 586 972 domino
603 904 706 986 Bano,
722 904 876 971 Dominio
893 901 1015 972 Vestro
1031 907 1222 971 transmitto

86 1033 145 1095 per
171 1013 362 1080 Nicolatnm
388 1009 546 1079 Oatormo
572 1010 778 1080 barcarolum
802 1033 875 1078 cum
893 1012 967 1077 aliis
983 1011 1102 1078 litteris
1130 1013 1221 1079 meis.

86 1121 133 1186 Et
147 1121 234 1186 sicut
243 1120 496 1205 Magnificencia
505 1118 629 1189 Vestra
639 1119 728 1186 videt
744 1141 803 1204 per
820 1120 921 1186 verba
936 1119 1079 1186 eiusdem
1097 1119 1222 1186 domini

85 1225 182 1310 Bani3
199 1228 325 1314 dubito,
340 1229 429 1314 quod
444 1231 486 1296 ad
502 1251 595 1296 suam
604 1228 872 1296 informacionem
883 1229 1032 1295 dominus
1048 1229 1122 1296 Rex
1137 1229 1218 1294 mihi

86 1335 179 1403 dicat
196 1335 335 1420 aliquid,
351 1342 385 1403 et
399 1340 517 1420 tangat
532 1356 631 1421 super
656 1337 729 1421 ipsa
745 1337 893 1403 materia.
909 1337 957 1403 Et
973 1338 1061 1420 quia,
1077 1336 1220 1402 Domine

83 1443 138 1523 mi,
153 1443 258 1508 multa
274 1443 314 1509 de
331 1444 382 1509 his
397 1443 499 1509 habui
513 1441 792 1529 informacionem,
801 1464 907 1527 neque
922 1443 1044 1510 habere
1054 1441 1148 1527 potui
1163 1464 1219 1507 ne-

83 1570 148 1635 que
166 1551 281 1617 scirem
297 1550 406 1617 facere
422 1550 522 1617 aliam
547 1550 791 1634 responsionem
815 1549 981 1616 utiliorem
1001 1571 1100 1634 qnam
1115 1549 1218 1630 illam,

83 1679 183 1741 qnam
210 1657 273 1724 seci
297 1658 426 1724 domino
452 1658 555 1739 Bano,
575 1659 782 1750 utsuperius
799 1657 996 1724 dictumest.
1014 1655 1098 1724 Cum
1114 1657 1217 1722 omni-

82 1765 183 1833 moda
198 1767 385 1833 reverencia
401 1766 555 1850 supplico,
571 1772 733 1850 quatenus
750 1766 778 1832 si
793 1765 919 1850 aliquid
935 1764 1026 1831 aliud
1041 1771 1092 1831 est
1107 1772 1215 1830 vestre

81 1873 288 1955 intencionis,
304 1873 384 1939 mihi
400 1872 529 1940 servulo
557 1880 590 1940 et
613 1871 704 1940 fideli
720 1878 828 1940 vestro
844 1873 1014 1939 declarare
1030 1871 1218 1956 dignemini,

81 1988 119 2049 nt
134 1983 296 2048 intentum
313 1987 458 2048 restrum
474 1982 578 2066 possit
593 1980 749 2067 perficere
765 1982 799 2046 in
815 1981 903 2046 omni
919 2002 1005 2064 casn,
1021 1982 1103 2047 sicut
1120 1985 1217 2064 opto;

80 2111 159 2158 nam
185 2090 331 2158 intellexi
359 2113 379 2156 a
403 2090 562 2175 pluribus,
587 2090 676 2174 quod
700 2091 785 2156 dicte
813 2089 1034 2173 possessiones
1059 2089 1217 2156 moderno

78 2203 231 2281 tempore
247 2197 358 2263 valent
374 2219 395 2264 a
413 2198 446 2268 V
462 2197 553 2263 mille
568 2197 602 2262 in
618 2194 672 2263 VI
687 2195 776 2262 mille
786 2195 983 2262 florenorum
999 2199 1083 2262 iusto
1099 2198 1217 2281 precio.

78 2303 251 2386 Preterea,
276 2304 405 2371 domine
432 2305 484 2389 mi,
509 2304 610 2370 habui
636 2325 656 2369 a
682 2304 813 2370 domino
838 2303 945 2388 Bane,
962 2303 1050 2388 quod
1066 2305 1216 2372 dominus

78 2411 154 2478 Rex
172 2413 231 2477 ivit
245 2413 280 2478 in
297 2414 438 2479 exercitu
462 2410 506 2478 ad
532 2411 767 2478 Transilvanas
782 2418 912 2495 partes;
927 2419 1037 2477 tamen
1054 2414 1172 2496 nescio,
1187 2413 1214 2478 si

76 2521 127 2584 ita
153 2525 213 2602 est,
240 2522 318 2604 quia
344 2519 383 2586 dc
408 2520 484 2586 hinc
499 2520 639 2586 veridice
656 2519 787 2585 minime
803 2519 904 2584 scrire
920 2540 1061 2603 possum.
1081 2517 1215 2585 Dicitur

78 2627 170 2713 quod
187 2629 222 2693 in
238 2627 390 2712 partibus
405 2627 579 2711 Hungarie
596 2633 645 2696 est
660 2649 779 2710 magna
788 2626 982 2708 mortalitas,
993 2633 1026 2692 et
1039 2625 1134 2692 multi
1150 2625 1214 2693 Ba-

75 2757 178 2802 rones
195 2736 356 2803 notabiles
373 2741 448 2805 sunt
463 2735 594 2816 mortui,
610 2735 695 2802 inter
711 2757 792 2820 quos
808 2735 956 2801 dominus
981 2733 1131 2799 Leuchus
1148 2732 1213 2798 sra-

75 2849 132 2910 ter
146 2840 296 2908 Palatini
313 2841 460 2908 Comitia.
476 2843 524 2908 Et
538 2843 624 2927 licet,
649 2843 790 2909 Domine
805 2843 859 2926 mi,
883 2839 1132 2922 Magnificencie
1148 2838 1213 2908 Ve-

76 2957 149 3016 stre
175 2950 369 3034 scripseram
394 2973 452 3034 per
476 2951 563 3016 riam
587 2953 687 3016 maris
713 2950 820 3016 omnia
845 2947 1007 3032 ordinate,
1033 2953 1143 3014 tamen
1169 2948 1214 3014 ad

74 3057 301 3126 abundantem
318 3059 492 3125 cautellam
516 3065 654 3144 propter
678 3059 825 3143 hyemale
851 3064 988 3141 tempus,
1014 3075 1054 3120 ne
1081 3055 1212 3140 possitis

72 3167 246 3233 incurrere
262 3167 437 3234 terminum
452 3167 677 3233 extimacionis
692 3167 934 3251 possessionum
951 3164 1161 3230 existencium
1177 3164 1210 3228 in

73 3273 178 3341 Nona
193 3283 226 3341 et
240 3273 266 3340 J
267 3275 358 3360 adra,
384 3275 486 3343 eciam
512 3281 550 3340 ut
574 3274 674 3342 rerba
689 3274 914 3359 suprascripta
929 3273 1051 3340 domini
1067 3271 1153 3339 Bani
1169 3271 1212 3336 oi·

74 3384 150 3450 cius
175 3384 241 3448 sint
265 3383 355 3450 vobis
380 3389 468 3463 nota,
492 3383 629 3466 proinde
653 3402 817 3449 cursorem
832 3380 1036 3469 presencium
1061 3403 1133 3448 cum
1158 3379 1210 3446 his

70 3489 156 3556 meis
171 3491 292 3556 litteris
300 3488 423 3558 Vestra
433 3489 608 3558 Serenitati
619 3489 834 3574 destinarem
858 3511 934 3558 nam
950 3511 971 3556 a
986 3490 1039 3555 die
1056 3487 1102 3554 X.
1119 3509 1210 3554 men·

70 3600 121 3662 sis
138 3600 301 3682 presentis
318 3620 442 3665 summo
460 3619 563 3682 mane,
579 3597 662 3664 sicut
674 3597 817 3683 applicui
828 3596 944 3681 Segne,
960 3618 1064 3680 nsque
1079 3615 1209 3680 presen-

70 3716 143 3773 tem
160 3705 246 3772 diem
262 3713 330 3772 tam
348 3709 523 3792 pessimum
538 3711 666 3791 tempus
683 3711 717 3772 et
732 3705 866 3772 fortuna
890 3704 1017 3789 perfida
1031 3703 1103 3786 luit,
1119 3702 1207 3786 quod

68 3817 166 3884 dicta
181 3814 281 3882 barca
297 3837 355 3881 nec
371 3835 432 3900 ego
447 3813 612 3898 potuimus
636 3813 796 3898 recedere,
813 3819 847 3879 et
861 3833 934 3879 cras
949 3810 1047 3877 dante
1071 3809 1143 3877 Deo
1159 3832 1207 3876 re·

67 3923 247 4004 cedamus;
270 3931 492 3990 verumtamen
507 3922 543 3987 in
567 3927 637 3989 toto
663 3942 728 3988 non
753 3921 848 3988 amisi
873 3926 1010 4004 tempus,
1040 3939 1116 3983 nam
1141 3917 1204 3983 emi

68 4055 177 4099 unum
195 4051 323 4114 equum,
348 4032 449 4099 alium
474 4032 595 4098 habere
620 4052 683 4097 non
708 4051 850 4112 possum,
867 4028 925 4111 qui
942 4029 985 4093 sit
1000 4047 1060 4110 pro
1076 4025 1205 4110 itinere,

65 4163 134 4210 nec
150 4165 172 4209 a
187 4141 217 4208 L
234 4143 362 4210 ducatis
388 4149 421 4209 et
445 4143 520 4210 inde
537 4163 656 4227 supra;
672 4147 722 4208 set
738 4161 833 4224 spero
849 4139 994 4205 invenire
1010 4135 1205 4216 Modrussie,

64 4257 103 4318 et
123 4273 200 4317 cum
215 4249 370 4335 habuero,
396 4251 566 4318 solicitabo
591 4250 655 4316 iter
680 4269 787 4314 meum
801 4269 862 4333 pro
877 4268 982 4330 posse,
998 4251 1032 4311 et
1048 4241 1205 4329 quicquid

63 4361 222 4428 habuero
238 4368 270 4429 et
286 4362 400 4442 fecero,
417 4360 542 4427 solicite
553 4357 707 4425 Dominio
724 4355 847 4426 Vestro
863 4355 981 4422 facium
997 4353 1067 4421 fore
1082 4358 1205 4418 notum.

61 4473 181 4540 Lator
205 4477 315 4536 autem
338 4472 541 4555 presencium
565 4468 686 4534 habere
710 4466 808 4532 debet
843 4464 981 4530 ducatos
1015 4464 1096 4528 duos
1131 4482 1203 4525 cum

59 4581 221 4660 dimidio,
248 4580 288 4645 de
313 4580 431 4664 quibus
448 4579 518 4660 ,sibi
544 4576 619 4644 dedi
644 4575 798 4642 ducatum
818 4593 927 4653 unum,
952 4570 1116 4636 residuum
1134 4567 1204 4651 dig·

1034 4673 1095 4742 35*
