3108 5246
557 333 652 398 1349.
823 369 826 376 ·
1110 337 1172 401 339

3 599 5 604 Ι
64 529 136 574 anno
149 509 325 594 predictum
351 511 505 579 Castrum
521 512 566 579 ad
591 513 746 578 honorem
763 517 796 577 et
810 512 1000 580 fidelitatem
1016 522 1171 597 nostram,

3 641 4 646 ¹
62 617 227 685 Maiestatis
251 619 374 688 Nostre
398 641 457 705 pro
472 619 700 706 possibilitatis
711 642 767 687 sne
781 621 905 688 viribus
915 623 1096 704 custodire;
1113 624 1171 689 im-

3 815 4 818 *
62 726 156 810 pulsus
179 733 286 794 manen
312 727 572 795 exortationibus
597 728 771 795 Franciaci
793 727 911 796 Moleti
927 733 1104 815 compatris
1120 741 1171 798 sui

3 891 5 928 ἑ
59 835 254 920 procurantis,
285 857 359 903 cum
389 857 453 902 non
483 843 594 920 posset
624 835 723 902 aliter
753 839 984 922 quoquomodo
1010 840 1171 922 resistere,

3 1009 5 1026 p
59 939 192 1008 (lustrum
207 943 312 1028 ipsum
326 943 477 1029 predicto
494 944 672 1011 Francisco
689 942 749 1010 snb
766 965 822 1030 spe
849 945 912 1012 sibi
937 945 1169 1030 policitetionis

3 1047 5 1130 Ϊὲ
58 1049 192 1116 exhibere
201 1057 235 1118 et
240 1052 316 1136 jure
322 1051 466 1137 jurando
477 1052 519 1120 de
527 1051 687 1120 saluando
698 1051 912 1120 Grrillelmum
920 1055 1027 1138 ipsum
1035 1075 1171 1120 re—-··

3 1211 4 1224 r
61 1195 97 1206 -
110 1197 150 1208 -
164 1197 206 1206 —
221 1197 266 1208 -
282 1181 343 1227 sna
357 1163 491 1247 ponitur
507 1163 702 1248 resignasse.
717 1160 800 1228 Post
815 1161 904 1228 ornus
922 1162 1054 1247 quidem
1070 1165 1171 1248 resig-

3 1267 11 1346 i
57 1267 181 1336 nationis
210 1270 339 1355 quesite
368 1275 549 1337 tractatum
580 1268 777 1338 Guillelmus
807 1271 876 1356 ipse
901 1270 942 1337 de
966 1274 1171 1341 ordinatione

3 1383 5 1418 ³
56 1377 176 1458 predicti
204 1379 378 1446 Francisoi
417 1386 533 1464 captus
565 1379 684 1464 extitit,
715 1385 749 1446 et
778 1379 813 1445 in
839 1380 986 1465 ejusdcm
1012 1381 1169 1466 Stephani

56 1485 187 1553 nauibus
202 1489 403 1574 resignatus.
414 1486 515 1553 (luins
525 1489 573 1554 rei
583 1509 684 1555 causa
694 1485 891 1555 Guillelmus
901 1488 988 1555 idem
998 1492 1063 1555 irre
1073 1523 1117 1537 -
1127 1527 1171 1537 -

3 1613 8 1732 p
55 1592 109 1658 itus
134 1595 329 1676 carceribus,
360 1601 394 1661 et
424 1594 488 1661 buc
512 1601 546 1660 ct
568 1594 647 1661 illuc
671 1615 730 1679 per
755 1601 862 1662 terras
879 1601 912 1663 et
928 1594 1001 1663 loca
1018 1595 1171 1664 Calabris

3 1735 6 1790 p
55 1705 216 1773 miserabili
225 1706 418 1791 captivitate
428 1705 609 1788 badnctns,
620 1705 727 1789 spatio
737 1706 896 1772 meusium
907 1707 1172 1792 qninque‚preter

3 1801 6 1906 l
56 1817 204 1881 tormenta
218 1835 360 1900 persom
377 1815 477 1894 vana,
487 1835 551 1898 quo
566 1814 695 1895 subivit
721 1813 901 1880 carceralia
915 1815 1004 1881 tedia
1020 1837 1084 1882 non
1100 1817 1170 1882 sine

54 1921 220 1990 imminenti
235 1923 300 1990 sibi
317 1943 454 2007 persone
470 1923 617 2006 periculo
633 1929 667 1990 et
682 1922 894 2006 perdictionis
909 1920 993 2010 (igy)
1002 1923 1172 1990 facultatis

3 2033 5 2116 ξ
53 2033 167 2116 proprie
198 2054 256 2100 scu
286 2033 447 2098 bonorum
482 2051 623 2114 sucrum,
649 2030 936 2098 conscendentium
952 2032 1097 2099 valorem
1115 2055 1172 2099 scu

52 2155 195 2208 muniam
209 2141 379 2208 meierum
396 2141 469 2206 auri
495 2139 737 2222 quinquaginta
761 2145 796 2205 et
819 2140 905 2207 vltra
929 2144 1116 2225 angustiosa
1132 2163 1171 2208 ac

3 2233 5 2298 ἕ
52 2248 272 2316 miserabiliter
288 2250 421 2334 ponitur
436 2253 652 2332 supportassa
668 2245 788 2332 Sisque
797 2247 995 2314 Guillelmns
1012 2249 1098 2316 idem
1116 2271 1171 2316 no·

3 2349 5 2440 ξ
51 2356 97 2422 bis
107 2358 302 2443 supplicarit
316 2358 492 2440 humiliter,
509 2362 543 2421 vt
557 2357 690 2423 restitui
706 2377 779 2423 enm
795 2357 839 2424 ad
847 2357 1034 2424 huiusmodi
1045 2355 1172 2424 (lastel-

3 2441 9 2554 i
53 2463 128 2531 lanio
144 2466 290 2534 officinm
308 2503 351 2512 -·-
361 2503 404 2514 -
415 2501 460 2512 -
475 2462 640 2548 provideri
656 2464 719 2531 sibi
735 2465 777 2532 de
792 2467 1002 2532 restitutione
1028 2487 1171 2549 congrua

2 2560 8 2695 ,
53 2593 147 2639 rernm
162 2575 312 2660 ipsarum
337 2574 403 2641 sire
425 2570 584 2638 bonorum
600 2572 739 2638 caritate
755 2571 917 2640 dominica
933 2573 1171 2639 mandaremus.

50 2679 126 2766 Quia
140 2705 219 2767 ergo
241 2683 284 2749 de
310 2682 450 2765 serritijs
466 2680 681 2765 supplicantis
698 2680 841 2746 ciusdem
857 2680 1056 2766 fidedignam
1072 2681 1171 2746 infor-

3 2789 9 2880 ζ
50 2791 214 2858 medonem
232 2789 400 2889 babemus.
411 2823 1166 2839 -------------

3 2909 4 2956 z
49 2895 128 2966 Data
143 2899 291 2985 Neapoli
316 2919 402 2964 anno
427 2897 561 2964 Domini
576 2897 750 2962 millesimo
760 2894 1048 2965 OOOXLVIIH.
1059 2897 1112 2963 die
1123 2895 1168 2961 X.

3 2979 5 3012 r
49 3004 153 3092 Martij
179 3008 230 3074 II.
256 3005 459 3094 indictionis,
490 3005 680 3089 Regnorum
697 3006 801 3071 nostri
831 3003 934 3089 Regis
951 3025 1037 3070 anno
1053 3008 1169 3090 primo,

3 3151 5 3240 p
48 3119 140 3182 nostri
164 3137 244 3184 vero
259 3115 388 3200 Regino
404 3135 490 3182 anno
502 3115 649 3198 septimo.

3 3335 4 3340 Ἰ
144 3264 180 3327 (Α
194 3261 345 3327 ›Registro
369 3261 514 3327 Auginum
528 3261 564 3312 A.
587 3264 647 3312 356.
662 3275 699 3313 rz.
712 3275 736 3312 a.
750 3260 819 3326 ch.
833 3259 968 3310 Ludovici
981 3263 1009 3310 et
1022 3259 1040 3309 J
1042 3261 1169 3311 channae

47 3348 217 3404 brentenol
229 3355 273 3408 84,
286 3351 352 3413 lev.)

527 3494 687 3504 —-.-.---

572 3661 645 3724 282.

3 3791 5 3804 Ι
48 3819 169 3910 Ocpooc'
194 3822 314 3889 Robore
338 3819 520 3887 Altooiliac'
542 3817 633 3906 prof,
659 3819 857 3886 aJoaaooa
872 3816 1001 3883 sicilici
1016 3815 1172 3903 tircique

334 3930 466 3995 divincit
475 3929 762 4016 jedolmoetotdca.
780 3930 876 3994 1349.

3 4151 5 4158 .
143 4091 335 4159 Ludouicus
352 4096 384 4156 et
398 4091 423 4157 J
425 4089 558 4157 ohanna
574 4095 635 4154 cto.
650 4088 812 4154 uniuersis
828 4092 888 4152 etc.
904 4081 992 4170 Quia
1011 4082 1169 4150 beneficia

3 4209 5 4216 ’
46 4195 229 4285 Principum
246 4201 343 4266 decet
356 4219 425 4266 esse
441 4219 614 4279 mensura3
636 4198 809 4263 siccorum
825 4193 990 4261 concessio
1000 4192 1172 4260 ualidiori-

3 4359 5 4380 2
47 4307 101 4374 bns
115 4316 166 4375 est
180 4308 369 4376 roboranda
383 4307 561 4388 fauoribus,
577 4311 613 4372 vt
627 4303 713 4389 quod
730 4305 874 4387 gratiose
895 4323 1080 4369 concessum
1096 4323 1173 4369 nos:

3 4417 16 4450 ”
48 4417 133 4504 citur,
149 4420 184 4484 in
198 4418 335 4484 maioris
351 4418 477 4483 cantele
494 4415 687 4500 suffragium
704 4415 813 4498 aptius
828 4414 1040 4496 imposterum
1056 4412 1170 4478 fulcio-

3 4597 4 4600 ¹
47 4529 105 4590 tur.
121 4524 206 4593 Sane
221 4528 299 4594 dum
315 4527 349 4590 in
366 4547 451 4592 enno
466 4526 570 4610 prime
596 4522 785 4590 indictionis
801 4543 903 4605 nuper
920 4522 1030 4604 elapsa
1047 4521 1079 4584 in
1087 4529 1170 4604 'par-

1002 4625 1063 4694 22*
