3254 5260
595 345 689 408 1343.
1162 347 1203 406 33

189 523 256 604 Ego
273 518 381 586 Guido
398 519 566 601 Oiuranus,
583 519 749 606 Imperiali
775 485 971 588 auctoritate
996 521 1155 588 Notarius
1171 524 1204 585 et

98 629 229 695 Ducatus
256 627 472 698 veneciarum
504 626 629 708 Scriba,
660 628 816 712 predictis
847 627 996 694 omnibus
1012 627 1155 711 intertui,
1171 634 1204 692 et

96 738 341 820 rogatnsscripsi.

187 899 220 956 (A
235 900 333 964 »Copia
345 899 380 949 de
394 899 632 950 commemorati«
647 901 737 950 czimtt
750 900 889 950 velenczei
913 897 1147 962 illamkdnyvbttl
1166 897 1205 946 IV

96 988 143 1037 tot.
158 991 178 1037 1.
188 1001 209 1037 r.
222 990 279 1037 208.
292 990 336 1042 Bk.
350 989 392 1048 ll.)

553 1160 713 1172 Ι--.-.----

609 1401 661 1460 29.

19 1583 21 1620 ῑ
93 1557 270 1622 Ardeoczei
293 1560 639 1644 Icormdnytaon‘csonk
665 1558 846 1622 dalmatiai
868 1559 1006 1643 ityyelcre
1030 1558 1202 1622 oonattozd

460 1667 676 1730 katdrozntai.
710 1668 805 1732 1343.

167 1823 261 1890 Anno
275 1824 411 1890 Domini
427 1823 689 1890 MOCCXLIII.
700 1825 753 1890 die
764 1823 846 1890 XX.
864 1823 1030 1891 Oetubris.
1048 1826 1074 1888 c
1085 1848 1104 1890 a
1115 1837 1198 1910 pta.

19 1939 23 1958 ”
93 1927 173 2012 Quod
187 1934 345 1999 scribatur
361 1933 591 1999 Provisoribus
607 1933 728 1998 nostris
745 1931 918 1998 Solanonie
935 1932 978 1998 ad
995 1933 1124 1998 litteras
1141 1956 1198 2018 per

19 2033 20 2100 Ϊ
91 2059 136 2102 eos
149 2039 236 2105 nobis
254 2041 443 2120 destinatas,
460 2041 753 2106 recommendaudo
770 2042 913 2123 iqsorum
923 2049 1108 2125 promptam
1125 2043 1199 2107 soli·

19 2179 21 2202 ;
92 2145 257 2230 citudinem,
287 2170 385 2231 quam
417 2147 602 2213 habuerunt
634 2155 666 2212 et
697 2147 819 2212 habent
852 2149 938 2212 eirca
955 2149 1197 2232 expedicionem

19 2237 20 2248 ἵ
90 2256 267 2319 executionis
283 2264 507 2322 contentorum
524 2255 557 2319 in
574 2276 662 2338 pace,
678 2254 767 2318 etde
783 2255 887 2336 modo,
903 2277 998 2338 quem
1024 2262 1198 2320 tenuerunt

92 2359 162 2422 circa
173 2364 402 2427 correctionem
417 2361 546 2427 illorum
562 2360 660 2426 trium
678 2369 870 2444 punctorum
883 2365 972 2444 pacis
988 2385 1059 2427 cum
1070 2363 1198 2428 Comite

90 2464 219 2550 Nelipcio
236 2471 267 2532 in
284 2469 476 2553 ruynatione
492 2470 601 2550 castri,
617 2475 649 2532 et
665 2469 750 2552 quod
767 2476 952 2534 remaneret
963 2469 1127 2551 obligatus
1138 2493 1197 2554 pro

91 2594 137 2638 suo
150 2583 268 2659 nepote,
283 2584 316 2642 et
331 2577 419 2661 quod
436 2577 619 2660 depositum
646 2582 732 2641 esset
758 2578 855 2642 etiam
872 2600 932 2662 pro
950 2579 1098 2644 omnibus
1115 2579 1197 2644 obli-

90 2682 220 2766 gativum,
237 2707 297 2769 qne
315 2685 448 2768 quidem
479 2685 628 2751 obtinere
660 2707 724 2750 noo
750 2686 928 2751 voluerunt.
959 2687 1005 2752 Et
1020 2687 1098 2752 licet
1114 2688 1196 2753 aiios

89 2808 170 2870 super
197 2791 353 2875 predictis
383 2798 512 2877 captum
543 2792 639 2876 foret,
670 2793 754 2875 quod
772 2795 800 2857 si
816 2793 894 2858 dicti
914 2794 1106 2858 Provisores
1131 2816 1195 2860 non

87 2907 198 2975 possent
214 2900 360 2966 obtinere
375 2903 605 2967 correctionem
621 2899 812 2984 predictam,
829 2900 916 2983 quod
933 2923 996 2966 oon
1007 2911 1195 2968 remaneant

87 3000 119 3066 de
133 3008 311 3091 complendo
328 3009 433 3092 ipsam
449 3030 570 3092 pacem,
587 3010 643 3092 qui
659 3009 851 3074 Provisores
862 3009 1038 3074 secundum
1050 3016 1194 3077 nostrum

87 3113 253 3180 mandatum
268 3117 314 3181 sic
331 3115 498 3196 feceruut,
514 3121 658 3183 attamen
675 3117 751 3200 quia
769 3113 962 3181 habundans
980 3116 1120 3182 cautella
1131 3139 1193 3182 non

25 3241 27 3304 t
89 3228 174 3300 nocet,
189 3226 409 3290 committatur
426 3223 522 3290 dictis
538 3223 777 3305 ProiisoribnS,
811 3226 897 3310 qnod
915 3225 1001 3290 circa
1016 3225 1196 3308 expeditio.

88 3345 145 3390 nem
172 3333 372 3414 ruynationis
397 3333 499 3397 castri
530 3339 561 3397 et
594 3333 816 3398 executionem
842 3333 979 3416 plenarie
1006 3355 1043 3399 ac
1061 3333 1194 3400 emende

87 3428 252 3503 demnomm
268 3440 413 3506 debeant
428 3461 613 3523 procurare,
638 3441 770 3506 studere
786 3448 817 3506 et
835 3441 1009 3522 solicitam,
1024 3443 1107 3506 sicut
1134 3465 1194 3526 pro

88 3537 189 3610 honore
218 3555 328 3613 nostro
360 3547 501 3612 viderint
531 3550 710 3632 convenire,
742 3556 774 3614 et
806 3549 846 3614 do
861 3549 1003 3632 ipsorum
1035 3549 1194 3615 fidelitate

88 3647 238 3727 plurimum
252 3655 444 3722 confidimus
461 3661 494 3721 et
510 3679 688 3740 speramus.
981 3649 987 3660 ’

175 3759 257 3847 Cap
269 3771 282 3829 t
294 3787 331 3829 a:
357 3762 511 3830 Ceterum
530 3767 608 3847 quia
634 3767 744 3846 scitur,
775 3765 863 3848 qnod
879 3765 940 3829 iste
957 3765 1092 3830 uniones
1108 3765 1193 3830 tacte

88 3883 144 3930 tum
158 3867 283 3954 Selavis,
301 3879 334 3937 et
350 3893 413 3954 que
429 3873 554 3956 fierent,
569 3881 645 3938 sunt
661 3875 772 3958 pocius
789 3874 946 3938 damnoso
962 3875 1057 3938 terris
1073 3875 1194 3938 nostris

89 3968 236 4042 Sclauonie
252 4001 351 4062 quam
368 3980 547 4062 sructuoxe,
565 3987 597 4046 et
613 4003 698 4046 nunc
714 4003 778 4065 pax
794 3982 836 4045 sit
853 3980 1022 4046 firmataet
1034 3979 1194 4062 completa

89 4097 146 4145 cum
161 4080 282 4152 Comite
298 4085 448 4169 Neliptio
464 4094 498 4152 et
514 4109 586 4152 eum
601 4095 713 4153 nostro
729 4087 850 4153 honoro
860 4095 891 4152 ot
907 4090 992 4153 bono
1010 4094 1193 4152 nostrorum

88 4183 208 4256 fidelium
225 4191 407 4276 Sciauonie,
424 4217 487 4278 que
504 4197 751 4280 prosperabitur
771 4196 810 4261 de.
826 4197 910 4261 bono
926 4197 960 4260 in
986 4196 1109 4276 melius,
1126 4195 1193 4262 Do-

89 4294 157 4360 mino
173 4302 370 4386 concedente,
387 4303 454 4368 sine
471 4305 582 4389 aliqua
598 4307 733 4372 uniono:
751 4305 838 4370 vadit
855 4327 944 4388 pars,
969 4305 1058 4386 quod
1074 4304 1195 4372 scriba·

88 4408 130 4466 tur
157 4407 377 4477 provisoribus
407 4413 569 4496 predictis,
600 4416 686 4497 qirod
722 4414 866 4498 expediti
892 4414 1096 4496 (desuperius
1129 4411 1192 4477 sibi

90 4517 253 4598 commissis,
269 4519 392 4584 vadant
408 4543 466 4603 per
493 4529 621 4587 nostras
638 4529 745 4586 terras
776 4519 958 4601 Sclauooie,
975 4519 1098 4585 scilicet
1115 4517 1194 4587 Tra·

124 4648 212 4689 toruu-
229 4655 309 4692 ποκα.
324 4656 391 4694 mss.
408 4665 451 4677 -
468 4659 534 4695 ucri
551 4659 609 4697 rins.
627 4659 655 4693 u.
1066 4635 1085 4694 3
