3220 5248
417 343 481 406 522
779 357 1012 404 nrruonuczmr
1028 348 1195 406 amsans.

412 519 586 604 Hungarie
618 518 866 602 requisiueruut,
891 519 980 603 quod
1008 519 1157 586 dominus
1184 519 1284 588 Oanis
1310 519 1351 586 de
1377 520 1412 588 la
1448 520 1535 588 scau
1592 507 1593 510 ¹

414 627 602 694 includatur
628 629 662 692 in
688 648 769 711 pace
794 626 892 708 iacta,
921 627 1133 694 ostendentes
1160 649 1258 713 super
1292 629 1353 695 hoc
1387 631 1537 712 recepisse

415 736 605 802 mandatum
621 757 808 819 expressum
823 758 844 801 a
860 734 990 802 domino
1007 733 1110 820 Rege,
1133 735 1221 820 quod
1248 736 1440 802 mandatum
1463 738 1538 803 venit

414 843 501 912 iufra
525 846 700 910 terminum
726 845 842 928 uiginti
868 844 1008 910 duorum
1034 843 1168 922 dierum,
1191 841 1279 911 inira
1314 865 1395 929 quos
1431 844 1536 928 exequi
1592 891 1593 894 κ

416 945 535 1018 debent
559 953 722 1036 promissa
746 951 782 1017 in
797 972 894 1034 paoe;
910 957 943 1018 et
958 953 1028 1036 ipse
1043 950 1193 1018 dominus
1221 949 1332 1036 Oanis,
1355 952 1436 1019 licet
1461 953 1539 1018 dieat

415 1059 527 1144 aliqua
552 1059 652 1128 verba
678 1062 719 1126 de
736 1067 839 1144 extra,
861 1057 975 1125 nolens
1000 1067 1111 1126 tomen
1137 1061 1362 1128 contradicere
1388 1062 1539 1128 voluntati

415 1167 539 1234 domini
563 1167 674 1252 Regis,
700 1168 843 1236 finaliter
859 1174 1077 1252 contentetur,
1094 1176 1127 1235 et
1143 1169 1222 1236 velit
1248 1168 1373 1235 includi
1398 1169 1434 1234 in
1459 1169 1539 1236 diota

355 1289 360 1294 “
414 1298 514 1359 pace:
539 1277 631 1343 vadit
654 1299 741 1362 pars,
768 1277 858 1360 quod
880 1278 1121 1362 complaceatur
1147 1278 1353 1363 requisitioni
1383 1277 1536 1343 dictorum

414 1381 698 1467 Ambaxiatorum,
714 1385 838 1452 scilieet
852 1385 939 1469 quod
957 1385 1064 1452 dictus
1082 1383 1232 1452 dominus
1242 1383 1342 1452 Oanis
1353 1385 1533 1452 includatur

413 1515 479 1559 una
495 1514 568 1559 oum
585 1493 659 1560 aliis
674 1495 708 1557 in
724 1512 813 1576 pace,
830 1493 914 1558 siout
931 1498 1055 1578 petunt.

520 1636 556 1699 (Δ
570 1637 678 1688 ›Misti‹
693 1637 781 1688 ozimtt
794 1638 934 1688 velenczei
947 1631 1303 1702 tilamkonysbtthXVIL
1329 1639 1387 1689 not
1414 1643 1456 1690 ⁷0.
1479 1641 1533 1701 lev.)

413 1814 1408 1904 L)A1bersgorzisstirolisigrsfkovstei
1433 1818 1539 1883 titul

502 1925 574 1989 alt
596 1924 685 1989 veti
709 1931 856 2006 magtt
880 1945 984 1991 esen
1007 1923 1325 2008 bekessegnelu
1359 1925 1456 1990 1358.

521 2048 675 2117 Glorioso
685 2050 832 2134 Principi
842 2051 973 2117 domino
983 2052 1008 2120 J
1010 2052 1130 2118 ohanni
1140 2052 1306 2137 Delphino
1317 2053 1539 2120 ExcelsoDuri

413 2154 632 2224 Veueciarum
649 2156 811 2224 Albertus
827 2155 957 2225 Goritie
973 2167 1007 2225 et
1023 2157 1146 2224 Tirolis
1163 2157 1279 2226 Comes
1295 2160 1485 2226 salutemet
1504 2161 1539 2226 ad

415 2268 527 2353 quevis
542 2265 750 2350 beneplacita
766 2287 800 2332 se
817 2273 980 2351 paratum.
1007 2265 1269 2335 Ambaxatorum
1295 2267 1419 2334 domini
1443 2267 1538 2334 nostri

414 2376 516 2460 Regis
546 2374 728 2458 Hungarie,
758 2374 912 2442 videlicet
946 2375 1069 2441 domini
1112 2373 1273 2460 Stephani
1312 2374 1539 2459 Zagrsbiensis

413 2483 572 2569 Episcopi
588 2489 621 2548 et
637 2482 758 2549 domini
774 2480 914 2549 Comitis
930 2481 1062 2549 Nicolai
1082 2482 1231 2549 litterras
1255 2485 1446 2567 recepimus,
1474 2505 1538 2550 oon-

414 2593 564 2673 tinentes,
591 2592 679 2675 quod
705 2591 846 2659 Nuntios
872 2595 1004 2658 nostros
1030 2590 1073 2657 ad
1100 2591 1349 2677 approbandum
1375 2613 1491 2676 pacem
1512 2598 1539 2657 et

414 2700 621 2768 concordiam
646 2699 879 2766 interdictum
905 2699 1071 2765 dominum
1096 2705 1242 2765 nostrum
1269 2700 1398 2784 Regem
1424 2705 1459 2765 et
1492 2721 1540 2766 uos

412 2809 534 2875 factam
559 2809 691 2873 mittere
716 2808 901 2874 debeamus.
929 2807 1026 2873 Unde
1058 2807 1256 2874 Celsitudini
1282 2806 1405 2876 Vestre
1434 2807 1539 2874 fideles
1591 2885 1592 2894 ἶ

413 2923 542 2983 nostros
561 2914 766 2984 Valchonum
782 2914 821 2982 de
838 2915 956 2982 Museh
985 2921 1018 2982 et
1042 2913 1257 2982 Pertholdum
1283 2916 1323 2980 de
1349 2913 1537 3001 Antignaua

412 3024 614 3091 exhibitores
649 3025 848 3108 presentium
881 3024 1061 3109 dirigimus,
1096 3025 1152 3108 qui
1184 3023 1255 3091 loeo
1291 3025 1396 3090 nostri
1430 3044 1539 3109 paoem

411 3133 593 3216 approbent
619 3133 835 3213 antedictam3
851 3139 1014 3216 rogantes,
1031 3139 1190 3216 quatenus
1205 3133 1313 3198 verbis
1339 3134 1484 3217 ipsorum
1507 3151 1540 3196 ex
1592 3197 1593 3200 ,

410 3247 508 3323 parte
533 3247 646 3306 nostra
671 3241 853 3326 propositis
869 3240 1048 3324 dignemini
1063 3240 1161 3306 fidem
1187 3240 1356 3306 credulam
1381 3239 1539 3308 adhibere.

413 3348 537 3414 Datum
555 3347 659 3414 Pisini
675 3348 802 3415 decima
819 3354 936 3415 octava
952 3348 1004 3415 die
1021 3349 1141 3414 mensis
1158 3347 1283 3414 Martii.

522 3495 558 3557 (A
575 3495 677 3558 »Copia
691 3496 725 3546 de
740 3495 977 3546 Commemorialir
993 3498 1082 3547 czimtt
1103 3495 1242 3547 velenczei
1263 3475 1498 3562 allamkcnyvbct
1518 3495 1540 3545 V

413 3587 470 3637 tot.
485 3590 546 3636 424.
560 3587 624 3648 lev.)

900 3728 1059 3736 ------

412 4056 443 4118 I.
463 4057 561 4140 Lujos
586 4078 726 4141 maqyor
750 4055 863 4138 kircilp
889 4053 1010 4118 e'rteaiti
1036 4077 1058 4116 a
1083 4050 1231 4124 doreraezi
1255 4052 1538 4139 kdztdruosdyotc
1591 4033 1593 4137 j

413 4167 499 4231 ko'zte
525 4167 558 4229 de
574 4189 595 4230 a
612 4165 765 4230 velenczei
781 4165 990 4250 ktietdrsasdg
1006 4163 1077 4227 ko'zt
1096 4163 1194 4228 tocco
1219 4161 1424 4249 bc'kesse'prb'l.
1452 4163 1539 4228 1358.
1592 4183 1593 4236 f

521 4323 695 4391 Nobilibus
722 4331 755 4389 et
779 4323 981 4408 sapientibus
1013 4322 1091 4389 viris
1126 4321 1297 4388 Prioribus
1331 4317 1479 4402 Artium,
1511 4326 1538 4387 et
1591 4281 1593 4308 ς

295 4471 301 4482 ·
413 4431 606 4498 Vexillisero
623 4435 648 4500 J
650 4433 770 4514 ustitia,
786 4431 912 4517 Populo
932 4439 965 4498 et
981 4431 1152 4500 Communi
1168 4430 1340 4512 Florentii,
1358 4432 1473 4497 amieis
1489 4451 1537 4496 no

414 4542 492 4638 stris
507 4541 697 4608 karissimis.
