3108 5246
741 350 976 401 onaousomar
990 331 1159 398 sustuna.

919 643 992 712 290.

407 805 436 875 Α
454 805 602 872 aeleaczei
628 803 909 889 wadraoadgaak
924 801 954 866 1.
973 803 1072 889 Lcjoa
1089 828 1230 892 nacupyor
1257 804 1375 891 bircily.
1392 803 1480 868 1349.

492 965 676 1033 Ludovicus
700 959 765 1028 Dei
791 962 904 1047 gracia
934 961 1117 1048 Hungarie‚
1143 965 1332 1031 Jerusalem
1355 969 1386 1028 et
1400 960 1500 1028 Sicilia

384 1078 467 1144 Rex.
484 1071 696 1144 celsitudinis
713 1069 833 1138 Vestre
849 1071 968 1138 litteris
984 1073 1161 1139 honorifice
1172 1079 1205 1139 et
1215 1073 1357 1157 benigue
1367 1072 1501 1154 receptis,

385 1191 417 1251 et
433 1181 468 1249 in
483 1182 606 1248 eisdem
622 1179 782 1246 contentis
798 1179 841 1244 ad
857 1179 990 1264 plenum
1007 1180 1191 1263 intellectis,
1207 1182 1293 1247 inter
1310 1187 1410 1248 cetera
1426 1199 1501 1244 com·

384 1290 528 1376 parimus
546 1289 581 1353 in
597 1288 681 1353 serie
699 1285 879 1353 earundem
894 1286 1009 1352 haberi
1027 1285 1206 1371 manifeste,
1223 1287 1312 1372 quod
1333 1287 1412 1354 alias
1424 1287 1502 1351 litte·

387 1419 442 1464 ras
460 1401 589 1463 nostras
606 1393 773 1462 Serenitas
798 1393 923 1462 Vestra
947 1398 1133 1480 recepisset,
1149 1398 1360 1479 continentes,
1376 1401 1410 1462 ut
1422 1401 1502 1460 treu-

388 1525 453 1591 gua
469 1524 627 1571 annorum
653 1509 725 1569 octo
742 1502 783 1569 ob
800 1503 862 1569 hoo
887 1502 975 1569 inter
990 1505 1060 1571 Nos
1077 1510 1111 1570 et
1125 1501 1284 1574 Vestram
1301 1503 1501 1572 serenitatem

389 1612 542 1680 ordinata
558 1609 719 1676 extitisset
735 1617 769 1676 et
784 1610 923 1692 firmata,
938 1617 975 1676 ut
999 1613 1033 1676 in
1049 1613 1119 1695 ipso
1144 1617 1292 1697 tempore
1308 1613 1407 1696 ipsius
1426 1617 1501 1677 treu·

386 1741 449 1807 gae
464 1741 530 1806 pax
546 1727 705 1805 perpetua
720 1727 828 1804 posset
844 1718 971 1786 firmari
987 1727 1020 1785 et
1035 1721 1180 1787 ordinari
1196 1721 1271 1787 hinc
1289 1723 1413 1802 inde,et
1426 1719 1501 1805 quod

389 1851 450 1915 pro
475 1835 553 1894 tunc
579 1829 716 1895 instanti
741 1834 888 1913 tempore
914 1829 957 1895 ad
982 1831 1183 1913 presentiam
1208 1837 1354 1897 nostram
1382 1829 1503 1898 Vestras

391 1936 635 2006 Ambaxatores
659 1941 789 2005 mittere
814 1940 961 2024 possetis,
987 1947 1018 2004 et
1035 1941 1133 2006 etiam
1148 1962 1208 2008 nos
1225 1941 1269 2007 ad
1284 1939 1434 2009 Vestram
1447 1940 1502 2005 ax-

392 2047 578 2113 cellentlam
593 2067 758 2132 possemus
775 2048 947 2113 destinare.
958 2048 1004 2114 m
1020 2050 1081 2114 nisi
1091 2048 1253 2135 epidemia
1269 2071 1327 2116 seu
1336 2050 1502 2116 mortalitas

393 2155 538 2238 gentium
554 2151 675 2222 Divina
691 2157 908 2240 castigatione
924 2156 1063 2223 feriente
1079 2157 1113 2222 in
1129 2158 1279 2243 partibus
1295 2157 1401 2243 Regni
1415 2155 1502 2223 nostri

393 2260 566 2346 Hungaria
583 2263 746 2348 viguisset,
764 2284 829 2346 qua
845 2263 972 2331 ratione
988 2267 1073 2331 cives
1089 2267 1191 2332 vestri
1211 2267 1395 2332 timuissent
1410 2265 1503 2331 venire

389 2372 432 2437 ad
447 2371 529 2437 istas
544 2377 666 2456 partes,
690 2371 873 2456 solempnes
885 2370 1126 2442 Ambaxatores
1137 2373 1275 2442 Vestras
1285 2376 1328 2442 ad
1343 2397 1400 2442 nos
1414 2373 1501 2440 misis-

386 2479 484 2560 setis3
508 2477 564 2544 sed
596 2480 772 2562 quamcito
787 2486 940 2563 cessaret,
956 2502 1010 2548 eos
1029 2481 1071 2546 ad
1100 2482 1336 2549 Excellentiam
1361 2482 1500 2548 Nostram

389 2586 555 2652 occasione
565 2585 731 2652 tractandi
742 2608 836 2653 omne
846 2586 967 2654 bonum
976 2590 1066 2672 pacis
1076 2596 1110 2656 et
1120 2591 1239 2656 amoris
1251 2613 1290 2656 ac
1299 2589 1501 2656 benevolentia

389 2699 545 2778 perpetue
556 2695 745 2762 firmitatem
756 2699 1031 2785 transmitteretis,
1042 2698 1216 2766 dummodo
1228 2700 1350 2766 Divina
1360 2698 1500 2785 patientia

390 2824 484 2868 suum
507 2803 665 2887 judicium
690 2805 873 2890 mitigasset
897 2813 931 2870 tn
956 2808 1106 2890 partibus
1131 2807 1239 2893 Regni
1255 2811 1367 2889 nostri,
1381 2813 1413 2874 et
1427 2803 1501 2890 quod
1545 2859 1547 2866 ,

389 2931 448 2993 per
463 2911 606 2976 Nostros
621 2910 750 2976 litteras
765 2913 972 2996 responsivas
987 2919 1115 3000 tempus
1132 2922 1165 2982 et
1180 2916 1296 2998 locum,
1307 2917 1340 2981 in
1356 2909 1500 3001 quoetad

391 3038 486 3099 quem
503 3013 750 3085 Ambaxatores
775 3022 876 3086 vestri
907 3020 970 3087 sint
988 3024 1159 3106 accessuri,
1185 3022 1305 3091 Vestre
1322 3024 1500 3090 declaremus

390 3122 568 3192 Serenitati
585 3133 734 3210 etcetera,
750 3134 849 3212 prout
861 3132 894 3196 in
903 3130 1058 3214 predictis
1068 3131 1187 3197 litteris
1197 3130 1327 3198 Vestris
1343 3131 1462 3217 plenius
1474 3131 1501 3194 ct

390 3231 566 3300 distinctim
578 3236 768 3302 continetur.
785 3235 838 3302 Ad
850 3258 989 3320 quarum
1013 3245 1166 3306 contenta
1183 3240 1304 3310 Vestre
1320 3237 1501 3307 Excellentie

390 3340 501 3408 taliter
518 3343 666 3409 duximus
683 3345 1050 3430 respondendum‚quod
1061 3347 1181 3413 Divina
1198 3347 1501 3432 dispositioneannu·

391 3456 464 3514 ente
481 3449 640 3536 epidemia
658 3474 714 3517 seu
734 3473 828 3520 casus
839 3455 1051 3522 mortalitatis
1072 3456 1105 3522 in
1115 3455 1231 3540 Regno
1247 3461 1360 3524 nostro
1376 3456 1501 3530 cessant.

392 3561 424 3623 et
440 3579 500 3642 pro
517 3583 601 3627 nunc
617 3561 721 3628 incole
738 3561 881 3646 ejusdcm
893 3563 1002 3648 Regni
1019 3565 1132 3646 nostri,
1149 3558 1500 3632 videlicetTransilvani

393 3665 487 3733 nobis
504 3667 668 3734 humiliter
685 3678 719 3734 et
734 3668 847 3736 devote
865 3673 1137 3755 supplicaverunt,
1153 3677 1190 3736 ut
1206 3673 1250 3738 ad
1261 3695 1316 3740 cos
1333 3694 1426 3740 causa
1440 3670 1500 3734 visi·

390 3777 523 3842 tationis
540 3777 693 3843 accedere
705 3779 922 3863 dignaremur.
933 3777 1061 3864 Quibus
1070 3782 1213 3864 ipsorum
1224 3804 1339 3866 preces
1347 3789 1413 3847 tum
1422 3799 1501 3865 prop·

392 3892 444 3952 ter
460 3884 679 3952 visitationem
696 3885 836 3971 predicti
852 3885 960 3970 Regni
977 3889 1090 3973 nostri,
1106 3891 1137 3953 in
1154 3910 1218 3971 quo
1234 3911 1255 3954 a
1270 3890 1414 3973 pluribus
1428 3893 1500 3952 retro

393 3994 477 4060 actis
503 3993 701 4078 temporibus
727 4016 792 4061 uon
818 3995 992 4080 extitimus,
1017 4001 1087 4062 tum
1103 3997 1202 4062 ctiam
1224 3996 1415 4080 quibusdam
1442 3993 1502 4060 aliis

391 4100 643 4169 rationabilibus
660 4102 766 4168 causis
795 4102 1086 4170 intervenientibus
1103 4105 1135 4169 in
1152 4103 1213 4170 hac
1229 4110 1324 4190 parte
1340 4126 1402 4170 non
1416 4102 1502 4189 potui·

393 4231 464 4276 urus
482 4209 653 4295 denegare,
682 4212 762 4275 etin
779 4210 843 4276 hiis
857 4212 925 4296 jam
942 4212 1033 4279 aliud
1050 4211 1157 4279 facere
1173 4214 1345 4298 nequimus
1361 4236 1399 4279 ex
1415 4211 1501 4278 musis

393 4318 572 4404 prelibatis.
599 4317 665 4385 Sed
684 4321 923 4403 quamprimum
949 4321 988 4386 dc
1013 4321 1084 4405 ipso
1100 4320 1217 4406 Regno
1241 4331 1361 4406 nostro,
1377 4319 1428 4387 ubi
1449 4339 1502 4383 res

392 4430 489 4510 pectu
521 4426 752 4511 premissorum
785 4426 914 4494 tardam
946 4449 1070 4494 moram
1103 4428 1210 4495 fucere
1235 4451 1300 4494 nou
1316 4429 1503 4506 intendimus,

395 4532 537 4602 Domino
563 4537 760 4626 carrccvlcntc
786 4543 1005 4622 revertemur3
1040 4539 1130 4604 vobis
1156 4559 1214 4623 per
1240 4538 1369 4606 litteras
1391 4543 1502 4604 nostras
