3220 5248
406 323 470 386 506
760 337 994 385 6666616661
1009 323 1178 382 anianus.

404 505 438 565 et
453 497 691 566 Communitate
713 498 934 580 Venetiamm,
951 497 991 562 16
1008 517 1075 578 qua
1096 495 1220 562 Divina
1245 496 1439 581 disponente
1463 492 1531 561 Cle·

404 609 527 674 mentia
542 608 584 673 ad
601 607 691 690 pacis
707 607 869 670 unitatem
892 611 926 670 et
951 604 1129 670 amicitiam
1152 604 1347 670 duraturam
1373 609 1532 689 perpetuo

403 717 586 784 devenimus
601 737 675 780 oum
685 714 815 795 eisdem,
824 714 935 798 plures
946 718 980 779 61
989 715 1101 797 plures
1111 713 1204 780 nobis
1216 713 1405 780 adheserint
1420 719 1533 778 contra

404 845 466 907 eos,
482 830 516 889 et
532 823 715 908 specialiter
725 822 936 905 infrascripti,
946 822 1114 888 videlicet:
1131 821 1344 889 Reverendus
1356 823 1391 887 in
1402 817 1534 888 Christo

402 937 497 1015 pater
513 932 661 998 dominus
678 930 836 998 Nicolaus
862 930 1096 1015 Aquilegensis
1121 930 1340 1010 Patriaroha3
1367 929 1535 1012 Magnifici
1608 939 1609 942 ’

403 1040 527 1106 1661161
541 1039 737 1106 Franciscus
753 1039 793 1103 de
810 1037 967 1104 Carraria
977 1038 1139 1102 Dominus
1155 1037 1289 1118 Padua,
1315 1035 1478 1102 Albertus
1502 1041 1536 1102 61

403 1146 607 1232 Maynardus
633 1145 778 1213 Comites
805 1144 978 1228 Gorrioie3
1003 1146 1199 1212 venerabilis
1224 1145 1326 1211 Pater
1350 1142 1537 1228 Casperius

403 1257 587 1339 Episcopus
603 1253 809 1336 Cenetensis3
825 1260 858 1319 et
872 1254 1001 1332 nobiles
1018 1255 1081 1319 viri
1100 1251 1280 1320 Biachinus
1304 1254 1346 1319 16
1371 1251 1537 1333 Poroiliis,

403 1363 598 1430 Franciscus
615 1362 702 1429 della
727 1363 839 1442 Parte,
866 1362 991 1427 nobiles
1020 1361 1060 1427 dc
1086 1361 1224 1443 Vonico,
1251 1358 1472 1427 Gueaellonus
1497 1360 1537 1426 de

402 1467 556 1552 Camin03
573 1475 605 1535 et
620 1469 792 1552 Magnifici
808 1471 870 1536 viri
886 1468 1031 1535 Comites
1046 1468 1087 1534 16
1103 1465 1266 1549 Collalto;
1281 1468 1361 1534 item
1373 1464 1537 1536 Civitates

404 1577 599 1662 Imperiales
617 1578 747 1644 domino
763 1577 958 1643 Patriarehc
974 1577 1152 1657 commisse,
1171 1575 1326 1642 videlicet
1340 1575 1539 1642 Feltrumct

402 1685 585 1766 Bellunum,
601 1707 674 1751 cum
689 1687 914 1770 predictorum
929 1688 1073 1751 omnium
1089 1691 1123 1751 61
1148 1685 1351 1770 singulorum
1377 1683 1538 1751 adheren-

401 1795 485 1858 tium
517 1800 550 1859 et
575 1796 759 1878 sequatium
786 1801 971 1862 nostrorum
997 1794 1217 1875 Civitatibus,
1252 1791 1392 1875 Castris,
1427 1795 1539 1878 terris,

403 1900 498 1983 villis,
523 1903 789 1985 possessionibus,
822 1903 974 1984 subditis,
1000 1903 1220 1986 servitoribus,
1248 1901 1405 1968 subiectis
1430 1907 1466 1967 61
1490 1923 1538 1968 se·

403 2009 568 2095 quacibus,
584 2008 842 2076 districtualibus
858 2031 897 2076 66
913 2011 1061 2077 omnibus
1080 2011 1162 2092 aliis,
1179 2010 1235 2094 qui
1250 2009 1285 2074 in
1301 2010 1440 2093 guerris,
1453 2031 1537 2093 quas

403 2118 576 2184 habuimus
592 2141 664 2184 oum
681 2117 768 2185 dioto
783 2120 915 2186 domino
931 2120 1026 2186 Duce
1041 2127 1074 2186 et
1090 2118 1270 2199 Communi,
1286 2117 1382 2184 nobis
1399 2139 1537 2203 quomo·

404 2224 527 2292 dolibet
542 2227 747 2293 adhesisscnt
762 2228 813 2293 vel
829 2229 996 2294 adhesisse
1013 2229 1280 2308 declararentur;
1297 2234 1332 2293 61
1347 2247 1445 2292 versa
1469 2229 1539 2294 vioe

403 2335 508 2418 aliqui
532 2337 578 2400 cis
603 2336 794 2404 adheserint
818 2344 934 2403 contra
957 2359 1026 2418 nos,
1051 2343 1084 2403 61
1112 2337 1299 2422 specialiter
1324 2336 1539 2420 infrascripti,

404 2443 554 2509 videlicet
579 2442 712 2510 Vlricus
729 2445 769 2511 16
795 2445 1007 2530 Bayfimberg
1031 2452 1065 2511 61
1087 2442 1258 2525 Colentim,
1283 2451 1317 2510 et
1342 2444 1370 2509 si
1397 2445 1455 2528 qui
1480 2444 1539 2510 6111
1597 2445 1603 2454 “

403 2551 607 2619 adhesissent
621 2553 671 2618 vel
691 2553 856 2620 adhesisse
881 2554 1137 2620 declararentur.
1162 2553 1291 2620 Idcirco
1317 2553 1476 2634 volentes,
1501 2559 1538 2619 61

403 2658 493 2724 11616
517 2680 581 2743 pax
605 2667 638 2726 et
652 2674 656 2680 “
670 2661 843 2728 eoncordia
869 2663 992 2729 sincere
1016 2661 1204 2745 perficiatur
1229 2665 1262 2726 61
1286 2658 1355 2742 161,
1381 2659 1537 2743 quodque

402 2773 631 2833 removeantur
645 2769 685 2834 16
701 2769 808 2835 medio
833 2774 949 2835 666616
976 2770 1131 2852 scrupula
1159 2774 1191 2834 et
1216 2789 1353 2850 errores,
1379 2769 1436 2851 qui
1463 2789 1537 2834 eam

403 2882 535 2960 possent
550 2877 794 2960 quomodolibet
809 2878 1004 2961 perturbare
1020 2897 1094 2943 6616
1109 2877 1264 2962 predictis
1281 2876 1413 2942 domiuo
1438 2875 1534 2941 Duce

403 2987 437 3047 61
453 2982 703 3067 Communitatc,
719 3007 775 3051 seu
791 3007 864 3050 6616
889 2985 1135 3052 honorabilibus
1161 2985 1238 3050 viris
1264 2982 1405 3050 dominis
1431 2983 1536 3050 Petro

403 3089 584 3172 Trivisano,
618 3093 643 3158 J
646 3092 772 3159 ohanne
797 3091 987 3159 Gradonico
1013 3101 1046 3159 et
1070 3091 1287 3160 Beneintendi
1312 3092 1469 3159 Ducatus
1504 3099 1537 3158 61

403 3195 590 3264 Communis
600 3197 1040 3286 VeneciarumCancellario,
1048 3198 1328 3268 Ambaxatoribus
1340 3209 1374 3266 et
1383 3199 1536 3286 Syndicis

401 3307 468 3371 6616
482 3307 677 3375 habentibus
693 3311 735 3376 ad
751 3310 812 3376 hoc
826 3311 958 3394 plenum
973 3308 1175 3390 mandatum,
1190 3310 1275 3375 sicut
1291 3317 1423 3375 constat
1449 3309 1533 3394 puh-

401 3414 464 3481 lioo
481 3416 697 3482 instrumento
714 3419 836 3504 scripto
854 3438 954 3484 manu
968 3417 1144 3503 Raphayni
1160 3418 1200 3485 de
1215 3414 1379 3487 Carisiuis
1404 3416 1537 3484 Publici

402 3520 570 3605 Imperiali
586 3527 783 3591 auctoritate
800 3524 933 3592 Notarii
949 3533 983 3593 61
997 3525 1146 3592 Ducatus
1172 3523 1391 3594 Veneoiarum
1417 3521 1537 3591 Scribe

402 3627 462 3694 sub
478 3627 715 3699 McOOLVH.
733 3632 784 3699 die
801 3631 975 3700 XXVIII.
991 3632 1197 3714 Novembris,
1207 3633 1330 3698 decime
1341 3631 1537 3701 indictionis

402 3738 593 3821 superfacto
603 3739 765 3808 dictorum
775 3742 1010 3825 adherentium,
1020 3745 1258 3828 composuimus
1274 3749 1308 3810 et
1322 3745 1537 3810 convenimus

400 3847 433 3912 in
459 3845 544 3913 hunc
568 3849 708 3940 modum.
734 3850 908 3931 Videlicet,
936 3852 1024 3934 quod
1049 3852 1190 3937 predicti
1215 3873 1327 3918 omnes
1354 3858 1388 3917 et
1412 3851 1538 3936 singuli

401 3955 595 4021 adherentes
619 3965 653 4023 et
677 3977 833 4042 sequaces
857 3961 963 4024 nostri
989 3967 1021 4025 et
1048 3961 1099 4026 sui
1125 3966 1158 4027 61
1185 3959 1254 4042 alii,
1270 3961 1371 4045 siqui
1387 3959 1537 4041 16166661,

401 4062 466 4127 6161
489 4068 520 4128 61
536 4084 575 4128 ex
591 4086 676 4130 nuno
692 4087 763 4131 6666
778 4066 1007 4150 intelligantur
1022 4067 1056 4132 in
1071 4089 1152 4151 pace
1168 4072 1201 4133 et
1226 4067 1402 4134 concordia
1424 4089 1539 4152 supra·

401 4169 500 4254 dicta,
515 4175 548 4238 61
563 4171 718 4239 beneficio
733 4175 836 4258 ipsius
852 4176 942 4260 pacis
958 4174 1108 4259 plenarie
1124 4177 1287 4260 gaudeant
1312 4182 1346 4242 61
1369 4176 1539 4256 fruantur,

401 4278 542 4343 remissis
558 4282 708 4346 omnibus
724 4282 862 4362 iniuriis,
879 4283 1007 4349 damnis
1023 4290 1055 4348 et
1071 4281 1307 4350 offensionibus
1317 4283 1393 4350 hinc
1406 4285 1536 4366 611616

400 4404 466 4451 666
481 4387 693 4472 intelligendo
710 4390 744 4455 iu
759 4388 821 4456 hac
836 4391 1026 4458 remissione
1037 4391 1167 4458 debitas
1176 4391 1366 4476 specialium
1376 4415 1537 4478 persona·

401 4513 482 4574 rum,
507 4515 569 4582 quo
594 4496 656 4564 sibi
681 4496 818 4566 invicem
843 4505 1026 4582 teneantur,
1052 4498 1226 4589 dequibus
1245 4499 1487 4592 hincindejus
1505 4511 1538 4570 61
