3166 5256
616 665 669 728 84.

86 827 110 894 Α
134 829 271 894 oslenczei
295 827 645 915 lcormrinytanciccnok
661 851 682 890 a
691 825 961 913 jadraifoptyok
987 827 1128 892 &taceare
1144 847 1194 890 oo·
1263 841 1267 851 '

387 937 521 1001 notkoao
546 937 749 1000 hotcirozoto.
777 937 872 1000 1345.

32 1177 35 1182 Ι
175 1093 269 1164 Anno
286 1092 666 1164 Mocoxnvoiexa
683 1092 893 1178 Septembris.
911 1091 1073 1176 Capta:
1098 1087 1195 1177 Quod

19 1250 24 1261 .
84 1227 134 1287 pro
147 1204 286 1271 custodia
301 1211 541 1271 carceratorum
554 1203 594 1268 de
609 1201 635 1264 J
636 1203 729 1285 adra,
739 1203 796 1284 qui
812 1203 874 1267 huo
889 1207 1054 1282 venerunt
1070 1201 1192 1285 eligan-

83 1319 129 1374 tur
149 1334 203 1395 per
232 1304 425 1378 electionem
450 1312 484 1377 in
508 1312 571 1379 isto
587 1311 734 1378 Consilio
749 1317 890 1395 quatuor
906 1308 1032 1375 nobiles
1049 1308 1119 1391 stb.‚
1136 1310 1193 1394 qui

84 1427 157 1482 stent
170 1427 202 1484 et
215 1420 404 1486 custodiant
418 1422 507 1504 ipsos
523 1424 706 1485 carceratos
723 1418 783 1483 stb.
800 1417 1077 1484 carceratis-vero
1093 1439 1194 1500 popu-

23 1543 28 1551 ·
84 1525 198 1606 laribus,
214 1529 270 1609 qui
286 1529 436 1595 omnibus
455 1533 532 1592 sunt
547 1547 674 1609 egenos,
701 1527 818 1592 dentur
834 1527 867 1590 in
883 1524 935 1589 die
952 1523 1016 1589 duo
1040 1525 1124 1589 tales
1140 1546 1195 1607 pa·

85 1653 139 1712 nes,
160 1633 262 1716 qualis
288 1641 344 1709 est,
354 1635 420 1718 ille,
439 1635 496 1718 qui
512 1633 611 1699 datur
625 1635 747 1698 nostris
764 1634 950 1716 carceratis,
967 1633 1025 1714 qni
1041 1629 1102 1696 sibi
1118 1631 1195 1696 den-

10 1793 15 1866 i
84 1745 130 1804 tur
142 1755 196 1823 p‘cr
211 1738 399 1810 Commune.
415 1741 591 1807 Nobilibus
601 1763 679 1806 vero
689 1747 852 1808 mutuetur
868 1764 926 1826 per
936 1747 1082 1808 nostrum
1098 1737 1195 1805 Gom·

64 1867 165 1912 -nune
188 1849 298 1933 aliqua
324 1851 492 1933 quantitas
517 1850 653 1932 pecunie
671 1872 731 1933 pro
747 1849 897 1935 expensis
924 1849 971 1914 eis
996 1848 1195 1932 necessariis,
1265 1846 1271 1857 '

82 1955 169 2020 donec
184 1958 314 2022 mittent
329 1954 354 2021 J
355 1957 470 2022 adram
481 1979 539 2041 pro
549 1958 694 2040 pecunia.
706 1957 769 2042 Qui
786 1957 912 2023 nobiles
929 1957 1058 2040 possint
1072 1957 1195 2022 habero

22 2114 26 2123 .
82 2062 331 2129 unumfamulum
342 2064 514 2146 Venatum,
531 2065 587 2147 qui
602 2073 689 2130 emat
705 2069 752 2132 eis
768 2088 822 2131 res
839 2064 1056 2142 necessariam
1074 2064 1130 2147 qui
1146 2065 1193 2130 sa·

81 2169 174 2234 mulus
184 2193 246 2236 non
262 2172 387 2238 audeat
405 2173 451 2238 eis
461 2170 549 2255 loqui
568 2193 627 2236 neo
642 2173 769 2255 aliquid
784 2177 975 2256 presentare
991 2171 1060 2236 sine
1070 2171 1195 2256 Capiti·

81 2275 133 2340 bus
147 2280 330 2358 antedictis,
346 2285 379 2344 et
395 2279 500 2345 dictus
515 2277 657 2345 famulus
675 2286 739 2346 stet
755 2281 822 2346 suis
842 2282 1003 2364 expensis.

10 3535 13 3598 1

246 2461 281 2524 (Α
296 2461 425 2514 »Secreta
438 2461 550 2511 Consilii
563 2461 752 2527 Rogatorumr
765 2463 791 2514 A
804 2465 868 2514 hit..
883 2463 916 2512 A.
930 2462 984 2512 vol.
1001 2462 1035 2522 1.)

609 2911 660 2972 85.

80 3065 134 3131 Pol
158 3071 368 3135 oeztrouiciai
391 3072 474 3158 yro'f
489 3071 806 3157 meqhotalmazottat
822 3070 905 3135 1111111
921 3097 942 3136 a
958 3075 1110 3137 velenczei
1127 3073 1198 3136 toz-

206 3179 415 3265 tciraasa'pyut
433 3179 944 3264 11111111ἆὸ11ὅ1111191ά1ῃμάόα11.
961 3182 1057 3246 1345.

172 3337 367 3421 Exemplum
392 3337 635 3421 procurationis
652 3336 737 3402 facte
753 3356 811 3420 per
827 3338 1007 3422 Egregium
1022 3341 1126 3406 virum
1143 3342 1198 3407 do-

76 3443 189 3508 minum
214 3444 376 3512 Comitem
400 3444 543 3510 Paulum
568 3443 751 3512 Ostrorioie
776 3445 801 3512 J
803 3447 904 3513 acobo
924 3448 1061 3514 condam
1077 3448 1198 3515 domim

173 3660 215 3724 In
239 3660 305 3726 Dei
329 3661 460 3726 nomine
485 3657 602 3726 Amen.
619 3659 717 3732 Anno
735 3683 756 3727 a
771 3659 953 3729 Nativitate
970 3664 1113 3730 eiusdem
1129 3665 1198 3730 mil·

74 3762 179 3832 lesimo
206 3769 437 3834 trecentesimo
454 3767 706 3852 quadragesimo
723 3771 845 3853 quint0,
861 3771 1022 3838 indicione
1040 3772 1199 3838 terciode-

31 3901 34 3906 ·
75 3872 159 3954 eima,
184 3875 236 3940 die
261 3875 452 3942 duodecimo
469 3877 588 3942 mensis
607 3875 810 3960 Septembris
825 3878 860 3942 in
877 3876 996 3944 Castro
1013 3879 1199 3945 Ostrovicii.

72 3979 228 4064 Egregius
253 3989 286 4047 et
309 3989 427 4068 potens
453 3984 500 4050 vir
520 3981 669 4049 dominus
686 3985 809 4053 Pardus
826 3985 943 4053 Comes
960 3987 999 4050 de
1014 3984 1198 4053 Ostrovicio

73 4085 189 4154 Castro
208 4089 366 4173 predicto,
385 4097 482 4157 natus
497 4091 581 4158 bone
596 4093 750 4158 memorie
766 4093 843 4159 olim
859 4094 980 4160 domini
997 4094 1094 4160 Pauli
1111 4095 1199 4160 Bani

73 4191 294 4280 chroatorum,
318 4198 405 4282 fecit,
431 4201 599 4267 constituit
616 4208 648 4264 et
664 4200 827 4266 ordinavit
842 4207 942 4285 atque
960 4203 1120 4285 disposuit
1136 4204 1200 4269 dis·

73 4311 194 4369 oretum
218 4306 323 4373 virum
346 4329 399 4372 ser
422 4305 447 4372 J
449 4310 585 4376 aoobum
610 4307 748 4374 condam
774 4306 895 4374 domini
913 4307 1047 4376 Goliani
1064 4309 1104 4375 de
1121 4309 1200 4377 Gle-

71 4429 166 4476 mona
191 4410 424 4481 Vicecomite'm
450 4437 544 4482 suum
570 4417 618 4482 ibi
634 4422 812 4500 presentem
830 4423 863 4483 et
878 4417 1068 4482 mandatum
1085 4428 1199 4502 sponte

77 4520 311 4604 suscipientem,
336 4523 405 4589 cius
422 4523 588 4608 sinffionm,
604 4531 757 4606 actorem,
772 4524 940 4618 factorem,
955 4533 1201 4624 procuratorem

10 4695 14 4810 1

10 4811 13 4874 r

10 4879 19 4988 1
