3166 5256
408 385 450 444 68
757 392 991 438 orenounczmr
1007 379 1179 438 susurru.

404 557 456 621 die
472 553 557 620 XX.
581 555 614 619 in
640 553 789 618 omnibus
809 558 842 616 et
857 573 917 634 per
933 555 1042 618 omnia
1057 551 1184 635 plenius
1199 547 1395 613 continetur.
1411 547 1453 613 Et
1467 565 1528 628 pro

404 664 521 728 maiori
545 660 703 725 firmitate
726 657 928 740 agendorum
961 658 1204 724 antedictorum
1238 662 1272 720 et
1306 655 1528 720 observacione

404 769 553 836 mandati
570 768 669 833 michi
679 767 850 848 commissi,
859 767 992 831 insimul
1001 766 1046 829 ivi
1056 787 1128 830 cunr
1138 765 1281 829 discreto
1292 763 1362 828 viro
1372 763 1531 846 Magistro

405 875 569 961 Augnello
599 872 807 941 Cancellario
832 870 970 938 comitis
996 869 1148 954 Sibenici,
1174 869 1339 936 destinato
1364 893 1421 954 per
1436 871 1532 935 domi-

404 1007 482 1050 num
500 983 661 1049 Comitem
673 977 896 1045 etOommune
914 977 1058 1045 Sibenici
1077 977 1258 1062 prefectum
1273 975 1532 1060 usque'l'ininum

406 1093 449 1158 ad
460 1088 621 1156 Comitem
631 1089 819 1154 Johannem
827 1085 1021 1170 predictum,
1031 1094 1099 1152 tam
1109 1085 1152 1150 ad
1162 1085 1414 1169 presentandum
1430 1083 1531 1149 eidem

405 1197 540 1263 litteras
565 1194 717 1276 Ducales‚
743 1194 909 1278 quemad
934 1193 1166 1278 requirendum
1190 1194 1311 1258 damna
1336 1193 1481 1276 predicta
1499 1197 1530 1256 et

406 1302 631 1387 exponendum
657 1303 806 1384 superius
831 1307 986 1366 contenta
1009 1301 1155 1384 exposita
1182 1299 1269 1364 dicte
1286 1299 1415 1365 domine
1430 1298 1534 1364 Comi-

406 1413 486 1476 tisse
503 1411 570 1475 eius
595 1408 700 1473 matri.
718 1405 785 1491 Qui
801 1406 907 1474 dictus
924 1405 1039 1472 Comes
1054 1404 1079 1469 J
1081 1406 1224 1473 ohannes
1240 1407 1274 1471 in
1289 1409 1453 1490 presentia
1466 1411 1532 1471 eius

407 1518 522 1584 matris
548 1523 582 1580 et
608 1516 738 1580 testium
758 1515 1042 1599 infrascriptorum
1060 1517 1095 1580 in
1110 1515 1181 1581 salo
1196 1514 1316 1599 palacii
1333 1516 1412 1581 dicti
1427 1515 1533 1581 Casiri

407 1626 529 1704 Tinini,
548 1624 637 1688 facta
657 1623 761 1687 eidem
778 1624 993 1706 requisicione
1009 1626 1073 1688 iam
1091 1624 1189 1705 dicta,
1203 1624 1266 1689 luit
1282 1630 1451 1690 contentus
1466 1627 1533 1709 ipse

407 1731 525 1798 Comes
551 1730 730 1813 Johannes,
755 1737 789 1795 et
814 1733 861 1796 sic
886 1733 1038 1815 promisit
1063 1732 1161 1797 dicto.
1175 1731 1343 1816 Magistro
1365 1732 1532 1817 Angnellq

409 1839 578 1922 recipienti
604 1844 636 1902 et
661 1838 832 1920 stipulanti
863 1840 991 1904 nomine
1008 1844 1042 1904 et
1055 1840 1124 1906 vice
1141 1839 1222 1905 dicti
1238 1839 1435 1920 Communis,
1450 1839 1533 1922 quod

409 1946 450 2010 de
472 1951 581 2009 cetero
606 1943 696 2008 nullo
721 1943 816 2008 modo
833 1945 884 2008 vel
900 1946 1031 2028 ingenio
1052 1946 1120 2010 ulla
1138 1967 1196 2028 per
1210 1945 1317 2028 ipsum
1331 1946 1383 2012 vel
1399 1946 1532 2030 aliquem

409 2055 587 2137 accipietur
612 2054 782 2135 tergovina
809 2053 874 2117 sive
900 2052 996 2118 dacia
1016 2053 1179 2135 aliquibus
1195 2053 1348 2120 euntibus
1365 2061 1398 2120 et
1415 2056 1534 2120 venien-

410 2162 499 2227 tibus
510 2159 695 2226 Sibenicum
712 2167 745 2224 et
761 2159 804 2223 ad
821 2159 890 2223 eius
902 2156 1098 2225 Districtum
1114 2182 1186 2226 cum
1203 2161 1270 2226 suis
1286 2162 1538 2228 mercacionibus

411 2276 445 2333 et
468 2268 576 2349 rebus,
600 2273 697 2350 prout
722 2266 872 2349 promisit
896 2267 965 2332 eius
990 2273 1095 2332 mater
1120 2267 1252 2333 domina
1278 2267 1463 2352 comitissa,
1479 2272 1535 2335 sub

413 2397 508 2459 pena,
532 2381 565 2439 et
589 2375 622 2438 in
647 2375 787 2457 penaio
812 2394 891 2456 pace
917 2379 1080 2454 contenta,
1106 2381 1139 2438 et
1163 2383 1260 2458 prout
1274 2376 1309 2440 in
1326 2375 1412 2442 dicto
1427 2380 1541 2443 instru-

411 2489 522 2549 mento
549 2480 775 2565 promissionis
800 2485 888 2545 tacte
904 2499 963 2562 per
978 2479 1138 2545 dominam
1156 2483 1225 2546 eius
1241 2489 1379 2548 matrem
1397 2487 1429 2548 in
1446 2485 1542 2550 omui-

411 2591 472 2656 bus
494 2595 526 2654 et
535 2609 595 2672 per
611 2589 719 2652 omnia
735 2587 928 2652 continetur.
944 2583 987 2650 In
1002 2585 1089 2653 facto
1106 2593 1215 2652 autem
1231 2587 1384 2655 fortilicie
1400 2592 1541 2675 promisit

414 2719 473 2761 sua
488 2696 554 2761 lide
572 2696 693 2761 dictam
713 2694 902 2760 fortiliciam
919 2695 984 2758 sire
1000 2692 1185 2760 hedifioium
1201 2695 1307 2763 iacere
1323 2703 1480 2765 removeri
1495 2698 1541 2765 rel

393 2841 397 2850 =
412 2825 536 2882 amore,
562 2805 685 2882 timore,
710 2803 851 2886 ingenio,
874 2801 925 2866 rel
944 2823 984 2866 ex
999 2802 1046 2882 ri;
1062 2809 1097 2866 et
1112 2803 1140 2866 si
1155 2805 1285 2869 omnino
1309 2825 1374 2871 uon
1390 2815 1499 2890 posset
1513 2808 1543 2872 id

412 2913 557 2977 obtineri
582 2910 699 2993 iacere,
724 2917 799 2993 post
823 2909 930 2977 Pasce
955 2910 1021 2974 sive
1048 2909 1134 2974 festa
1149 2909 1300 2977 Pascatis
1316 2913 1460 2997 proxime
1476 2937 1544 2982 ren-

413 3017 491 3084 tura
520 3019 662 3084 intendit
685 3038 757 3082 esse
782 3017 816 3081 in
840 3016 930 3084 brevi
956 3037 1028 3080 cunr
1054 3017 1184 3083 domino
1203 3014 1332 3085 (inmite
1349 3019 1501 3106 Sibenici,
1516 3029 1544 3087 et

413 3127 546 3193 domino
576 3125 742 3210 Gregorio
768 3125 895 3190 Comite
921 3125 1139 3194 Verbaniensi
1155 3123 1199 3190 ad
1214 3125 1400 3193 faciendum
1417 3137 1450 3194 et
1464 3130 1544 3195 ordi·

412 3233 557 3300 nandum
574 3241 643 3298 tarn
659 3233 699 3297 de
715 3232 804 3298 dicta
820 3231 985 3312 sortilicio‚
1002 3252 1101 3315 quam
1116 3231 1155 3296 de
1173 3232 1336 3299 solucione
1354 3235 1541 3302 damnorum

412 3339 646 3423 predictorum,
673 3340 760 3422 quod
779 3339 861 3404 dicti
881 3337 1106 3405 Sibonioenses
1121 3345 1277 3422 poterunt
1292 3345 1486 3410 contentari.
1503 3343 1544 3408 Et

412 3449 440 3512 si
465 3468 534 3512 non
563 3453 716 3530 poterunt
742 3448 783 3512 ad
800 3447 935 3512 invicem
951 3448 1122 3511 convenire
1138 3453 1171 3511 et
1186 3450 1396 3526 concordare,
1414 3457 1448 3515 et
1463 3451 1544 3531 dato,

413 3554 503 3637 quod
527 3555 652 3620 dictum
677 3553 874 3638 colloquium
900 3574 964 3619 non
980 3560 1065 3619 esset
1083 3553 1133 3619 vel
1149 3553 1252 3636 fieret,
1268 3561 1301 3620 et
1317 3555 1406 3639 quod
1424 3557 1459 3622 in
1474 3577 1542 3642 pre-

413 3661 509 3725 dictis
541 3660 635 3725 nollo
653 3661 917 3742 terminarentur,
943 3661 1012 3725 vult
1035 3661 1105 3743 ipse
1122 3658 1240 3727 Comes
1264 3661 1448 3746 ,lohannes
1464 3663 1543 3748 quod

413 3769 507 3854 predi
514 3774 576 3850 cta,
592 3767 749 3833 videlicet
774 3768 813 3834 de
829 3768 993 3834 solucione
1010 3766 1201 3834 damnorum
1217 3774 1251 3834 et
1265 3770 1449 3836 remocione
1464 3771 1545 3836 hedi-

413 3869 486 3942 ficii
511 3875 658 3960 predicti,
684 3883 847 3958 ponantur
872 3881 905 3941 et
928 3873 1049 3940 vadant
1074 3875 1108 3938 in
1124 3897 1238 3941 manns
1254 3875 1376 3942 domini
1391 3877 1502 3960 Ducis
1516 3883 1545 3942 et

414 3983 573 4066 quicquid
586 3999 647 4067 per·
658 3985 765 4065 ipsum
776 3982 941 4047 dominum
951 3981 1076 4047 Ducem
1085 3981 1184 4047 fuerit
1199 3984 1419 4066 terminatum,
1429 3987 1546 4051 iniunc-

413 4096 482 4156 tum
499 4098 533 4156 et
548 4090 748 4170 mandatum,
766 4094 903 4173 paratus
919 4089 954 4153 in
971 4088 1119 4155 omnibus
1136 4079 1278 4155 obedire.
1293 4088 1418 4156 Actum
1428 4093 1462 4157 in
1473 4089 1546 4158 Cas·

413 4205 467 4262 tro
484 4196 616 4278 Temni,
632 4198 666 4262 in
683 4199 753 4263 sala
769 4197 889 4282 palacii
906 4196 1033 4262 domine
1050 4195 1234 4278 comitisse,
1251 4218 1336 4263 anno
1352 4197 1546 4266 Nativitstis

411 4303 546 4370 Domini
555 4305 727 4371 millesimo
741 4305 966 4371 trecentesimo
977 4305 1225 4387 quadragesimo
1235 4306 1357 4388 quinto,
1368 4307 1541 4372 indictione

412 4411 515 4477 XIII.
526 4412 643 4476 mensis
655 4413 773 4478 Marcii
790 4412 930 4496 predicti
947 4413 999 4476 die
1015 4411 1158 4477 XXIII.
1168 4413 1381 4479 Prosentibus
1392 4413 1540 4482 discretis
1577 4471 1578 4476 ,

413 4519 490 4588 viris
513 4520 696 4586 Laurencio
722 4520 761 4584 de
780 4520 897 4585 Zindri
913 4520 953 4588 de
979 4517 1127 4603 Spalato,
1143 4519 1296 4588 Johanne
1320 4520 1388 4587 filio
1404 4522 1539 4590 Martini
1577 4523 1579 4596 J
