3110 5248
408 333 470 396 270
757 327 993 390 nirnorrscm'sr
1009 327 1176 388 rannerus.

406 515 552 592 spectare
584 513 617 571 et
642 507 807 590 pertinere
833 504 948 568 honori
975 507 1086 566 nostro
1113 506 1145 565 et
1170 497 1472 579 bononegotiorum,
1485 499 1510 561 et

407 591 564 699 quioquid
590 613 751 678 senserint
777 617 810 675 et
835 610 1019 687 habuerint,
1035 608 1189 673 velociter
1214 604 1311 671 nobis
1327 603 1516 686 scribantet

406 743 502 788 suum
534 720 714 800 consilium,
740 725 773 784 et
803 725 951 782 nostrum
975 719 1144 798 expectent
1176 711 1374 778 mandatum.

514 827 577 892 Die
588 823 985 908 X.Martii.Cepta:Et
995 823 1023 887 si
1032 842 1093 906 per
1102 821 1268 886 dominum
1278 820 1404 902 Regem
1414 817 1517 884 dicere

406 945 461 1004 tur
480 957 537 1002 seu
554 935 784 1001 recordaretur
800 933 925 1016 aliquid
941 932 982 997 de
997 930 1197 996 novitatibus
1216 929 1341 995 Jadre:
1361 926 1518 1010 responde·

408 1043 573 1128 estquod
589 1045 679 1110 nulla
695 1062 839 1124 unquam
854 1046 1016 1123 properie
1027 1051 1141 1103 nostra
1157 1039 1218 1104 fuit
1234 1037 1312 1103 data
1327 1055 1387 1101 neo
1402 1036 1518 1101 daretur

409 1173 509 1218 causa
519 1151 666 1220 scandali
675 1150 726 1216 vel
736 1150 856 1215 erroris
867 1148 952 1213 inter
962 1145 1063 1212 Suam
1073 1145 1284 1212 Maiestatem
1294 1150 1329 1209 et
1337 1165 1406 1225 nos,
1415 1142 1520 1226 quiesi

409 1261 575 1328 civitatem
591 1259 783 1344 predictam,
801 1279 899 1342 quam
914 1258 981 1321 iam
996 1255 1152 1320 trecentis
1167 1255 1261 1320 annis
1278 1261 1312 1319 et
1322 1251 1411 1318 ultra
1426 1271 1518 1336 possc-

410 1368 525 1448 dimus,
543 1388 737 1451 recuperare
752 1365 919 1444 voluimus,
934 1369 967 1428 et
984 1384 1004 1428 a
1021 1385 1081 1428 sue
1097 1362 1246 1429 indebite
1262 1361 1438 1428 rebellione
1447 1379 1521 1424 rere

412 1494 487 1540 carc
502 1474 604 1557 ipsius
620 1494 745 1538 summe
761 1470 973 1555 prouidentia,
983 1471 1044 1535 hoc
1055 1469 1118 1535 sibi
1127 1467 1170 1532 ad
1179 1468 1375 1551 gravitatem
1383 1471 1521 1550 repulsit

412 1601 477 1646 non
492 1586 624 1664 poterat
641 1601 699 1644 neo
714 1586 832 1663 potest,
843 1579 926 1643 sieut
940 1598 1000 1642 nec
1015 1576 1162 1642 fecerunt
1176 1574 1424 1659 predecessores
1437 1571 1523 1652 suist

411 1680 562 1753 dominus
579 1687 706 1769 genitor
723 1707 808 1767 suus,
824 1685 901 1750 dum
917 1684 1035 1750 fuisset
1050 1682 1090 1748 de
1106 1683 1167 1748 hoc
1192 1681 1380 1767 specialiter
1405 1676 1522 1763 requisi·

411 1801 475 1876 tus,
500 1796 555 1878 qui
581 1795 615 1860 in
641 1816 719 1860 casu
744 1793 943 1873 rebellionis,
968 1792 1026 1876 qui
1042 1791 1164 1875 pluries
1179 1791 1328 1873 contigit,
1353 1809 1386 1854 sc
1410 1787 1450 1852 de
1463 1786 1523 1868 ipsa

330 1953 334 1960 .
411 1900 593 1966 nullatenus
619 1902 837 1966 intromittere
852 1899 1033 1978 voluerunt,
1048 1919 1122 1982 ymo
1138 1899 1356 1982 permiserunt
1365 1892 1524 1961 noslscere

412 2008 501 2073 fecta
524 2015 647 2088 nostra,
670 2013 915 2091 perseverantes
939 2007 1108 2072 nobiscum
1133 2007 1168 2070 in
1193 2006 1332 2086 antiqua
1359 2012 1391 2069 et
1407 1999 1524 2086 speciali

416 2115 591 2181 dilectione
607 2116 765 2200 predicte.
782 2114 901 2181 Sumus
918 2117 1016 2180 etiam
1034 2115 1125 2198 certi,
1142 2113 1230 2197 quod
1245 2112 1308 2177 nisi
1323 2109 1525 2179 fnissetsiuis·

412 2231 465 2286 tra
480 2231 514 2289 et
529 2244 594 2288 non
610 2245 686 2288 vers
701 2222 890 2288 informatio
905 2222 931 2289 J
932 2223 1167 2305 adratinorum‚
1182 2242 1279 2286 eures
1290 2218 1356 2286 Sue
1367 2215 1524 2284 Celsitudi-

413 2332 464 2396 nis
479 2331 515 2394 in
530 2329 615 2394 lecto
646 2329 792 2412 predicto
824 2330 956 2394 minime
988 2329 1184 2410 inclinasset,
1215 2349 1287 2392 curn
1314 2327 1454 2392 honores
1480 2345 1525 2388 sue

413 2435 542 2528 Corone
559 2457 685 2520 semper
701 2435 908 2500 dilexerimus
925 2442 959 2499 et
976 2434 1113 2519 diligere
1129 2436 1327 2502 intendimus
1344 2441 1416 2500 toto
1434 2431 1525 2499 corde

521 2543 645 2627 Capta:
664 2543 700 2608 Si
716 2564 792 2610 vero
810 2543 960 2610 dominus
977 2543 1050 2610 Rex
1075 2552 1199 2633 peteret
1213 2547 1391 2612 transitum
1415 2540 1527 2610 anobis

415 2675 489 2720 cum
512 2653 615 2736 galeis
647 2659 680 2716 et
705 2651 842 2736 navigiis
858 2655 979 2718 nostris
992 2673 1052 2737 pro
1068 2655 1270 2720 transeundo
1285 2656 1321 2718 in
1337 2651 1526 2720 Sclaroniam

414 2782 514 2826 conse
529 2760 626 2826 eundi
649 2761 682 2824 iu
708 2761 915 2842 Hungariem
945 2763 1050 2844 ipsum
1074 2761 1126 2827 vel
1141 2761 1182 2827 de
1199 2763 1284 2842 suis3
1299 2761 1523 2847 respondeatur

415 2869 503 2952 quod
519 2867 602 2933 alise
616 2869 650 2933 in
675 2868 773 2934 simili
797 2889 875 2934 casu
900 2867 1154 2952 eomplccuirnus
1168 2868 1448 2953 predecessoribus
1468 2865 1524 2930 suis

415 2981 448 3041 et
462 2976 563 3043 etism
577 2975 665 3058 patri
681 2981 714 3040 et
729 2977 828 3041 matri
843 2978 926 3062 eius,
937 2981 971 3041 et
986 2977 1032 3043 sic
1047 2977 1090 3042 ob
1115 2998 1259 3042 amorem
1282 2976 1465 3061 predictum
1477 2993 1524 3057 pc·

415 3084 480 3148 rati
496 3103 606 3147 sumus
622 3090 655 3147 et
671 3084 791 3148 erimus
804 3083 1007 3167 complacere
1024 3083 1089 3151 Sue
1114 3083 1293 3151 Maiestati.
1319 3085 1367 3149 Et
1390 3082 1523 3148 similiter

416 3193 442 3254 si
459 3197 584 3273 peteret
599 3191 775 3255 transitum
791 3212 851 3274 pro
868 3211 969 3256 uxore
987 3198 1019 3256 et
1034 3213 1094 3275 pro
1110 3191 1184 3257 eliis
1200 3192 1240 3257 de
1265 3193 1332 3259 suis
1348 3192 1388 3257 de
1403 3191 1523 3270 Hungu-

415 3299 467 3362 rie
481 3297 516 3362 in
532 3296 707 3380 Apuleam,
724 3297 951 3380 respondeant,
977 3297 1065 3382 quod
1080 3319 1140 3382 pro
1163 3299 1348 3364 reverentia
1364 3297 1428 3364 Sue
1443 3296 1528 3364 Celsi·
1545 3279 1547 3286 ¹

414 3403 538 3470 tudinis
570 3427 681 3471 sumus
707 3411 740 3471 et
766 3407 885 3470 erimus
911 3405 954 3470 ed
969 3405 1235 3490 complacendum
1252 3407 1282 3470 ei
1298 3405 1449 3471 similiter
1470 3422 1528 3486 pre

419 3507 536 3595 parati.

524 3619 647 3703 Capta:
663 3617 828 3701 Preterea,
845 3615 872 3684 si
889 3642 962 3685 eum
976 3617 1040 3686 Dei
1055 3620 1176 3686 auxilio
1192 3623 1385 3705 compositio
1413 3619 1476 3704 liet,
1496 3621 1529 3696 et

416 3721 566 3792 dominus
580 3725 654 3793 Rex
670 3747 728 3812 pro
743 3725 867 3793 honore
884 3729 934 3792 sui
951 3728 1081 3802 diceret
1098 3727 1184 3811 quod
1195 3735 1371 3814 postquem
1381 3725 1531 3815 presentis

417 3841 531 3901 nostra
547 3854 611 3900 non
628 3840 678 3900 est
693 3834 752 3916 ibi,
767 3835 910 3900 intendit
934 3835 1057 3902 factum
1083 3831 1213 3904 limare
1229 3835 1383 3904 similiter
1406 3859 1467 3922 per
1479 3834 1531 3899 siu·

416 3937 505 4009 dicos
521 3941 607 4022 eius;
631 3943 736 4006 nostri
767 3942 1008 4008 Ambcxatores
1035 3942 1075 4008 de
1100 3941 1162 4009 hoe
1187 3944 1287 4008 etism
1311 3947 1380 4010 sint
1394 3935 1532 4021 contenti

418 4049 592 4116 dummodo
608 4047 793 4114 huiusmodi
811 4048 929 4115 sindici
945 4049 1139 4117 mandatum
1154 4049 1299 4118 habeant
1315 4061 1349 4118 et
1358 4052 1531 4118 libertatem

420 4150 463 4224 sd
477 4157 618 4242 plenum.
633 4157 781 4240 Insuper,
799 4159 827 4221 si
852 4157 885 4221 in
910 4161 1078 4225 contractu
1105 4180 1162 4225 seu
1186 4160 1360 4243 scripturis
1374 4159 1486 4226 fiendis
1500 4155 1532 4220 dr

418 4263 573 4346 predictis
598 4264 746 4329 dominus
771 4263 843 4330 Rex
870 4271 1006 4349 poneret
1031 4267 1064 4331 in
1091 4289 1149 4334 suo
1173 4268 1270 4334 titulo
1296 4267 1494 4335 Dalmatiam
1507 4265 1532 4329 ct

420 4366 597 4451 Oroatiam,
612 4380 724 4439 noster
740 4373 889 4441 similiter
906 4375 1021 4441 titulus
1036 4381 1126 4442 totus
1142 4383 1302 4460 ponetur;
1319 4377 1348 4442 si
1363 4395 1440 4441 roro
1455 4371 1531 4438 illud

419 4481 553 4560 taceret,
569 4480 653 4544 sicut
667 4480 747 4546 feeit
762 4481 796 4545 in
810 4479 930 4550 litteris
946 4482 1028 4549 alies
1039 4481 1133 4550 nobis
1143 4483 1260 4566 missis,
1269 4504 1334 4549 non
1349 4477 1533 4548 nominando
