3214 5260
373 375 440 449 4'64
727 405 960 450 ornnoaaonrni
978 389 1145 448 fruianus.

438 478 444 500 Ι

374 563 522 629 domiuus
539 566 563 630 J
566 584 641 628 uras
659 563 779 628 Yscete
795 564 881 628 filius
899 563 1063 648 quondam
1080 563 1179 628 Helie
1196 563 1235 626 de
1251 563 1362 627 Raxia
1378 559 1507 625 Castel-

373 673 470 738 lanus
494 673 528 735 in
554 668 673 736 Castro
699 669 869 736 Scardona
894 693 955 755 pro
987 669 1200 736 Serenissimo
1215 669 1359 736 Domino
1376 669 1508 734 domiuo

376 778 543 863 Stephano
559 777 762 862 Imperatore
779 779 885 844 Raxie
902 778 1056 844 habuerit
1071 780 1105 842 in
1120 777 1285 844 mandatis
1311 800 1332 842 a
1347 777 1438 843 dicto
1455 775 1508 840 do·

374 891 462 954 mino
479 887 685 971 Imperatore
700 885 770 950 eius
786 887 936 968 Domine,
952 908 1026 952 cum
1042 886 1104 951 sibi
1121 887 1340 951 committeret
1367 884 1508 950 custodi·

375 1017 427 1060 om
445 995 525 1060 dicti
541 995 641 1059 castri
658 992 843 1075 Scardone3
860 996 948 1077 quod
965 995 993 1061 si
1010 1017 1104 1061 casus
1124 1001 1324 1074 occurreret*
1335 994 1428 1076 quod
1443 994 1508 1076 ipse

374 1103 524 1169 dominus
540 1102 676 1167 Jurases
701 1123 766 1166 non
792 1111 901 1185 posset
925 1109 1048 1184 tenere,
1064 1092 1188 1184 regere,
1204 1109 1237 1168 et
1253 1101 1382 1168 salvare
1400 1122 1440 1165 ac
1456 1101 1507 1166 de·
1583 1134 1588 1143 ·

375 1209 507 1276 tendere
523 1209 646 1274 dictum
663 1207 816 1275 Castrum
834 1208 1001 1277 Scardona
1016 1211 1146 1276 nomine
1161 1209 1238 1276 dicti
1255 1209 1377 1276 domini
1400 1209 1509 1291 Impe-

376 1319 507 1398 ratoris,
523 1315 610 1400 quod
628 1317 698 1400 ipse
715 1317 850 1384 deberet
865 1317 988 1383 dictum
1006 1317 1160 1384 Castrum
1175 1339 1296 1402 ponere
1322 1323 1357 1382 et
1381 1316 1462 1382 dare
1479 1317 1512 1380 in

378 1429 528 1494 manibus
544 1427 786 1493 Dominationis
803 1433 836 1492 et
852 1415 1041 1493 Communis
1067 1427 1290 1508 venetiarum,
1306 1427 1347 1491 de
1363 1448 1430 1508 qua
1444 1425 1512 1490 Do·

379 1537 559 1602 minatione
575 1535 797 1618 plenissimam
812 1534 910 1600 fidem
925 1535 1068 1601 habebat
1091 1534 1177 1600 idem
1201 1535 1352 1600 dominus
1368 1533 1513 1616 Impera·

381 1651 442 1724 tor,
457 1643 641 1724 tenendum,
657 1643 912 1726 custodiendum,
938 1651 971 1708 et
995 1643 1187 1709 salvandum
1204 1663 1262 1727 per
1278 1644 1385 1727 ipsam
1399 1641 1513 1708 Domi·
1582 1634 1587 1647 '

380 1755 546 1818 nationem
564 1753 694 1817 nomine
710 1752 789 1818 dicti
803 1752 925 1816 domini
941 1750 1156 1834 Imperatoris
1171 1777 1179 1832 ;
1195 1757 1228 1818 et
1252 1771 1349 1816 casus
1381 1771 1512 1834 presen-

379 1861 503 1927 tialiter
520 1861 630 1943 instet,
656 1861 745 1945 quod
761 1861 885 1927 dictum
900 1861 1052 1926 Castrum
1063 1861 1132 1943 ipse
1143 1858 1351 1926 Castellanus
1361 1859 1511 1924 dominus
1581 1906 1586 1915 .

379 1969 518 2036 Jurases
533 1975 655 2050 tenere,
679 1968 854 2034 defendere
879 1976 911 2032 et
936 1969 1065 2032 salvare
1080 1989 1145 2032 non
1161 1974 1270 2051 potest
1287 1969 1417 2034 nomine
1434 1967 1511 2033 dicti

382 2077 503 2142 domini
520 2076 733 2162 Imperatoris
749 2083 882 2161 proptor
898 2076 1078 2161 potentiam
1103 2077 1225 2142 domini
1241 2075 1344 2158 Regis
1358 2073 1511 2158 *Vngarie

381 2190 413 2247 et
431 2187 539 2268 gentis
564 2186 643 2268 eius,
668 2207 731 2268 que
757 2193 808 2250 est
834 2185 868 2249 in
884 2192 993 2250 castro
1010 2183 1125 2266 Clisse,
1143 2185 1311 2265 querentis
1327 2191 1359 2248 et
1377 2181 1511 2248 volantis
1587 2195 1588 2202 ’

383 2313 544 2376 occupare
561 2292 683 2358 dictum
699 2292 850 2359 Castrum
868 2291 1033 2357 Scardona
1048 2293 1178 2358 nominc
1195 2292 1274 2358 dicti
1285 2291 1388 2374 Regis
1401 2288 1512 2374 Vaga-

382 2401 438 2465 rie.
454 2401 501 2465 Et
524 2400 599 2466 ideo
625 2401 772 2465 dominus
796 2398 934 2465 Jurases
960 2399 1170 2465 Castellanus
1184 2398 1352 2483 predictus
1369 2397 1512 2464 conside·

383 2529 461 2572 rans
486 2515 518 2573 et
543 2507 665 2590 videns,
691 2531 730 2574 ac
755 2529 952 2592 cognoscens
977 2509 1074 2588 clare,
1098 2507 1184 2591 quod
1201 2529 1265 2573 non
1296 2513 1406 2590 posset
1431 2527 1464 2570 se
1479 2513 1512 2570 et
1529 2555 1543 2579 ,

385 2616 506 2680 dictum
517 2613 670 2681 Castrum
687 2617 729 2683 ab
745 2618 818 2699 ipsa
833 2623 929 2698 gente
945 2615 1023 2681 dicti
1039 2615 1161 2681 domini
1177 2613 1281 2698 Regis
1297 2613 1445 2698 Vagarie
1460 2612 1511 2677 de·

387 2722 518 2788 tendere
535 2731 567 2788 et
583 2723 710 2789 salvare
726 2724 854 2788 nomine
872 2723 952 2788 dicti
968 2722 1090 2788 domini
1106 2721 1330 2805 Imperatoris,
1355 2727 1389 2786 et
1403 2719 1511 2785 volens

385 2852 479 2895 omne
494 2833 675 2914 periculum
691 2831 816 2896 evitare
833 2838 865 2895 et
881 2830 1070 2896 mandatum
1080 2831 1160 2895 dicti
1170 2829 1291 2895 domini
1301 2827 1512 2912 Imperatoris

385 2937 525 3004 fideliter
541 2938 722 3020 observare,
746 2938 871 3021 recepit
894 2940 929 3001 in
954 2937 1076 3003 dictum
1093 2937 1245 3004 Castrum
1261 2937 1401 3003 nobilem
1418 2945 1450 3002 et
1466 2957 1512 3001 sa·

386 3048 529 3130 piantem
558 3045 661 3110 virum
687 3045 853 3110 dominum
879 3044 1087 3110 Bernardum
1111 3045 1302 3110 Justiniano
1318 3043 1511 3110 Procurato-

387 3175 456 3219 rem
488 3152 600 3219 Sancti
631 3152 739 3218 Marci
763 3151 804 3217 de
830 3151 979 3222 Venetiis
1004 3159 1037 3216 et
1068 3150 1265 3218 Generalem
1298 3150 1510 3236 Capitoneum

388 3262 495 3328 Maris
511 3282 570 3343 pro
581 3261 812 3326 Dominatione
822 3259 953 3341 Ducali,
964 3267 997 3325 et
1014 3260 1155 3325 nobilem
1171 3265 1203 3325 et
1218 3262 1398 3343 sapientem
1412 3260 1511 3324 uirum

388 3369 556 3434 dominum
581 3368 798 3435 Laurentium
814 3365 902 3432 Celsi
935 3368 1021 3432 dicte
1045 3367 1288 3434 Dominationis
1312 3369 1345 3434 in
1370 3368 1512 3452 partibus

388 3475 562 3544 Sclavenie
579 3475 775 3542 Generalem
793 3475 1010 3559 Capitaneum
1019 3498 1027 3557 ;
1044 3497 1102 3541 nec
1127 3498 1192 3542 non
1207 3477 1330 3542 nobiles
1345 3484 1378 3542 et
1393 3477 1511 3560 sapien·

388 3591 437 3650 tes
453 3586 540 3652 viros
556 3583 703 3650 dominos
721 3583 899 3648 Fantinum
916 3583 1152 3649 lllaurocenum
1168 3590 1200 3648 et
1224 3585 1249 3651 J
1252 3583 1413 3650 ohannem
1428 3569 1511 3649 Dan·

389 3691 467 3758 dolo
485 3692 564 3757 dicti
579 3693 701 3757 domini
719 3691 892 3776 Capitauei
908 3691 1014 3757 Maris
1031 3691 1244 3757 Consiliarios
1269 3715 1330 3776 pro
1347 3692 1436 3758 dicta
1449 3692 1509 3757 Do

389 3800 575 3883 minatione,
600 3820 639 3864 ac
670 3801 769 3864 etiam
800 3800 942 3865 nobilem
968 3805 1000 3864 et
1025 3801 1201 3883 sapientem
1227 3802 1330 3865 virum
1355 3801 1508 3867 dominum
1584 3868 1589 3877 Ι

390 3907 546 3974 Marcum
571 3908 800 3974 Justirrianum
818 3909 979 3973 Comitem
1006 3905 1159 3990 Sibenici‚
1186 3915 1220 3974 et
1236 3909 1361 3975 nobiles
1378 3919 1411 3974 et
1434 3906 1509 3991 sapi·

390 4023 480 4082 entes
505 4017 591 4081 viros
617 4016 763 4082 dominos
793 4015 1002 4081 Dominioum
1034 4015 1178 4082 Michael
1194 4023 1227 4082 et
1243 4017 1419 4101 Mapheum
1437 4018 1509 4084 Con·

390 4133 506 4192 tareno
523 4123 715 4190 Provisoros
731 4124 925 4207 inpartibus
947 4121 1117 4188 Sclaronie
1133 4146 1194 4208 pro
1210 4125 1299 4190 dicta
1314 4124 1510 4190 Dominatio-

391 4252 431 4296 ne
463 4232 591 4313 Ducali,
623 4239 656 4297 et
688 4233 795 4314 ipsum
820 4231 975 4298 Castrum
1000 4232 1122 4298 eisdem
1155 4233 1294 4298 dominis
1326 4231 1511 4317 Capitonis,

393 4338 549 4418 Consilio,
581 4338 764 4406 Comitibus
798 4346 831 4404 et
856 4338 1088 4404 Prorisoribus
1113 4341 1268 4424 predictis
1293 4339 1512 4425 recipientibus

392 4447 461 4510 vice
477 4453 510 4510 et
525 4448 651 4513 nomine
677 4446 921 4514 Dominationis
947 4453 980 4511 et
997 4445 1185 4513 Communis
1211 4446 1426 4515 Venetiarum
1455 4456 1514 4512 tra·

393 4553 477 4620 didit
494 4559 527 4618 et
543 4555 1204 4639 consignavitterreudum,custodiendum
1216 4565 1246 4621 et
1257 4556 1446 4622 salvandum
1460 4573 1513 4639 pro
1586 4563 1587 4566 ’
