3166 5256
399 386 462 447 118
759 401 994 450 urvnouacmar
1011 388 1179 444 suntuna.
1259 365 1262 370 ’

397 581 471 627 rum
487 570 561 628 sunt
577 563 703 630 sincere
719 561 872 645 dispositi
889 561 923 626 in
939 560 1025 627 omni
1042 560 1222 640 devotione,
1238 560 1362 625 honore
1373 565 1404 624 et
1421 543 1515 624 amore
1570 621 1571 624 ,

399 669 521 735 domini
536 670 648 753 Regis,
664 670 747 735 sicut
762 667 896 733 fuerunt
912 687 985 732 cnm
1000 667 1069 732 suis
1080 664 1431 750 predecessoribus.Et
1441 665 1515 748 quio

399 776 478 862 quid
501 775 639 843 fecerint
670 782 703 842 et
730 775 913 856 habuerint,
938 781 971 840 et
997 775 1185 858 persentire
1215 777 1379 857 poterunt,
1395 773 1517 838 sollicite
1569 759 1571 766 ¹

398 885 491 951 nobis
509 884 660 964 scribant,
674 883 875 967 expectando
892 883 938 949 ibi
958 887 1106 947 nostram
1123 881 1383 966 responsionem.

509 991 671 1075 Capta:
697 989 783 1076 Quia
807 993 873 1056 ista
896 991 1035 1073 negocia
1060 995 1137 1054 sunt
1161 1010 1282 1072 magna
1307 995 1341 1053 et
1372 989 1477 1066 arduo,
1491 991 1518 1050 et

403 1101 573 1185 requirnnt
589 1100 707 1166 bonam
723 1099 1010 1166 deliberationem:
1035 1097 1125 1164 vadit
1148 1117 1236 1183 pare,
1262 1095 1351 1181 quod
1374 1097 1431 1162 hec
1452 1116 1517 1179 pars

401 1207 585 1273 inducietur
599 1228 702 1292 usqne
719 1207 762 1272 ad
779 1207 849 1272 dies
865 1212 938 1272 octo
963 1207 1143 1290 proximos.
1169 1205 1215 1271 at
1240 1207 1267 1270 si
1284 1211 1361 1270 ante
1376 1203 1519 1270 haheren-

404 1322 458 1382 tur
473 1337 566 1399 nova,
581 1337 639 1400 per
654 1336 718 1398 que
734 1314 897 1380 videretur
916 1313 1070 1395 Domino,
1087 1312 1294 1381 Consiliariis
1313 1318 1346 1378 et
1363 1310 1518 1396 Capitibus

404 1422 456 1488 vel
474 1420 694 1506 Sapientibus,
712 1421 752 1487 de
770 1421 927 1488 veniendo
943 1420 987 1487 ad
1003 1419 1182 1488 Consilium
1200 1427 1285 1504 ante,
1300 1420 1453 1486 veniatur.

602 1585 637 1647 (A
652 1584 783 1636 »Secreta
796 1585 910 1634 Consilii
923 1585 1113 1649 Rogarem«
1127 1584 1183 1634 Lit.
1197 1583 1230 1634 A.
1246 1583 1302 1632 vol.
1317 1584 1338 1650 l.

940 1965 1012 2026 108.

547 2125 622 2212 Epy
636 2123 908 2211 moyyororszotqi
923 2123 1050 2210 ptopb'lc
1071 2123 1289 2188 Velenczdboo.
1308 2126 1402 2189 1345.

516 2284 616 2350 Anno
626 2281 864 2352 MOOOXLV.
875 2283 928 2350 die
938 2283 1023 2348 XII.
1034 2282 1240 2372 Nouembris,
1256 2284 1431 2350 indictione
1441 2279 1523 2348 XIV.

413 2391 502 2474 Oap
515 2397 575 2458 ta:
593 2391 691 2478 Quod
707 2414 779 2458 oum
795 2393 858 2458 isto
885 2392 1014 2458 domino
1039 2394 1206 2476 Episcopo
1223 2391 1404 2476 Hungan'e,
1419 2391 1470 2476 qni
1485 2395 1522 2453 est

410 2500 473 2580 hic,
490 2506 523 2565 et
539 2499 622 2566 alias
638 2499 709 2582 fnit,
726 2505 759 2565 et
790 2499 958 2566 hostendit
989 2499 1111 2567 habere
1129 2521 1273 2567 amorem
1288 2507 1322 2566 et
1338 2499 1523 2566 devotionem

413 2606 455 2674 ad
471 2613 617 2673 nostrum
633 2607 830 2692 Dominium,
845 2608 971 2693 possint
980 2609 1071 2693 loqui
1087 2613 1122 2674 et
1135 2607 1327 2674 ratiocinari
1343 2609 1438 2675 verba
1453 2625 1524 2672 amo

410 2716 456 2782 ris
471 2721 505 2782 et
522 2715 700 2781 reverentie
717 2737 797 2800 erga
827 2717 1036 2782 Maiestatem
1053 2715 1194 2800 Regiam
1209 2716 1251 2782 do
1266 2715 1440 2800 Hungaria
1454 2713 1524 2779 circa

410 2825 454 2908 id,
471 2823 558 2908 quod
574 2825 759 2890 continetur
784 2825 822 2890 in
839 2831 945 2911 parte,
969 2845 1032 2908 que
1048 2825 1155 2909 pridie
1170 2825 1225 2890 hic
1239 2825 1428 2909 ponebatur,
1443 2821 1524 2889 insor-
1566 2803 1571 2812 ⁸

410 2933 527 3000 mando
544 2955 626 3015 enm,
643 2933 726 2999 sicut
741 2931 903 3000 videbitur
920 2931 1038 2999 utilius
1054 2953 1114 3017 pro
1130 2931 1227 3000 factis
1242 2935 1372 2999 nostris.

611 3095 645 3158 (h
661 3095 790 3146 »Secreta
804 3095 920 3147 Consilii
933 3096 1122 3160 Rogatorumr
1143 3095 1198 3146 Lit.
1214 3095 1247 3146 A.
1261 3095 1319 3147 vol.
1332 3095 1366 3156 Ι.)

895 3277 922 3285 .—
929 3275 1055 3285 Ἰ.....-..----η

944 3512 1016 3573 109.

698 3671 846 3758 Mopyar
861 3691 949 3758 serap
969 3670 1154 3736 Vraoooctt
1172 3673 1269 3737 1345.

522 3810 621 3877 Anno
653 3808 895 3882 MOCOXLV.
927 3813 980 3878 die
1011 3811 1113 3878 XIX.
1149 3812 1356 3880 Novembris.
1387 3811 1526 3895 Capta:
1570 3841 1571 3846 κ

415 3921 586 3988 Scribatnr
612 3939 663 3984 ser
683 3919 785 3985 Petro
813 3920 853 3986 de
880 3919 1006 4001 Canali,
1033 3918 1215 4005 Capitaneo
1241 3920 1358 4003 Mario,
1375 3919 1526 4004 quodonn
1570 3945 1571 3948 ¹

412 4030 599 4109 habeamus,
615 4028 704 4112 qnod
720 4029 883 4094 exercitus
894 4028 1129 4112 Hungarorum
1140 4035 1189 4094 est
1199 4029 1241 4094 ad
1252 4027 1409 4108 Vranam,
1425 4027 1527 4091 distan·

414 4144 479 4202 tem
495 4160 515 4202 a
531 4137 613 4202 mari
638 4157 696 4220 per
723 4136 787 4200 dno
813 4137 967 4216 miliaria,
993 4143 1095 4220 ponat
1120 4141 1268 4216 mentem,
1284 4158 1359 4203 cum
1375 4135 1527 4202 securitate
1570 4127 1571 4150 ³

415 4251 522 4309 tamen
538 4252 739 4309 armatorum
754 4249 788 4308 et
806 4245 915 4326 gentis
932 4249 1054 4325 nostre,
1070 4244 1110 4309 de
1126 4243 1284 4309 mittendo
1302 4265 1374 4309 cum
1389 4235 1527 4328 galeisad

329 4397 335 4409 .
415 4351 610 4417 obstandum
626 4358 659 4418 et
675 4350 930 4433 custodiendum,
949 4351 1038 4434 qnod
1068 4352 1227 4418 victualia
1243 4373 1309 4417 non
1324 4355 1468 4437 portetur
1481 4365 1528 4412 nec
1558 4329 1571 4400 'f

416 4459 516 4526 vadat
530 4478 588 4543 per
604 4481 694 4525 more
711 4460 754 4525 ad
770 4461 947 4526 exercitum
966 4461 1214 4543 Hungarornm.

618 4588 653 4652 (A
668 4588 795 4640 »Secreta
807 4588 922 4640 Consilii
934 4587 1126 4652 Rogatorum«
1141 4589 1196 4639 Lit.
1210 4589 1244 4640 Α.
1259 4590 1313 4639 vol.
1328 4588 1361 4651 Ι.)
