3108 5246
593 374 688 442 lsso.
1134 379 1198 444 375

69 537 254 621 Jerusalem
270 559 303 620 01
326 549 438 620 Sicilie
462 573 548 618 anuo
576 559 706 638 quarto.
722 549 793 618 Nos
809 551 1064 622 Bartholomeus
1083 554 1122 622 de
1140 556 1197 642 Sy·

70 679 158 726 mone
173 661 217 727 de
231 659 365 728 Auersa
380 660 424 728 ad
438 662 541 727 vitam
557 680 617 744 per
632 659 840 727 Provinciam
850 661 878 728 Τ
889 681 906 726 0
917 682 933 725 r
944 681 961 726 r
972 682 989 727 e
1000 661 1030 726 L
1042 683 1061 726 a
1072 662 1122 728 bo
1134 685 1150 728 r
1160 665 1197 730 is

70 775 99 834 et
122 766 308 834 Comitatus
332 767 457 852 Molisij
476 768 519 834 ad
535 772 720 834 contractus
745 768 769 833 J
772 766 864 850 udor,
880 767 1006 834 Paulus
1029 769 1070 836 de
1087 766 1196 836 Cerno

69 874 220 958 Puplicus
230 877 375 942 eiusdem
384 874 537 942 Civitatis
548 873 843 942 AverseNotarius
854 881 887 939 01
902 880 1003 942 100100
1014 876 1194 961 subscripti

70 991 125 1048 ote.
141 983 349 1049 declaramus
365 989 426 1048 etc
442 989 501 1048 etc.
519 989 580 1048 etc.
598 981 867 1068 (Haszonberltsi
884 981 1066 1067 szerzodes)

169 1089 212 1177 C)
228 1091 271 1156 In
297 1091 426 1156 nomine
451 1087 585 1155 Domini
609 1089 715 1155 nostri
731 1088 833 1154 Ihesu
850 1089 976 1156 Christi
991 1088 1056 1156 Dei
1072 1091 1199 1176 Eternj.

67 1195 160 1262 Anno
176 1197 220 1264 ab
246 1196 479 1264 Incamatione
504 1197 646 1262 eiusdem
669 1197 840 1263 millesimo
863 1201 1090 1265 trecentesimo
1107 1199 1199 1281 quin-

69 1306 257 1388 quagesimo
285 1304 337 1370 die
363 1305 681 1370 vicesimosecundo
706 1307 825 1370 mensis
851 1303 1067 1389 Septembris⁴
1079 1312 1199 1389 quarte

68 1411 265 1478 indictionis.
281 1410 456 1495 Regnante
472 1411 603 1476 domino
620 1410 897 1494 nostroLudoyco
908 1411 973 1476 Dei
983 1412 1091 1494 gratia
1103 1409 1199 1478 Sere-

68 1521 197 1585 uissimo
224 1519 385 1602 Vngarie,
409 1517 594 1584 Jerusalem
621 1525 654 1584 et
670 1518 781 1584 Sicilie
797 1517 896 1602 Rege,
912 1518 1101 1600 Regnorum
1118 1540 1195 1584 vero

68 1629 130 1692 eius
147 1626 300 1712 Vngarie
317 1648 402 1693 anno
417 1649 514 1710 nono,
528 1626 715 1692 Jerusalem
731 1633 764 1692 ct
775 1625 886 1693 Sicilie
902 1647 987 1691 anno
1002 1627 1111 1692 tertio.
1123 1625 1197 1692 Nos

67 1735 320 1803 Bartholomeus
331 1735 371 1801 de
381 1732 521 1818 Symonc
531 1732 799 1800 chuersaad
808 1735 908 1799 vitam
919 1755 977 1816 per
988 1732 1200 1800 Prouinciam

67 1841 163 1909 Terre
180 1843 325 1909 laboris
338 1843 381 1908 ad
392 1849 578 1908 contractus
589 1843 614 1909 J
617 1842 707 1922 udor,
718 1840 842 1906 Paulus
858 1841 898 1907 de
914 1839 1023 1906 Cerno
1039 1840 1198 1925 Puplicus

68 1949 206 2016 eiusdem
223 1948 381 2016 Civitatis
397 1948 565 2029 Notarius,
583 1957 615 2015 01
631 1957 731 2015 testes
747 1948 923 2030 subscripti
940 1949 982 2013 ad
997 1947 1059 2014 hoc
1073 1948 1199 2032 specia-

67 2055 130 2122 litis
160 2059 271 2125 vocati
303 2062 337 2122 et
367 2055 475 2141 rogati
518 2055 722 2122 declaramus
754 2061 812 2120 010.
845 2061 905 2119 010.
939 2053 1197 2139 (Ademtnyrasi
1319 2085 1320 2088 ¹

68 2164 230 2252 okmany.)

38 2355 41 2363 .
168 2271 218 2357 D)
237 2273 281 2337 In
295 2271 424 2336 nominc
441 2269 575 2335 Domini
592 2268 697 2334 nostri
713 2267 814 2334 Ihesu
830 2267 955 2334 Christi
968 2267 1198 2334 AmemAnno

69 2403 88 2442 a
102 2380 292 2446 Natiuitnte
309 2379 379 2442 eins
394 2377 564 2442 millesimo
580 2376 808 2442 trecentesimo
825 2377 1102 2462 quinquagesimo.
1113 2378 1200 2460 Reg-

72 2493 166 2552 usute
194 2485 411 2552 Serenissimo
429 2485 571 2550 Domino
588 2485 719 2549 domino
747 2483 914 2550 Ludouico
931 2481 996 2546 Dei
1021 2485 1130 2566 gratia
1145 2483 1199 2550 In·

69 2591 142 2658 clito
159 2594 257 2678 Rege
273 2591 430 2676 Vngaric,
445 2592 631 2659 Jerusalem
647 2596 681 2656 01
696 2589 818 2672 Sicilie,
833 2589 1023 2673 Regnorum
1039 2612 1114 2655 vero
1131 2593 1199 2656 eius

8 2711 13 2720 '
71 2699 214 2783 Vngan'e
232 2723 320 2766 anno
335 2721 430 2780 none,
445 2699 631 2766 Jerusalem
647 2705 680 2764 et
696 2697 807 2764 Sicilie
823 2717 909 2762 anno
937 2698 1035 2762 tertio
1060 2697 1200 2764 feliciter

71 2804 184 2873 Amen.
195 2809 261 2874 Die
273 2809 426 2875 vicesimo
443 2808 557 2891 quinto
573 2807 692 2874 mensis
703 2803 902 2890 Septembris
919 2811 1034 2888 quarte
1050 2804 1201 2870 indictio·

69 2919 116 2979 nis
144 2917 234 3000 apud
261 2913 525 2999 Capuanum.
550 2913 620 2980 Nos
645 2911 796 2978 Andreas
821 2914 861 2978 de
884 2912 1029 2995 Rogerio
1055 2909 1197 2995 (10000-

8 3071 10 3074 -
70 3043 148 3089 uerno
159 3025 307 3091 eiusdem
317 3032 405 3088 terre
416 3021 555 3088 Caiuani
567 3022 680 3104 suique
690 3019 868 3086 Districtns
879 3019 1198 3101 Judex,l¹homusius

8 3205 9 3210 γ
70 3129 108 3194 (10
123 3127 241 3197 Alesio
257 3128 449 3214 deNeapolj
466 3128 621 3213 Puplicus
637 3148 697 3211 per
714 3133 819 3192 toturn
834 3125 986 3208 Regnum
1005 3123 1115 3190 Sicilie
1132 3124 1196 3190 Re-

73 3238 123 3319 gia
150 3239 352 3305 auctoritate
377 3238 550 3318 Notarius,
575 3243 609 3301 01
623 3234 825 3318 infrascripti
841 3239 940 3298 testes
957 3231 1001 3298 ad
1016 3232 1078 3299 hoc
1094 3233 1197 3317 speci-

69 3343 161 3410 aliter
186 3346 294 3412 vocati
319 3351 354 3410 et
367 3345 476 3428 rogati
502 3343 707 3410 declaramus
732 3348 792 3407 etc.
809 3339 925 3424 (Peres
942 3340 1069 3423 ligyben
1085 3341 1196 3407 barat·

71 3459 162 3536 sagos
179 3451 404 3537 egyezkedts)

172 3563 220 3646 E)
236 3559 278 3625 In
294 3559 423 3624 nomine
439 3558 573 3624 Domini
589 3555 693 3623 nostri
709 3556 808 3621 Ihesu
833 3555 957 3620 Christi
983 3555 1048 3620 Dei
1073 3555 1198 3619 Etorni.

72 3664 166 3733 Anno
183 3669 225 3733 ab
241 3666 472 3732 incarnatione
499 3665 643 3730 eiusdem
668 3663 837 3728 millesimo
863 3663 1090 3726 trecentesimo
1108 3659 1200 3744 quin·

71 3774 246 3858 quajesimo
264 3773 315 3838 die
332 3774 482 3838 vicesimo
499 3773 637 3855 septimo
654 3772 771 3836 mensis
788 3767 989 3852 Septembris
1016 3774 1134 3849 quarte
1152 3767 1196 3831 in-

8 3885 11 3892 '
74 3871 1201 3963 dictionisRegnanteDominonostroLudoycoDeigratiaSerenis·

74 3989 149 4053 simo
166 3988 324 4072 Vngaric,
340 3987 527 4056 Jerusalem
543 3992 577 4052 et
593 3986 704 4053 Sicilie
720 3987 820 4067 Rege,
838 3984 1024 4066 Regnorum
1041 4002 1116 4046 vero
1132 3983 1201 4046 eius

77 4092 217 4178 Vugarie
227 4117 314 4161 anno
332 4116 426 4176 none,
436 4095 623 4161 Jerusalem
640 4101 674 4159 01
684 4091 792 4159 Sicilie
808 4112 894 4157 sunno
910 4090 1017 4156 tertio.
1029 4087 1100 4154 Nos
1117 4088 1200 4154 Bar-

77 4200 249 4268 tholomeus
266 4201 306 4267 de
323 4199 465 4285 Symone
481 4198 521 4266 de
546 4199 580 4264 A
591 4221 611 4265 u
622 4221 639 4266 0
650 4223 667 4264 r
679 4221 726 4267 sa
742 4197 786 4264 ad
802 4199 902 4263 vitam
918 4217 977 4279 per
995 4195 1201 4261 Provinciam

77 4309 186 4375 cloud
202 4313 387 4375 contractus
412 4306 437 4373 J
439 4307 542 4388 udex,
557 4306 680 4372 Paulus
697 4305 735 4371 ds
759 4302 868 4371 Corne
884 4301 1040 4387 Puplicus
1056 4302 1202 4369 ciusdem

80 4410 222 4482 Civitatis
247 4413 407 4481 Natarius
432 4420 466 4480 et
490 4420 592 4480 testes
615 4412 816 4497 infrascripti
832 4416 892 4478 otc.
910 4409 1124 4478 Declaramus
1142 4416 1201 4479 010.

81 4526 134 4586 010
150 4519 408 4607 (Adomsnyzesi
424 4517 587 4608 ohmtny.)
