3166 5256
599 355 696 436 lslt.
790 367 862 434 ¹.
956 317 958 320 ⁵
1148 355 1209 438 loc

7 593 9 618 ,
99 549 208 629 gerent,
232 541 280 610 vel
306 547 405 614 etiam
430 569 495 614 non
520 554 700 629 seruarent,
725 549 922 616 auctoritate
948 555 1060 614 nostra
1078 551 1213 617 studeas

7 665 9 730 ζ
97 670 160 719 ome
175 655 263 714 esau}
288 673 502 738 quascunque
527 655 760 740 colligationes,
784 653 1067 724 confederationes
1091 663 1124 724 et
1138 678 1212 743 pac-

7 829 9 850 ,
97 757 235 844 buonrrq‘
251 761 369 829 adauae
385 769 499 848 posset
524 765 686 830 suscitata
711 766 795 831 inter
819 762 927 848 Reges
943 769 1140 830 memoratos
1155 788 1211 831 nu·

98 866 159 931 triri
173 867 343 952 discordia,
367 871 420 938 vel
444 871 629 939 huiusmodi
655 877 774 957 treuga
797 871 922 953 violari,
939 872 1000 940 sub
1015 893 1207 958 quacunque

95 971 249 1042 formavel
266 978 475 1062 conceptione
506 981 678 1048 verborum
693 985 879 1046 contractas
895 979 982 1046 inter
998 999 1209 1066 quoscunque

7 1119 9 1172 l
98 1083 320 1164 quomodolibet
335 1085 529 1154 iuramentis
553 1095 740 1172 presumpte
755 1087 904 1170 luissent,
921 1087 1038 1166 nullas,
1054 1106 1164 1153 cassas
1179 1091 1213 1152 et

96 1187 195 1255 iri-itm
218 1211 288 1257 esse
320 1215 360 1260 ac
384 1193 494 1278 fuisse,
518 1195 608 1262 velut
635 1201 750 1262 contra
775 1196 895 1262 bonum
919 1192 1010 1278 pacis
1034 1193 1071 1259 in
1086 1191 1211 1260 Summi

82 1293 184 1378 »Regis
207 1297 362 1367 offensam
387 1307 508 1370 temere
535 1307 747 1388 attemptatas
772 1301 963 1386 nuntiando,
988 1307 1022 1368 et
1052 1308 1214 1386 quatenus

98 1399 225 1470 deiecto
240 1409 480 1490 processissent,
508 1409 719 1492 annullando,
744 1409 902 1476 cassando
929 1416 962 1474 et
978 1407 1148 1491 irritando,
1175 1429 1214 1474 ae

7 1507 9 1578 l
95 1529 183 1594 penas
196 1508 340 1581 adiectas
356 1521 389 1581 et
413 1516 596 1584 iutamente
618 1518 757 1602 prestita
782 1538 878 1601 super
895 1517 951 1596 eis,
966 1537 1039 1581 cum
1055 1516 1215 1582 iuramen-

7 1691 8 1718 ,
96 1625 155 1684 tum
179 1619 338 1688 vinculum
370 1621 556 1706 iniqnitatis
580 1645 651 1691 esse
677 1648 741 1691 non
757 1623 884 1709 debeat,
909 1622 1118 1690 nihilominus
1133 1624 1216 1690 rela-

7 1725 9 1830 ἑ
97 1727 191 1793 raudo
214 1727 321 1814 Super
346 1733 464 1816 quibus
480 1727 628 1801 omnibus
650 1739 683 1798 et
699 1732 773 1800 aliis
789 1733 875 1798 circa
905 1729 1066 1817 premissa
1083 1751 1214 1812 quomo·

7 1897 9 1926 s
101 1830 212 1900 delibet
241 1841 412 1920 oportunis
443 1837 610 1922 iaciendis,
636 1839 787 1925 gerendis
818 1845 852 1906 et
877 1833 1073 1918 exercendis,
1088 1838 1217 1922 plenam

7 1935 10 2028 ξ
98 1940 150 2007 tibi
174 1943 376 2011 concedimus
401 1951 513 2013 tenore
537 1947 733 2031 presentium
757 1945 843 2013 laoul
859 1953 972 2012 tatem.
988 1941 1113 2012 Datum
1129 1943 1216 2014 Ave-

98 2045 265 2120 nioneXV.
277 2053 439 2120 kalendas
448 2051 869 2121 NouembrisPontificatus
880 2053 985 2120 nostri
995 2073 1080 2118 anno
1089 2058 1218 2136 quarto.

410 2217 454 2278 (V.
468 2217 601 2268 Kelemen
615 2218 687 2282 papa
700 2212 887 2282 regestdibdl.)

612 2361 640 2368 -u
676 2357 729 2368 ...-

623 2591 696 2656 101.

7 2703 12 2794 l
105 2745 156 2816 Vl.
180 2749 327 2816 Kelemea
338 2753 434 2838 pdpa
443 2764 620 2841 ugyuaozl,
641 2775 713 2818 ezec
729 2750 886 2818 elcekam
901 2751 1113 2834 tekiatetdbdl,
1131 2749 1221 2818 kilc-

7 2849 10 2860 ’
207 2860 334 2925 ιεσίιέεί
349 2861 543 2926 rcudlcictllc'
561 2861 771 2927 botolommol
791 2861 1105 2956 ricbdzzafeblc'tdi.
1188 2858 1192 2866 ’

17 3106 20 3115 Ι
202 3013 355 3086 Clemens
364 3019 549 3106 Episcopus
567 3026 626 3088 etc.
646 3005 767 3086 dilecto
781 3017 849 3084 filio
866 3019 1028 3103 Magistro
1046 3017 1221 3086 Guillelmo

105 3119 139 3190 de
161 3125 317 3193 Pusterle
343 3126 515 3212 Preposito
541 3127 689 3196 Ecclesia
728 3126 957 3208 Posoniensis,
988 3125 1221 3212 strigoniensis

105 3227 254 3316 Discesis,
279 3230 460 3319 Capellano
485 3241 607 3320 nostro,
634 3233 826 3320 Apostolioe
853 3233 949 3302 Sedis
974 3233 1112 3319 Nuntio,
1138 3233 1224 3300 salin

104 3345 161 3406 tem
186 3349 246 3409 etc.
270 3343 346 3408 Etsi
361 3343 454 3409 iuxta
471 3345 650 3428 pastoralis
681 3342 779 3411 officii
797 3343 942 3410 debitum
958 3350 1018 3411 etc.
1034 3365 1137 3430 usque
1154 3343 1223 3408 des·

104 3447 211 3516 tinere.
237 3447 273 3516 Si
299 3469 376 3517 varo
400 3449 520 3534 prefati
545 3447 665 3537 Reges,
689 3448 805 3534 quibus
830 3471 890 3534 per
910 3451 994 3519 alias
1008 3452 1136 3518 litteras
1151 3469 1226 3516 nos-

107 3559 168 3623 tras
193 3578 292 3643 snper
316 3557 380 3622 hiis
407 3559 586 3642 scribimus,
610 3559 676 3625 tuis
700 3557 895 3638 huiusmodi,
920 3559 1019 3624 immo
1035 3559 1147 3642 pocius
1170 3577 1226 3622 no-

106 3665 176 3730 stris
200 3663 482 3748 requisitionibus,
507 3664 791 3733 exhortationibus
823 3671 857 3730 et
881 3666 1013 3732 monitis
1038 3666 1151 3747 utique
1175 3685 1226 3729 sa·

7 3819 9 3866 ξ
105 3767 246 3840 lubribus
272 3771 499 3856 obtemperare
524 3795 597 3840 cum
621 3773 739 3840 ellectu
763 3772 903 3840 forsitan
921 3779 1122 3853 recusarent,
1138 3769 1227 3856 quod

7 3867 11 3908 l
108 3874 195 3960 absit,
220 3886 256 3946 ut
280 3879 436 3964 predictis
462 3881 617 3964 periculis
643 3887 677 3946 et
703 3879 865 3946 scandalis
891 3880 1049 3964 obuietur,
1065 3888 1098 3948 et
1113 3878 1227 3947 utilius

106 3987 222 4065 possint
247 3986 334 4053 inter
363 4005 417 4052 eos
442 3986 612 4053 commodo
637 3987 826 4073 procurari;
842 3993 886 4066 tu,
899 3988 1097 4054 auctoritate
1113 3991 1237 4053 nosue-

7 4147 8 4152 ,
105 4091 183 4158 inter
205 4092 351 4178 prelatos
374 4093 494 4180 Reges,
518 4115 694 4179 eorumque
720 4093 888 4179 vassallos,
921 4095 1128 4176 adherentes,
1156 4091 1227 4158 lau·

7 4253 9 4288 ,
105 4202 195 4282 tores,
218 4199 387 4266 rallitores
412 4206 445 4265 et
471 4200 619 4269 subditos
643 4207 778 4286 treugas
793 4223 949 4287 procures
964 4201 1109 4268 indicere
1125 4217 1227 4282 usque

7 4293 9 4332 ³
106 4303 144 4369 ud
167 4307 398 4390 compententis
416 4309 574 4392 temporis
591 4307 743 4395 spatium,
760 4307 799 4374 de
816 4327 879 4394 quo
896 4307 958 4375 tibi
975 4307 1125 4393 expedire
1141 4305 1228 4372 vide·

7 4397 9 4424 ⁵
107 4410 198 4500 bitur,
221 4413 416 4496 duraturas;
441 4415 475 4480 in
494 4437 603 4483 omnes
619 4423 652 4484 et
668 4414 824 4502 singulos,
841 4437 920 4500 quos
936 4421 1051 4502 treuge
1069 4415 1138 4500 ipse
1154 4433 1227 4479 con-

7 4547 9 4612 g
108 4519 236 4610 lingent,
260 4523 478 4609 cuiuscunque
494 4531 611 4607 status,
627 4525 750 4598 cremis
785 4519 1008 4616 preminentie,
1035 4521 1228 4590 conditionis
1334 4583 1337 4594 ,
