3220 5248
373 398 437 460 518
731 409 967 456 ntruouuezmr
988 397 1157 455 nurthunn.

376 575 444 640 cius
462 570 616 640 Grimani
632 577 666 637 et
681 569 815 637 Marcus
831 569 1060 650 Manroeeuus,
1072 589 1183 635 omnes
1198 568 1411 635 honorabiles
1427 567 1501 634 cives

381 682 486 746 nostri
499 679 728 761 veneciarum,
746 700 807 761 pro
817 697 852 742 se
862 676 1084 742 acheredibua
1096 683 1129 742 et
1139 676 1379 743 successoribus
1395 696 1504 763 eorum,

377 796 410 853 et
426 794 497 854 tota
514 785 756 855 Commuuitate
765 784 986 854 Veneriorum
996 783 1179 869 predictum
1188 786 1409 851 iuramentum
1424 806 1502 870 pres·

375 903 492 964 tantes.
510 893 635 962 Actum
652 893 804 963 Veneciis
819 895 855 958 in
870 891 1020 960 Ecclesia
1035 889 1149 958 Sancti
1165 891 1282 959 Marci.
1298 891 1504 961 Prosentihus
1582 917 1584 972 l

374 1003 565 1071 Reverendo
578 988 680 1069 Patre
691 1003 821 1068 domino
831 998 1029 1085 Raymundo
1044 999 1161 1066 Eleoto
1177 1001 1375 1068 Patraoensi
1391 998 1504 1067 Archi·

375 1113 538 1196 episcopo,
561 1109 753 1179 Venerabili
777 1109 847 1175 viro
873 1107 1002 1175 domino
1034 1105 1244 1192 Neapoleone
1277 1109 1317 1174 de
1349 1109 1504 1175 hhihertis

378 1217 512 1285 Ordinis
538 1216 652 1284 Sancti
676 1217 840 1285 Johannis
866 1214 1129 1282 Jerosolimitani
1147 1215 1264 1283 Priore
1281 1215 1504 1285 Veneriarum
1583 1231 1584 1302 j

380 1327 511 1393 domino
536 1324 644 1392 Paulo
671 1322 817 1391 Cantoro
843 1329 877 1390 et
902 1322 1068 1391 Canonioo
1084 1323 1319 1408 Zagrabiense,
1335 1329 1369 1392 et
1384 1325 1505 1391 domino
1582 1329 1584 1386 ἶ

379 1433 538 1500 Ladislao
564 1431 729 1500 Canonieo
754 1432 917 1517 Budense,
933 1433 1076 1500 testibus
1100 1433 1227 1518 rogatis
1253 1440 1288 1500 et
1312 1433 1396 1514 aliis,
1427 1455 1505 1500 anno

377 1541 513 1607 Domini
529 1538 788 1621 MCCCLVHI,
812 1539 989 1606 indictione
1013 1539 1080 1624 XI,
1096 1540 1150 1608 die
1166 1540 1326 1608 dominico
1343 1542 1505 1626 vigesimo·

379 1649 493 1734 quinto
509 1646 627 1716 mensis
642 1646 817 1714 Februarii
833 1645 975 1714 feliciter
990 1645 1108 1715 Amen.
1583 1635 1584 1680 3

486 1793 523 1856 (Δ
536 1793 639 1844 »Liber
652 1793 819 1844 Paetorum«
835 1792 925 1844 ozimtt
938 1793 1077 1844 velenozei
1090 1793 1320 1860 tllamkonyvbffl
1334 1795 1368 1845 V.
1382 1793 1440 1844 kdt.
1455 1797 1501 1843 405
1582 1763 1584 1816 ss

379 1885 420 1935 rh.
435 1884 464 1936 ll.
479 1885 511 1935 V.
525 1889 542 1935 6
555 1883 637 1948 Fejer
650 1883 714 1936 Cod.
728 1884 792 1949 Dip.
806 1885 854 1937 IX.
867 1884 924 1936 kot
940 1888 964 1936 2.
978 1899 1000 1934 r.
1015 1888 1074 1936 654.
1088 1885 1127 1936 alr.
1147 1887 1188 1950 ll.)

379 2079 430 2166 Η)
469 2079 655 2146 Delfino
702 2081 843 2148 Janos
890 2080 1123 2147 velencuei
1170 2079 1372 2165 dugenek
1409 2101 1509 2146 enen

380 2187 692 2270 bekessegrol,
720 2207 741 2252 a
773 2187 1081 2272 mennyibena
1104 2187 1510 2271 snbvetsegesehet
1582 2181 1584 2194 ’

600 2295 738 2374 illeti,
764 2294 1299 2381 kiadottoknanyanass.

489 2419 662 2488 Johannes
687 2419 854 2505 Delphino
873 2421 939 2487 Dei
964 2423 1075 2506 gratia
1101 2419 1179 2487 Dux
1197 2421 1414 2491 Veneriorum
1430 2419 1511 2487 Cum

381 2529 415 2595 in
445 2550 565 2612 guerra
590 2535 624 2596 ot
648 2528 820 2610 discordia,
857 2551 953 2613 quam
989 2528 1110 2595 dudum
1136 2529 1214 2594 olim
1239 2529 1410 2597 habuimus
1442 2550 1511 2597 cum
1582 2515 1584 2522 ¹

355 2665 361 2677 ·
382 2635 600 2703 Serenissimo
616 2637 773 2722 Principe
789 2636 920 2703 domino
936 2637 1101 2706 Lodovieo
1113 2637 1177 2703 Dei
1198 2640 1309 2723 gratia
1318 2638 1413 2722 Rege
1422 2637 1510 2704 Hun-

381 2744 473 2830 garie
489 2749 550 2811 etc.
575 2743 615 2811 de
641 2766 707 2830 qua
731 2745 855 2813 Divina
870 2745 1064 2831 disponente
1081 2744 1265 2812 Clementia
1282 2746 1326 2812 ad
1340 2747 1433 2831 pacis
1448 2747 1511 2811 uni-

382 2859 486 2919 tatem
504 2857 537 2919 et
553 2851 736 2919 amicitiam
746 2853 936 2920 duraturam
945 2859 1106 2939 perpetuo
1117 2853 1308 2921 devenimus
1319 2875 1391 2919 cum
1402 2852 1511 2920 eodem
1582 2867 1584 2934 j

383 2962 493 3046 plures
510 2967 543 3028 et
557 2962 670 3044 plures
697 2961 761 3028 sibi
785 2962 975 3029 adheserint
996 2969 1113 3029 contra
1129 2985 1197 3047 nos,
1214 2968 1248 3028 et
1265 2963 1455 3047 specialiter
1470 2965 1512 3028 in·
1582 2965 1584 3024 l

382 3069 550 3154 frasoripti
580 3069 747 3136 videlicet:
778 3071 988 3137 Reverendus
1019 3072 1052 3136 in
1084 3069 1216 3138 Christo
1247 3079 1342 3155 pater
1367 3071 1513 3138 domiuus
1582 3045 1584 3128 l

385 3177 546 3244 Nicolaus
571 3175 823 3262 Aequilegensis
854 3177 1071 3261 Patriareha3
1101 3177 1270 3264 Magnifici
1300 3179 1365 3244 viri
1396 3178 1513 3245 domini
1582 3195 1584 3254 ς

386 3287 582 3352 Franciscus
599 3283 639 3351 de
656 3283 812 3352 Carraria
828 3285 989 3353 Dominus
1005 3287 1129 3370 Padus,
1153 3294 1187 3352 et
1200 3283 1360 3353 Albortus
1377 3295 1411 3353 et
1426 3287 1514 3370 May·
1582 3289 1584 3366 ξ

386 3393 509 3461 nardus
526 3393 670 3461 Comites
687 3391 819 3461 Gorioie
831 3418 838 3476 ;
848 3393 1059 3463 Venerabilis
1071 3401 1165 3478 pater
1176 3394 1325 3460 dominus
1335 3394 1514 3480 Episcopus
1581 3377 1584 3452 Ϊ

387 3501 595 3584 CenedensiS,
611 3509 643 3566 et
658 3503 785 3570 nobiles
801 3503 863 3570 viri
878 3502 1059 3570 Biaohiuus
1076 3503 1116 3570 de
1136 3503 1297 3587 Poreiliis,
1321 3504 1514 3571 Franciscus
1582 3509 1584 3524 “

387 3611 427 3676 de
443 3609 477 3676 la
494 3607 604 3693 Parte,
619 3609 758 3677 Nobiles
784 3611 823 3677 de
850 3613 988 3694 Vonico‚
1012 3609 1231 3678 Guezellonus
1257 3611 1297 3679 de
1313 3608 1462 3694 Camino,
1485 3617 1514 3678 et
1582 3683 1583 3686 Ἴ

386 3718 559 3804 Magnifiei
574 3718 636 3784 viri
651 3715 796 3785 Comites
813 3719 852 3785 de
869 3718 1029 3801 Collalto;
1045 3721 1125 3788 item
1142 3717 1302 3786 Civitates
1324 3719 1514 3806 Imperiales
1580 3705 1584 3714 ¹

389 3831 520 3897 domino
537 3829 733 3895 Patriarohe
750 3829 927 3913 commisse,
942 3829 1095 3896 videlicet
1112 3829 1261 3896 Feltrum
1285 3834 1319 3895 et
1334 3830 1515 3910 Bellunum,

391 3961 463 4006 oum
480 3938 702 4023 predictorum
713 3940 898 4005 omniumet
909 3938 1109 4023 singulorum
1120 3938 1345 4005 adherentium
1362 3944 1396 4004 ct
1407 3960 1515 4022 sequa·
1582 3937 1584 4010 l

389 4048 470 4114 tium
487 4067 618 4112 suorum
641 4045 845 4130 Civitatibus,
862 4046 1002 4130 Castris,
1022 4047 1142 4128 Terris,
1151 4046 1249 4128 sillia,
1259 4047 1516 4131 possessionibus
1582 4011 1584 4098 l

389 4157 539 4238 subditis,
549 4156 771 4240 servitoribus,
783 4156 937 4223 subiectis
950 4163 982 4222 et
993 4156 1193 4240 sequacibus
1210 4156 1470 4223 districtualibus
1486 4163 1515 4220 et
1580 4107 1584 4222 l

389 4265 539 4332 omnibus
558 4265 640 4348 aliis,
651 4267 749 4348 quiin
761 4267 898 4350 guerris
909 4287 990 4351 quas
1006 4264 1179 4331 habuimus
1197 4285 1270 4330 eum
1286 4264 1373 4330 dioto
1391 4264 1515 4330 domino
1582 4229 1584 4328 l

388 4373 489 4455 Rege,
522 4373 585 4437 sibi
611 4373 857 4456 quomodolibet
883 4373 1088 4440 adhesissent
1112 4373 1162 4438 vel
1187 4371 1355 4439 adhesisse
1371 4372 1514 4439 deelara-
1583 4449 1584 4454 γ

388 4485 512 4546 rentur.
537 4479 584 4546 Et
609 4503 704 4548 versa
729 4482 797 4548 vice
819 4482 920 4568 aliqui
945 4481 1038 4547 uobis
1055 4473 1243 4548 adheserint
1261 4485 1376 4546 eontra
1391 4501 1472 4562 eum,
1489 4485 1516 4544 et
1574 4499 1584 4540 .=

391 4589 577 4673 specialiter
601 4591 812 4675 infrascripti,
837 4589 987 4658 videlicet
1012 4588 1145 4658 Vlrieus
1171 4589 1210 4657 de
1234 4586 1454 4677 Reyfinbergo
1487 4591 1516 4652 et
