3110 5248
569 349 667 412 1347.
1115 345 1178 407 235

6 541 9 606 ζ
73 527 197 609 marinis,
212 549 283 593 cnm
307 526 485 594 communis
510 526 544 590 in
559 525 623 590 hiis
648 523 797 609 partibus
813 523 902 589 fame
916 523 1075 606 vulgaret,
1091 522 1179 606 quod

6 645 7 652 ’
72 635 237 720 Delphinus
253 638 339 703 idem
355 641 470 701 contra
486 641 520 699 te
536 634 570 700 in
587 633 757 700 Comitatu
774 637 831 699 tuo
842 631 1015 698 Provincie
1033 630 1075 696 ed
1091 630 1181 696 noui·

6 733 8 810 J
72 749 144 809 tates
157 743 306 827 prosilire
322 743 436 809 noxias
451 740 652 822 intendebat,
667 760 726 805 nos
743 739 892 822 dampnis
908 745 1008 824 atque
1017 737 1181 823 periculis,

6 909 8 918 .
71 871 124 934 que
138 851 270 916 subditis
286 853 353 916 tuis
367 850 511 916 maxime
527 849 607 915 dicti
623 845 808 914 Comitatus
824 847 1014 929 contingere
1028 849 1183 930 poterant

71 979 103 1022 er
122 959 316 1025 nouitatibus
332 957 527 1037 huiusmodi,
538 977 708 1023 occurrere
718 961 857 1038 paterna
873 952 1080 1022 solicitudine
1095 953 1183 1036 cupi-

71 1069 155 1144 entes,
177 1061 342 1149 prelatum
365 1062 570 1146 Delphinum
591 1081 652 1146 per
676 1060 805 1127 litteras
828 1065 957 1126 nostras
971 1059 1094 1144 pluries
1108 1060 1183 1124 hor-

69 1170 186 1237 tandum
200 1170 352 1238 duximus
368 1176 403 1237 et
416 1169 610 1254 rogandum,
625 1173 663 1233 ut
679 1167 781 1233 donec
796 1169 912 1233 saltem
937 1167 1064 1234 locutus
1088 1168 1182 1234 nobis

70 1280 212 1358 existeret,
228 1279 271 1345 ab
288 1278 376 1345 omni
392 1279 537 1344 nouitate
553 1278 652 1343 noxia
668 1277 703 1340 in
718 1274 806 1341 dicto
831 1271 999 1341 Comitatu
1014 1281 1129 1342 contra
1145 1279 1178 1340 te

5 1418 7 1478 ῃ
69 1386 200 1452 {edenda
223 1393 338 1453 nostro
363 1385 462 1451 vellet
485 1385 606 1450 intuitu
622 1383 797 1448 abstinere.
814 1383 962 1466 Cumque
987 1382 1183 1468 Delphinus,

5 1487 7 1540 ἶ
69 1493 179 1578 prefato
194 1515 352 1578 suspenso
369 1513 532 1577 processu,
545 1490 637 1557 cuius
653 1496 850 1575 apparatum
860 1489 991 1573 iecerat,
1007 1497 1039 1556 et
1055 1496 1184 1574 gentem

5 1585 7 1682 ζ
70 1607 319 1685 congregaverat,
338 1600 422 1666 sicut
437 1597 551 1682 fertur,
561 1619 596 1663 se
612 1597 655 1664 ad
669 1618 728 1662 nos
744 1597 961 1682 personaliter
978 1597 1184 1679 contulisset;

5 1707 7 1788 t
69 1729 116 1774 nos
130 1707 325 1774 desiderium
341 1713 488 1773 nostrum
505 1706 594 1771 circa
604 1703 833 1770 summovenda
842 1704 1025 1771 huiusmodi
1043 1705 1186 1790 dampna

4 1817 7 1890 ξ
70 1821 98 1880 et
110 1815 249 1900 pericula
276 1819 522 1899 prosequentes,
547 1833 620 1878 curn
644 1833 682 1878 eo
699 1833 797 1896 super
821 1811 895 1891 hiis,
921 1833 984 1895 que
1000 1812 1184 1880 huiusmodi

4 1893 6 2006 l
70 1924 252 1990 nouitatibus
281 1923 483 1989 occasionem
513 1919 717 2004 prestabant,
742 1926 776 1985 et
801 1919 875 2000 hiis,
902 1939 964 2002 que
991 1921 1077 1986 inter
1101 1927 1136 1986 te
1152 1928 1185 1987 et

4 2035 8 2102 t
70 2029 399 2096 carissimumin
424 2027 611 2094 Christo
637 2026 787 2092 silium
812 2027 1087 2095 Ludovicum
1112 2030 1185 2096 Re·

4 2133 15 2202 t
67 2158 144 2219 gem
181 2136 388 2221 Vngarie
412 2136 645 2202 illustrem
677 2134 862 2200 ordinanda
888 2141 973 2217 sunt,
1005 2138 1184 2221 incepimus

4 2233 7 2310 l
67 2244 172 2312 habere
195 2250 385 2327 tractatum,
410 2251 444 2310 et
468 2243 584 2332 demum
609 2261 741 2327 operam
765 2263 865 2326 penes
891 2264 974 2328 eum,
1001 2243 1090 2329 quod
1115 2249 1186 2330 ipse

4 2317 6 2452 l
68 2352 182 2438 sliquos
206 2353 332 2418 milites
355 2371 431 2417 suos
456 2351 499 2416 ad
529 2350 667 2416 eundem
693 2350 818 2434 Regem
834 2350 1001 2418 destinare
1024 2357 1186 2437 procuret.

3 2465 6 2576 j
70 2459 141 2526 Cum
155 2466 267 2526 autem
283 2458 431 2543 prefatus
447 2458 633 2542 Delphinus
649 2464 719 2525 tarn
734 2481 795 2544 pro
810 2459 886 2526 dote
902 2461 1082 2543 quondam.
1100 2509 1106 2524 .
1124 2509 1131 2522 .
1147 2460 1187 2526 de

3 2570 14 2616 t
68 2565 180 2635 Baucio
193 2569 309 2635 uxoris
325 2589 390 2652 sue,
415 2588 514 2651 quam
538 2567 769 2652 propensione
786 2589 897 2634 annue
913 2568 1001 2634 mille
1018 2568 1186 2634 meierum

67 2678 213 2757 promissa
229 2682 266 2742 et
282 2675 371 2741 lacta
387 2676 460 2756 sibi,
468 2681 506 2741 ut
521 2677 651 2756 asserit,
660 2697 719 2760 per
735 2676 989 2744 clarememorie
1005 2675 1187 2743 Rubertum

67 2779 179 2868 Regem
196 2782 313 2852 Sicilie
330 2805 428 2850 auum
443 2792 544 2868 tuum,
560 2784 637 2850 dum
653 2785 786 2867 uiueret,
798 2785 916 2851 debere
933 2782 996 2851 sibi
1020 2802 1085 2850 nou
1108 2803 1188 2866 par·

67 2911 132 2956 uam
155 2896 297 2976 pecunie
327 2893 545 2975 quantitatem
571 2900 811 2976 conqueretur;
828 2891 1049 2960 serenitatem
1079 2890 1186 2958 Tuam

66 3005 179 3066 attente
193 3021 363 3085 rogamus,
371 3002 519 3084 paternis
534 3001 596 3068 tibi
613 3008 646 3066 et
662 3002 797 3068 sinceris
814 3000 986 3070 affectibus
1002 2997 1188 3082 suadentes,

67 3115 213 3188 quatenus
239 3109 420 3192 prudenter
444 3108 617 3174 attendens
643 3115 676 3174 et
699 3109 909 3176 considerans
939 3107 1084 3193 prouide,
1100 3107 1188 3192 quod

13 3254 18 3272 .
68 3223 133 3282 sunt
147 3215 307 3296 nonnulli,
324 3216 380 3300 qui
397 3214 535 3280 eundem
558 3215 762 3299 Delphinum
788 3217 821 3282 in
847 3221 939 3282 tuum
964 3215 1188 3300 dictorumque

67 3321 262 3391 subditorum
297 3330 428 3389 tuorum
462 3323 676 3407 preiudicium
701 3332 733 3390 et
758 3324 934 3410 dampnum
959 3323 1126 3392 solicitare
1155 3329 1190 3388 et

68 3433 215 3517 instigare
231 3454 299 3500 non
315 3439 456 3516 cessant,
472 3433 625 3517 quodque
641 3433 828 3518 Delphinus
853 3443 922 3520 lpse
938 3434 1024 3518 apud
1041 3432 1189 3499 eumdem

3 3583 6 3644 Ι
67 3537 183 3624 Regem
200 3541 358 3625 Vngarie‚
368 3541 421 3607 cui
435 3543 585 3624 proxima
601 3542 683 3608 satis
699 3543 981 3628 consanguinitate
997 3543 1189 3609 coniunctus

3 3659 6 3750 q
68 3654 118 3728 est,
133 3650 218 3715 sicut
231 3646 443 3729 nosti,multa
452 3650 487 3715 in
502 3654 594 3716 tuum
609 3649 815 3716 commodum
830 3656 863 3714 et
877 3649 1051 3715 utilitatem
1060 3647 1190 3732 poterit,

3 3797 10 3830 ,.
68 3763 225 3838 prestante
250 3754 403 3838 Domino,
427 3755 599 3824 ordinere:
626 3759 755 3843 aliquos
771 3759 858 3825 viros
872 3759 1005 3843 probos·
1019 3757 1076 3842 qui
1092 3777 1190 3840 super

3 3853 6 3946 ἱ
67 3866 225 3946 premissis
249 3865 336 3930 inter
362 3871 406 3947 te,
432 3885 471 3931 ec
494 3865 621 3950 Regem
647 3874 680 3932 et
696 3865 898 3950 Delphinum
914 3865 1089 3949 predictos,
1106 3865 1190 3930 sicut

3 3963 6 4056 l
67 3973 270 4056 premittitur,
296 3971 480 4039 ordinanda
503 3980 597 4055 sunt;
622 3980 656 4040 et
680 3973 744 4039 hiis
769 3976 877 4057 etiam,
903 3993 966 4056 que
990 3974 1077 4038 inter
1101 3977 1135 4038 te
1152 3993 1190 4037 ec

69 4076 215 4146 dilectum
238 4078 344 4146 filium
369 4080 513 4145 nobilem
545 4081 650 4146 uirum
676 4079 851 4164 Hugonem
868 4078 1030 4146 (tomitem
1045 4075 1189 4146 Avellini

3 4199 5 4288 ξ
70 4193 193 4268 possent
209 4186 335 4272 aliquid
351 4186 516 4254 discordie
533 4209 658 4272 perere,
680 4188 896 4256 concordandi
923 4196 956 4254 et
980 4191 1015 4253 in
1030 4209 1089 4254 uos
1107 4206 1191 4254 eom·

71 4296 286 4380 promittendi,
302 4317 341 4362 ac
357 4295 566 4383 ordinationi*
581 4298 751 4380 voluntati,
761 4299 966 4386 dispositioni
983 4305 1016 4366 et
1031 4299 1191 4366 sententie

3 4371 6 4408 ⁵
72 4405 114 4469 vel
130 4405 307 4473 arbitratui
322 4412 436 4473 nostro
453 4407 682 4492 acquiescendi
698 4407 810 4490 libere,
825 4407 964 4490 illosque
980 4407 1190 4490 omologendi

3 4531 5 4598 3
72 4511 191 4594 plenem
206 4513 352 4582 habeant
368 4520 573 4600 potestatem,
585 4514 697 4584 adnos
712 4517 781 4581 sine
792 4514 905 4596 eliqua
915 4513 1190 4582 dilationetrans·
1255 4531 1259 4536 ·
