3134 5252
1 526 4 598 l

535 375 641 472 iser.

53 561 150 633 anus,
171 559 205 618 ut
220 559 274 618 tus
291 535 471 620 deuotionis
491 553 698 619 meritorium
724 559 755 617 ct
771 553 1026 620 commendabile
1054 574 1152 638 super

52 661 103 726 biis
116 659 248 728 studium
266 659 384 727 solidet
399 665 432 725 et
457 666 652 743 augmentet
678 659 765 727 Sane
791 681 863 726 eum
880 660 1021 727 letanter
1041 683 1150 746 perce·

51 768 176 850 parimus,
198 767 309 834 eodem
339 767 504 852 Episcopo
530 765 703 850 referente,
727 766 942 850 Magnificum
961 765 1150 853 Principem

50 875 222 959 Stephanum
249 875 373 960 Regem
391 875 492 942 llacie
517 876 676 942 illustrem
692 877 738 941 sic
761 874 929 942 Diuiuitus
945 876 1151 959 inspiratum,

51 984 120 1066 quod
133 1005 184 1048 sne
199 1005 237 1048 ae
252 984 367 1068 populi
381 984 430 1049 sui
447 985 545 1050 saluti
562 987 745 1050 animarum
760 983 940 1064 intendens,
966 991 1000 1048 et
1015 984 1150 1068 diligen-

50 1099 89 1156 ter
101 1092 274 1176 aduertens,
299 1094 387 1177 quod
412 1101 506 1160 extra
530 1114 663 1177 gregem
688 1093 906 1176 Dominicum,
929 1095 984 1178 qui
1010 1098 1061 1160 est
1076 1113 1151 1159 cou-

49 1202 173 1282 gregatio
189 1197 437 1267 Catholicorum
460 1200 615 1280 fidelium,
640 1222 705 1266 non
730 1209 781 1267 est
805 1200 902 1266 alicui
918 1202 1027 1286 gratia
1042 1219 1149 1284 neque

48 1307 125 1389 salus
144 1331 175 1376 se
190 1312 282 1376 nune
298 1312 333 1376 iu
349 1313 424 1377 sinu
449 1309 572 1377 Sancte
590 1309 741 1378 Romane
757 1309 915 1393 Ecclesia,
938 1309 1061 1376 Matris
1077 1309 1145 1375 vni-

47 1437 187 1483 uersornm
217 1418 363 1485 fidelium
380 1425 414 1484 et
443 1419 615 1503 Magistra,
639 1419 761 1485 reiecto
792 1426 825 1484 et
841 1439 973 1485 excusso
1005 1418 1150 1485 cuiusuis

47 1524 167 1606 pestiferi
180 1524 342 1592 fermento
359 1526 525 1608 adamatis,
541 1525 707 1593 desiderat
723 1533 756 1592 et
771 1525 912 1606 affectat,
928 1525 1035 1592 eidem
1051 1523 1149 1592 Prin-

47 1631 95 1713 cipi
108 1639 228 1698 nmtras
259 1632 394 1697 litteras
423 1631 602 1716 dirigimus,
625 1632 793 1700 landabile
824 1635 929 1700 suein
960 1633 1024 1698 hac
1053 1647 1149 1716 parte

46 1736 186 1802 salutifere
210 1737 610 1822 devotionis-propositum
636 1740 899 1806 commendantes
923 1739 1150 1823 multipliciter

45 1865 94 1909 non
114 1846 248 1932 indigne,
270 1849 443 1932 ipsumque
468 1846 680 1930 deprecantes
705 1852 739 1913 et
756 1848 925 1914 hortantes
951 1853 1086 1930 attente,
1111 1853 1148 1913 ut

13 1946 290 2018 ‘adobtinendam
321 1953 479 2019 Diuinam
494 1952 528 2017 in
559 1955 704 2038 presenti
736 1955 887 2038 gratiam,
912 1959 947 2020 et
964 1953 1149 2038 perempnis

43 2059 141 2140 gaudia
154 2060 406 2144 promerendam
415 2061 449 2124 in
463 2059 574 2127 futuro
584 2063 724 2144 gloriam
741 2062 774 2128 in
791 2084 848 2129 suo
857 2061 1027 2146 proposito
1037 2061 1149 2127 buius-

43 2164 112 2228 modi
125 2164 259 2248 ferueat,
282 2165 367 2231 illud
392 2169 426 2230 in
442 2164 592 2232 effectum
618 2167 794 2252 perducere
819 2169 971 2234 celeriter
996 2189 1061 2234 non
1078 2188 1149 2233 om-

42 2273 147 2356 nittat;
168 2276 245 2358 quia
269 2275 343 2342 Nos
360 2281 393 2339 et
422 2275 494 2358 ipsa
517 2274 666 2341 Ecclesia
689 2297 762 2342 eum
787 2277 928 2344 extensis
953 2275 1097 2344 brachiis
1114 2281 1147 2341 et

42 2380 200 2447 aritatiuis
241 2383 363 2448 osculis
403 2383 594 2466 recipiemus
628 2383 808 2466 gaudenter
839 2384 883 2450 ad
913 2381 1148 2449 exaltationem

41 2487 78 2550 sni
92 2492 196 2568 status,
219 2490 407 2555 honoris'et
422 2491 571 2569 nominis,
595 2495 754 2574 quantum
779 2511 851 2556 eum
868 2489 942 2558 Deo
958 2491 1146 2576 poterimus,

40 2591 223 2662 intendendo.
249 2594 398 2680 Ideoque
423 2597 627 2663 nobilitatem
652 2602 742 2662 trram
757 2617 912 2681 rogamus
927 2605 961 2664 et
976 2597 1148 2664 hortamur

38 2708 149 2785 attente,
172 2711 340 2788 qnatenus
355 2710 401 2788 tu,
418 2705 475 2789 qni
489 2704 596 2771 eidem
612 2706 741 2771 assistis
755 2703 973 2788 familiariter,
997 2710 1030 2771 et
1044 2704 1147 2790 ipsius

38 2829 203 2890 promovere
218 2813 345 2879 teneris
370 2812 572 2880 commodum
588 2821 623 2880 et
638 2813 785 2896 salutem,
807 2814 914 2899 ipsum
928 2811 972 2879 ad
986 2812 1147 2898 premissa

37 2917 85 2981 riis
98 2925 127 2983 et
140 2921 249 2987 modis
267 2921 436 3006 oportunis
452 2922 596 3003 inducas,
605 2927 643 2988 ut
657 2927 714 2988 tue
728 2921 888 2988 mercedis
905 2921 1041 3006 proinde
1057 2916 1146 3006 apud

36 3019 123 3090 Deum
151 3028 303 3094 cumulus
333 3033 500 3112 augeatur,
524 3052 563 3096 ac
592 3035 738 3095 nostram
769 3035 802 3094 et
825 3028 1017 3114 Apostolice
1048 3025 1144 3094 Sedis

36 3128 276 3201 benedictionem
307 3142 339 3202 et
364 3139 505 3219 gratiam
530 3137 848 3203 vberiusmerearis
872 3133 1070 3221 supradicto
1086 3155 1144 3200 au-

35 3244 86 3304 ten
111 3243 287 3328 Episcopo,
320 3265 415 3326 quem
440 3251 497 3310 tue
514 3244 775 3311 commendamus
790 3241 1015 3321 benivolentia,
1046 3240 1146 3308 fidem

37 3346 106 3414 eirca
118 3351 281 3434 premissa
304 3352 429 3435 poteris
451 3351 622 3418 'credulam
653 3351 817 3418 adbibere.
841 3351 967 3417 Datum
983 3347 1146 3415 Arinione

0 3439 1 3454 ¹
36 3450 82 3519 Vl
102 3479 203 3525 nonas
219 3459 353 3537 Marcii,
372 3458 586 3526 Pontificatus
601 3460 706 3526 nostri
721 3480 807 3525 anno
824 3459 947 3542 quinto.

0 3599 1 3632 l
122 3565 162 3631 In
177 3567 294 3634 eodem
310 3567 406 3633 modo
422 3563 587 3650 Gregorio
605 3563 745 3633 Golubie
771 3565 886 3633 (lesan
899 3565 1010 3648 Regni
1025 3563 1146 3645 Racie3

34 3667 169 3741 Michaeli
202 3674 327 3742 domiti
346 3672 550 3756 Gatharens;
573 3675 689 3740 Marce
718 3675 889 3760 Ragassio,
912 3672 1015 3740 Petro
1042 3669 1145 3736 Crau-

34 3781 102 3846 nuri
116 3781 239 3850 Comiti
257 3783 456 3864 Scutareusi,
481 3780 711 3864 Sebagnozare
731 3779 913 3868 Capitoneo
927 3778 1143 3847 Antibarensi

1 3900 4 3952 ι’
33 3881 140 3954 Datum
154 3895 320 3975 utsupra.

349 4033 393 4096 (V.
405 4031 539 4086 Kelemen
551 4033 623 4100 papa
640 4031 824 4099 regentium.)
