3220 5262
380 371 451 432 636·
598 394 610 415 ν
733 381 970 431 ninuounozmr
987 371 1154 430 suranus.

380 553 487 614 autem
504 546 627 613 lactum
644 545 793 610 fueritin
810 545 976 628 predictis,
992 543 1126 613 studeas
1148 545 1242 611 nobis
1260 545 1370 630 sepius
1387 565 1511 611 succes·
1600 607 1604 614 .

381 659 459 724 siris
484 655 684 741 temporibus
709 656 869 721 iutimare.
891 655 1016 722 Datum
1031 651 1195 722 Aviuione
1210 653 1338 724 VIIII·
1353 653 1512 722 kalendas
1608 641 1609 644 ¹

380 765 465 834 dolii
481 763 699 832 Pontificatns
714 763 819 833 nostri
835 784 920 830 anno
935 765 1042 830 tertio.

732 912 776 974 (V.
790 909 885 962 Orbata
897 909 972 978 palpa
984 907 1173 978 regestdibdl.)

811 1055 971 1066 ---.o—-.

906 1203 983 1266 4⁷3.
1076 1249 1079 1252 -

412 1363 441 1430 A
451 1363 606 1446 florenczi
622 1363 902 1452 kdatdrsaedpaolc
919 1363 946 1429 l.
966 1365 1065 1452 Lajos
1081 1387 1222 1451 mappas
1237 1363 1362 1450 latraty.
1386 1365 1479 1428 1365.

487 1524 670 1592 Lodovicus
695 1524 759 1590 Dei
783 1526 897 1610 gracia
921 1524 995 1592 Rex
1019 1523 1191 1609 Huugarie
1214 1521 1391 1589 Nobilibus
1407 1528 1441 1588 ct
1455 1543 1510 1606 po·

380 1633 524 1699 tentibus
548 1633 626 1698 viris
650 1632 886 1718 Regimiuibns,
902 1633 1048 1701 Consilio
1077 1639 1111 1700 et
1145 1629 1319 1698 Communi
1354 1631 1507 1698 Civitatis

379 1741 546 1808 Florentio
571 1740 710 1807 salutem
741 1747 775 1808 et
805 1762 901 1808 omne
930 1741 1059 1810 bouum.
1092 1738 1179 1825 Quia
1209 1737 1332 1808 Vestra
1363 1739 1509 1806 liberalis
1608 1791 1609 1796 ,

379 1847 634 1934 Circumspeclio
660 1849 700 1916 de
725 1849 866 1934 quodam
891 1848 1024 1934 speciali
1048 1854 1194 1917 tractatu
1218 1869 1322 1932 nuper
1348 1849 1509 1938 intervos

378 1956 494 2028 habito
523 1953 645 2024 Nostro
676 1953 888 2024 Celsitudinis
914 1957 1141 2042 amplectendo
1173 1976 1214 2021 ex
1243 1955 1368 2023 intimis
1400 1955 1508 2021 cordis

379 2065 598 2146 clementiam,
638 2087 747 2151 ymmo
787 2065 828 2132 de
860 2065 1034 2133 dilectione
1066 2073 1099 2131 et
1129 2071 1226 2149 grata
1256 2064 1508 2148 pertractatione

379 2179 621 2240 antecessorum
645 2180 679 2240 et
701 2175 925 2259 proximorum
941 2180 1128 2242 nostrorum
1143 2173 1238 2240 avide
1254 2172 1439 2253 recolendo,
1453 2193 1509 2258 pre

378 2282 502 2348 cunctis
527 2301 586 2348 nos
611 2288 646 2350 et
669 2284 801 2349 domum
825 2289 973 2351 nostram
999 2282 1121 2349 habere
1146 2281 1292 2348 decuerit
1334 2287 1508 2366 exemptos,

382 2389 558 2474 plurimum
583 2413 623 2458 ex
648 2392 710 2457 hoc
724 2389 847 2457 Nostra
862 2389 1035 2458 Maiestati
1052 2389 1265 2471 conferend03
1280 2389 1404 2456 idcirco
1421 2390 1508 2456 vobis

381 2501 588 2584 generaliter,
613 2508 647 2568 et
671 2502 809 2587 singolis
834 2501 1046 2586 singulariter
1069 2522 1131 2586 pro
1155 2483 1324 2585 premissis
1359 2501 1505 2566 omuibus

379 2613 414 2675 ct
440 2610 587 2694 quolibet
611 2611 845 2695 premissorum
870 2611 1072 2694 assurgimus
1098 2608 1140 2676 ad
1155 2609 1338 2694 gratiarum
1352 2608 1507 2693 multipli·
1605 2671 1609 2684 ,

378 2739 432 2784 ces
454 2719 617 2802 actiones;
634 2717 805 2785 offerentes
828 2739 887 2784 nos
904 2717 946 2784 ad
963 2717 1082 2784 similia
1097 2724 1132 2783 et
1145 2718 1275 2785 maiora
1289 2718 1370 2785 totis
1385 2715 1505 2783 viribus

377 2833 583 2910 preparatus,
609 2847 648 2892 ac
673 2826 716 2893 ad
741 2825 851 2892 omnia
875 2847 938 2910 quc
962 2825 1081 2892 vestris
1101 2823 1220 2892 cedant
1235 2826 1321 2891 votis
1337 2825 1461 2910 placita
1475 2830 1507 2892 et
1607 2887 1609 2920 ¹

377 2939 517 3018 accepta,
532 2932 667 3000 indubie
681 2955 808 3018 semper
818 2937 852 3000 et
861 2932 981 3017 ubique
996 2933 1102 3019 Regio
1118 2955 1191 3000 cum
1205 2932 1320 3000 favore
1336 2953 1504 2999 occurrere
1607 2925 1609 2940 ‘

377 3039 521 3108 Domino
546 3042 767 3128 permictente.
792 3039 865 3107 Nec
920 3041 1063 3108 credatis
1094 3042 1276 3109 titubantes
1310 3063 1330 3108 a
1365 3041 1504 3126 vestigiis

379 3155 565 3216 nostrorum
589 3148 855 3234 predecessorum
878 3149 945 3216 ullo
971 3168 1116 3234 unquam
1149 3156 1296 3234 tempore
1329 3147 1364 3216 in
1397 3149 1504 3232 aliquo

378 3256 526 3338 deviare3
553 3257 609 3322 sed
634 3257 780 3342 profecto
806 3258 945 3325 scientes
971 3257 1005 3322 iu
1030 3256 1181 3325 omnibus
1197 3265 1231 3324 et
1245 3278 1305 3343 pcr
1322 3258 1432 3324 omnia
1446 3279 1502 3342 pro
1606 3255 1609 3324 l

378 3366 518 3434 nominis
559 3371 593 3432 et
632 3365 765 3433 honoris
800 3367 906 3434 nostri
937 3366 1145 3450 exaltatione,
1174 3365 1273 3434 rebus
1305 3373 1337 3432 et
1367 3387 1502 3451 persona
1607 3365 1608 3408 l

375 3479 527 3558 prompto
557 3475 704 3541 iuvenire
728 3474 958 3560 promptiores.
984 3473 1140 3542 Potentes
1164 3475 1281 3560 itaque
1307 3481 1446 3558 notente,
1467 3481 1502 3541 ut

376 3582 410 3646 in
436 3582 606 3667 proposito
630 3588 722 3666 cepto
739 3581 779 3649 de
798 3582 883 3649 bouo
898 3583 933 3648 iu
955 3582 1070 3650 melius
1087 3605 1142 3650 vos
1157 3581 1394 3652 corroborante
1409 3583 1502 3669 persi

376 3695 464 3755 stere
479 3691 585 3757 nostri
601 3691 740 3757 nominis
757 3691 1033 3776 contemplatione
1049 3689 1194 3758 effective
1210 3693 1328 3774 velitis,
1343 3698 1382 3759 ut
1397 3691 1500 3759 exhoc

375 3798 466 3864 vobis
492 3797 630 3883 amplius
646 3799 824 3866 reddamur
840 3797 882 3865 ad
899 3800 1044 3866 actiones
1060 3807 1094 3866 et
1108 3800 1226 3868 merita
1241 3801 1424 3886 gratiarum
1439 3822 1500 3865 non
1602 3883 1608 3892 ι

375 3907 538 3974 immerito
555 3907 703 3994 obligati.
719 3908 812 3975 Data
827 3907 924 3976 Bude
940 3908 993 3976 die
1009 3908 1201 3977 duodecima
1216 3911 1337 3978 mensis
1353 3910 1378 3977 J
1379 3909 1444 3975 ulii.

1185 4018 1259 4086 Rex
1276 4017 1456 4101 Huugarie.

486 4130 520 4193 K
519 4128 610 4194 icitl:
634 4124 810 4193 Nobilibus
825 4133 860 4194 et
874 4127 1063 4211 potentibus
1078 4127 1157 4193 viris
1170 4127 1405 4211 Regiminibus,
1419 4121 1498 4191 Cou-
1606 4197 1607 4204 ἵ

381 4236 455 4302 silio
472 4242 505 4302 et
520 4233 693 4302 Communi
709 4231 861 4301 Civitatis
876 4233 1054 4302 Florentia.
1605 4225 1607 4228 ’

483 4380 525 4430 Aa
550 4381 702 4431 ›Archivio
724 4379 798 4431 delle
820 4379 1025 4446 Risormagioni
1048 4381 1092 4432 dei
1110 4379 1251 4446 Capitoli«
1264 4379 1495 4440 xv1.koteuoo1,

376 4470 534 4525 adoreuczi
546 4472 741 4534 levtltarban.)
1605 4473 1607 4478 ’
