3220 5262
406 373 470 434 650
760 355 992 433 nrrnounczrnr
1010 376 1178 434 suessan.

405 550 603 616 auctoritate
628 545 824 632 Apostolico
848 555 963 614 tenore
987 552 1186 632 presentium
1210 551 1409 634 elargimur3
1427 547 1525 614 indul·

405 658 550 742 gentiam
575 680 651 724 uero
676 657 838 742 prefatam
864 660 1092 740 concessimus,
1117 666 1215 744 prout
1242 660 1277 724 in
1308 659 1382 725 aliis
1412 657 1526 722 nostris
1591 727 1595 740 ,

405 765 526 831 litteris
551 765 625 831 inde
651 765 807 833 confectis
832 766 961 849 plenius
987 769 1181 835 continetur.
1213 768 1307 834 Nulli
1338 768 1439 851 igitur
1468 771 1523 830 eto.

406 873 533 941 Datum
572 873 737 940 Arinione
777 875 925 941 kalendis
956 873 1040 942 Julii
1072 877 1285 942 Pontificatus
1316 876 1421 942 nostri
1448 895 1524 940 anno

406 989 534 1067 quarto.

749 1073 793 1138 (V.
808 1075 902 1126 omen
916 1077 988 1140 papa
1001 1077 1193 1142 regestriibdl‚)

892 1223 955 1230 -—-.
965 1221 979 1228 .-
987 1222 1052 1230 ..—

935 1359 1009 1422 483.

515 1523 544 1588 A
563 1521 714 1586 uelruczer'
730 1521 869 1606 dopeuelr
885 1521 915 1584 Ι.
933 1522 1034 1605 Lojos
1049 1543 1190 1608 mopyor
1205 1517 1436 1610 kirolpjlsto.

515 1683 700 1749 Lodouicus
717 1681 782 1747 Dei
798 1682 911 1764 gracia
927 1679 1000 1747 Rex
1016 1681 1198 1767 Hungarie.

516 1789 632 1858 Amice
648 1789 845 1858 charissime.
862 1789 968 1876 Super
984 1813 1030 1872 eo,
1048 1791 1135 1874 quod
1151 1791 1244 1858 nobis
1260 1798 1377 1858 contra
1390 1790 1525 1858 Tarchas

408 1924 467 1987 per
490 1901 617 1967 litteras
643 1907 778 1984 vestras,
804 1922 885 1984 quas
910 1906 1008 1986 grata
1034 1900 1207 1968 affectione
1234 1903 1423 1986 recepimus,
1446 1900 1525 1980 duas,
1594 1887 1596 1890 ⁵

409 2017 483 2092 tres,
499 2032 601 2094 usque
617 2010 761 2094 quinque
786 2009 898 2092 galeas
925 2011 1042 2074 vestris
1058 2011 1206 2092 expensis
1223 2015 1367 2076 armatas
1383 2030 1441 2093 pro
1457 2015 1526 2074 tcm-

409 2139 486 2201 pore
504 2140 560 2183 sex
576 2117 733 2184 mensium
749 2117 949 2202 promittitis,
966 2123 999 2182 et
1014 2116 1117 2182 libero
1132 2117 1265 2200 offertis,
1275 2118 1418 2184 amicitie
1429 2123 1527 2181 vestre

408 2225 604 2311 multiplices
630 2227 811 2311 gratiarum
837 2226 1009 2292 referimus
1025 2226 1184 2308 actiones;
1201 2226 1337 2292 eandem
1355 2226 1436 2292 scire
1451 2224 1527 2290 desi-

410 2333 570 2416 derantes
580 2334 667 2420 quod
682 2335 723 2402 de
734 2340 889 2420 tempore,
906 2357 971 2418 quo
982 2335 1093 2418 galeas
1102 2335 1191 2419 ipsas
1207 2333 1329 2400 habere
1340 2333 1525 2410 debebimus,
1594 2383 1596 2412 p

409 2448 442 2507 et
459 2440 499 2508 de
523 2441 605 2526 loco,
630 2441 672 2507 ad
689 2465 784 2528 quem
799 2446 847 2508 ire
863 2442 1012 2525 debeant,
1028 2442 1175 2509 volumus
1191 2463 1246 2508 vos
1262 2463 1322 2526 per
1340 2443 1464 2508 litteras
1481 2440 1523 2505 sel
1595 2457 1596 2470 ¹

411 2550 542 2618 nuntios
567 2550 678 2617 debito
704 2558 850 2636 temporo
875 2551 1010 2618 reddere
1037 2552 1199 2618 certiores.
1230 2550 1320 2616 Date
1346 2551 1406 2617 sub
1431 2557 1527 2616 castro
1589 2593 1596 2607 .

413 2655 549 2743 Gurgeu
573 2659 607 2723 in
632 2666 723 2724 terra
749 2658 933 2726 Siculorum
959 2666 1145 2726 nostrorum
1171 2659 1223 2724 die
1248 2660 1405 2743 vigesimo
1421 2655 1525 2723 mensis

411 2763 507 2831 Junii
523 2787 609 2832 anno
625 2767 754 2837 LXVI.

520 2876 624 2941 Kior'tl
640 2901 651 2939 .·
667 2875 788 2940 Inclito
804 2875 935 2941 domino
951 2872 1068 2942 Marco
1089 2873 1250 2941 Ceruario
1277 2873 1362 2940 Duci
1388 2871 1525 2941 Venetia·

411 3003 483 3046 rum
499 2982 603 3047 amico
619 2987 732 3048 nostro
748 2981 949 3048 charissimo.

521 3089 622 3173 Nota,
648 3091 736 3176 quod
761 3091 908 3176 prefatus
935 3091 1085 3158 domiuus
1112 3092 1185 3158 Rex
1211 3091 1333 3157 similes
1350 3097 1383 3157 et
1397 3089 1524 3155 eiusdem

411 3202 533 3266 tenoris
549 3201 699 3267 litterras
715 3201 890 3268 destinauit
906 3201 1027 3266 Duculi
1044 3197 1208 3266 Dominio.
1225 3199 1312 3264 Date
1322 3199 1356 3264 in
1366 3197 1470 3282 Lippa
1483 3196 1525 3260 dic
1592 3235 1594 3296 3

412 3307 528 3374 XXII
534 3308 576 3374 [Ι.
592 3308 710 3376 mensis
726 3307 819 3390 Julii,
836 3331 921 3376 anuo
937 3305 1068 3378 LXVI.

521 3438 556 3500 (A
571 3437 674 3502 »Copia
687 3438 720 3488 de
735 3438 976 3489 Commemorialis
989 3437 1078 3488 czimtt
1089 3438 1227 3488 ueleuczei
1236 3435 1463 3499 ellamkiinysbdl
1474 3433 1527 3482 VII.

412 3529 470 3580 nor.
489 3534 510 3580 r.
525 3544 547 3582 r.
563 3535 622 3581 aas.
636 3533 666 3592 ι.)
1592 3517 1593 3530 ’

943 3819 1019 3882 484.

414 3984 438 4046 Ι.
455 3985 555 4069 Lojos
572 4006 713 4070 moppor
729 3982 841 4066 loirdly
858 3983 890 4045 6⁸
906 3981 1120 4068 Palaeclopus
1136 3980 1241 4046 Ja'nos
1252 3980 1532 4068 byzanrzicrdszu'r
1590 4001 1592 4066 ξ

446 4115 467 4156 α
483 4092 622 4179 rryupati
639 4093 671 4154 e's
687 4091 781 4155 toleti
798 4089 960 4176 epphdzak
977 4089 1216 4178 eppesl'le'se'nck
1232 4089 1383 4174 itpye'bea.
1410 4088 1502 4150 1366.
1589 4075 1592 4182 l

522 4251 678 4321 Vrbanus
695 4251 881 4335 Episcopus
897 4257 956 4315 etc.
974 4250 1143 4316 carissimo
1159 4249 1191 4313 in
1209 4248 1342 4314 Christo
1357 4247 1532 4313 filioLudo

414 4362 484 4426 rico
501 4361 585 4445 Regi
602 4360 748 4444 Vngarie
764 4360 884 4424 illustri
903 4358 1043 4424 salutem
1061 4363 1120 4424 etc.
1136 4356 1242 4442 Super
1258 4356 1382 4441 negotii
1402 4355 1532 4422 reconci-
1589 4347 1591 4390 ¹

414 4469 561 4534 liationis
579 4467 769 4547 Grecorum,
795 4465 882 4551 quod
908 4466 1086 4549 assumpsit
1110 4465 1184 4531 Tua
1199 4464 1339 4531 Deuotio
1355 4483 1533 4548 promoven-

416 4578 501 4660 dum,
518 4576 581 4642 hiis
597 4577 712 4642 diebus
729 4576 834 4658 Regie
860 4575 1040 4641 Serenitati
1066 4575 1290 4659 rescripsimus
1306 4595 1366 4657 per
1380 4571 1532 4638 venorabi-
