<?xml version="1.0" encoding="UTF-8"?>
<!DOCTYPE html PUBLIC "-//W3C//DTD XHTML 1.0 Transitional//EN"
    "http://www.w3.org/TR/xhtml1/DTD/xhtml1-transitional.dtd">
<html xmlns="http://www.w3.org/1999/xhtml" xml:lang="en" lang="en">
 <head>
  <title>
</title>
<meta http-equiv="Content-Type" content="text/html;charset=utf-8" />
  <meta name='ocr-system' content='tesseract 3.04.00' />
  <meta name='ocr-capabilities' content='ocr_page ocr_carea ocr_par ocr_line ocrx_word'/>
</head>
<body>
  <div class='ocr_page' id='page_1' title='image "./magyardiplomacz01wenzgoog_0722.png"; bbox 0 0 3220 5262; ppageno 0'>
   <div class='ocr_carea' id='block_1_1' title="bbox 349 341 1126 404">
    <p class='ocr_par' dir='ltr' id='par_1_1' title="bbox 349 341 1126 404">
     <span class='ocr_line' id='line_1_1' title="bbox 349 341 1126 404; baseline 0.005 -6"><span class='ocrx_word' id='word_1_1' title='bbox 349 341 415 400; x_wconf 82' lang='grc'><strong>684</strong></span> <span class='ocrx_word' id='word_1_2' title='bbox 706 345 1126 404; x_wconf 77' lang='lat' dir='ltr'><strong>orrnounczrarauur&#39;raan.</strong></span> 
     </span>
    </p>
   </div>
   <div class='ocr_carea' id='block_1_2' title="bbox 347 515 1610 1146">
    <p class='ocr_par' dir='ltr' id='par_1_2' title="bbox 347 515 1610 1146">
     <span class='ocr_line' id='line_1_2' title="bbox 348 515 1484 600; baseline 0.006 -19"><span class='ocrx_word' id='word_1_3' title='bbox 348 535 411 598; x_wconf 88' lang='lat' dir='ltr'><strong>que</strong></span> <span class='ocrx_word' id='word_1_4' title='bbox 436 537 532 580; x_wconf 82' lang='lat' dir='ltr'><strong>sexus</strong></span> <span class='ocrx_word' id='word_1_5' title='bbox 563 532 741 600; x_wconf 79' lang='lat' dir='ltr'><strong>personas,</strong></span> <span class='ocrx_word' id='word_1_6' title='bbox 771 515 923 582; x_wconf 77' lang='lat' dir='ltr'><strong>scismate</strong></span> <span class='ocrx_word' id='word_1_7' title='bbox 953 539 993 582; x_wconf 90' lang='lat' dir='ltr'><strong>ac</strong></span> <span class='ocrx_word' id='word_1_8' title='bbox 1017 517 1192 586; x_wconf 86' lang='lat' dir='ltr'><strong>.haresibna</strong></span> <span class='ocrx_word' id='word_1_9' title='bbox 1223 521 1409 588; x_wconf 83' lang='lat' dir='ltr'><strong>maculatas</strong></span> <span class='ocrx_word' id='word_1_10' title='bbox 1439 523 1484 588; x_wconf 82' lang='lat' dir='ltr'><strong>ad</strong></span> 
     </span>
     <span class='ocr_line' id='line_1_3' title="bbox 347 622 1610 708; baseline 0.01 -21"><span class='ocrx_word' id='word_1_11' title='bbox 347 623 474 708; x_wconf 82' lang='lat' dir='ltr'><strong>prefate</strong></span> <span class='ocrx_word' id='word_1_12' title='bbox 498 622 585 704; x_wconf 87' lang='lat' dir='ltr'><strong>fidei,</strong></span> <span class='ocrx_word' id='word_1_13' title='bbox 610 630 705 688; x_wconf 85' lang='lat' dir='ltr'><strong>extra</strong></span> <span class='ocrx_word' id='word_1_14' title='bbox 730 644 828 707; x_wconf 89' lang='lat' dir='ltr'><strong>quam</strong></span> <span class='ocrx_word' id='word_1_15' title='bbox 852 645 917 691; x_wconf 91' lang='lat' dir='ltr'><strong>non</strong></span> <span class='ocrx_word' id='word_1_16' title='bbox 943 630 994 690; x_wconf 90' lang='lat' dir='ltr'><strong>est</strong></span> <span class='ocrx_word' id='word_1_17' title='bbox 1019 625 1119 708; x_wconf 85' lang='lat' dir='ltr'><strong>salue,</strong></span> <span class='ocrx_word' id='word_1_18' title='bbox 1144 627 1270 694; x_wconf 85' lang='lat' dir='ltr'><strong>coneris</strong></span> <span class='ocrx_word' id='word_1_19' title='bbox 1285 637 1477 697; x_wconf 79' lang='lat' dir='ltr'><strong>convertere</strong></span> <span class='ocrx_word' id='word_1_20' title='bbox 1609 696 1610 699; x_wconf 74' lang='grc'>,</span> 
     </span>
     <span class='ocr_line' id='line_1_4' title="bbox 348 727 1482 820; baseline 0.005 -24"><span class='ocrx_word' id='word_1_21' title='bbox 348 732 534 815; x_wconf 85' lang='lat' dir='ltr'><strong>puritatem.</strong></span> <span class='ocrx_word' id='word_1_22' title='bbox 565 727 718 796; x_wconf 79' lang='lat' dir='ltr'><strong>Ceterum</strong></span> <span class='ocrx_word' id='word_1_23' title='bbox 750 729 953 798; x_wconf 82' lang='lat' dir='ltr'><strong>devotionem</strong></span> <span class='ocrx_word' id='word_1_24' title='bbox 983 738 1076 802; x_wconf 87' lang='lat' dir='ltr'><strong>tuam</strong></span> <span class='ocrx_word' id='word_1_25' title='bbox 1106 757 1147 800; x_wconf 84' lang='lat' dir='ltr'><strong>ex</strong></span> <span class='ocrx_word' id='word_1_26' title='bbox 1171 757 1220 818; x_wconf 90' lang='lat' dir='ltr'><strong>eo,</strong></span> <span class='ocrx_word' id='word_1_27' title='bbox 1245 735 1334 820; x_wconf 92' lang='lat' dir='ltr'><strong>quod</strong></span> <span class='ocrx_word' id='word_1_28' title='bbox 1359 736 1482 806; x_wconf 86' lang='lat' dir='ltr'><strong>Beatos</strong></span> 
     </span>
     <span class='ocr_line' id='line_1_5' title="bbox 348 833 1590 926; baseline 0.002 -24"><span class='ocrx_word' id='word_1_29' title='bbox 348 835 528 922; x_wconf 80' lang='lat' dir='ltr'><strong>Apostolos</strong></span> <span class='ocrx_word' id='word_1_30' title='bbox 557 837 695 905; x_wconf 86' lang='lat' dir='ltr'><strong>Petrum</strong></span> <span class='ocrx_word' id='word_1_31' title='bbox 726 845 759 902; x_wconf 93' lang='lat' dir='ltr'><strong>et</strong></span> <span class='ocrx_word' id='word_1_32' title='bbox 788 833 939 922; x_wconf 91' lang='lat' dir='ltr'><strong>Paulum,</strong></span> <span class='ocrx_word' id='word_1_33' title='bbox 970 859 1146 926; x_wconf 88' lang='lat' dir='ltr'><strong>eorumque</strong></span> <span class='ocrx_word' id='word_1_34' title='bbox 1170 842 1332 923; x_wconf 82' lang='lat' dir='ltr'><strong>basilicae,</strong></span> <span class='ocrx_word' id='word_1_35' title='bbox 1356 853 1391 910; x_wconf 88' lang='lat' dir='ltr'><strong>et</strong></span> <span class='ocrx_word' id='word_1_36' title='bbox 1420 867 1481 912; x_wconf 86' lang='lat' dir='ltr'><strong>nos</strong></span> <span class='ocrx_word' id='word_1_37' title='bbox 1583 899 1590 905; x_wconf 92' lang='lat'><em>.</em></span> 
     </span>
     <span class='ocr_line' id='line_1_6' title="bbox 347 945 1482 1036; baseline 0.005 -24"><span class='ocrx_word' id='word_1_38' title='bbox 347 948 448 1012; x_wconf 86' lang='lat' dir='ltr'><strong>etiam</strong></span> <span class='ocrx_word' id='word_1_39' title='bbox 464 946 504 1012; x_wconf 89' lang='lat' dir='ltr'><strong>de</strong></span> <span class='ocrx_word' id='word_1_40' title='bbox 520 945 676 1012; x_wconf 89' lang='lat' dir='ltr'><strong>calicibus</strong></span> <span class='ocrx_word' id='word_1_41' title='bbox 692 946 800 1012; x_wconf 85' lang='lat' dir='ltr'><strong>aureis</strong></span> <span class='ocrx_word' id='word_1_42' title='bbox 816 952 849 1012; x_wconf 86' lang='lat' dir='ltr'><strong>et</strong></span> <span class='ocrx_word' id='word_1_43' title='bbox 864 951 1066 1030; x_wconf 77' lang='lat' dir='ltr'>paramentis</span> <span class='ocrx_word' id='word_1_44' title='bbox 1088 952 1242 1034; x_wconf 79' lang='lat' dir='ltr'><strong>pretiosis</strong></span> <span class='ocrx_word' id='word_1_45' title='bbox 1266 972 1326 1036; x_wconf 93' lang='lat' dir='ltr'><strong>pro</strong></span> <span class='ocrx_word' id='word_1_46' title='bbox 1353 951 1482 1018; x_wconf 82' lang='lat' dir='ltr'><strong>Divinis</strong></span> 
     </span>
     <span class='ocr_line' id='line_1_7' title="bbox 348 1053 1483 1146; baseline 0.004 -26"><span class='ocrx_word' id='word_1_47' title='bbox 348 1053 513 1138; x_wconf 90' lang='lat' dir='ltr'><strong>obsequiis</strong></span> <span class='ocrx_word' id='word_1_48' title='bbox 528 1053 710 1135; x_wconf 77' lang='lat' dir='ltr'><strong>honorasti,</strong></span> <span class='ocrx_word' id='word_1_49' title='bbox 726 1053 823 1138; x_wconf 82' lang='lat' dir='ltr'><strong>digne</strong></span> <span class='ocrx_word' id='word_1_50' title='bbox 854 1057 1143 1126; x_wconf 77' lang='lat' dir='ltr'><strong>commendationis</strong></span> <span class='ocrx_word' id='word_1_51' title='bbox 1167 1059 1346 1126; x_wconf 76' lang='lat' dir='ltr'><strong>attolentes</strong></span> <span class='ocrx_word' id='word_1_52' title='bbox 1370 1082 1483 1146; x_wconf 89' lang='lat' dir='ltr'><strong>preec-</strong></span> 
     </span>
    </p>
   </div>
   <div class='ocr_carea' id='block_1_3' title="bbox 347 1161 1480 1460">
    <p class='ocr_par' dir='ltr' id='par_1_3' title="bbox 347 1161 1480 1460">
     <span class='ocr_line' id='line_1_8' title="bbox 347 1161 1480 1248; baseline 0.005 -19"><span class='ocrx_word' id='word_1_53' title='bbox 347 1165 412 1244; x_wconf 92' lang='lat' dir='ltr'><strong>nio,</strong></span> <span class='ocrx_word' id='word_1_54' title='bbox 437 1161 632 1229; x_wconf 82' lang='lat' dir='ltr'><strong>liberalitati</strong></span> <span class='ocrx_word' id='word_1_55' title='bbox 659 1169 714 1228; x_wconf 90' lang='lat' dir='ltr'><strong>tue</strong></span> <span class='ocrx_word' id='word_1_56' title='bbox 739 1161 876 1247; x_wconf 90' lang='lat' dir='ltr'><strong>proinde</strong></span> <span class='ocrx_word' id='word_1_57' title='bbox 910 1165 1091 1248; x_wconf 80' lang='lat' dir='ltr'><strong>gratiarum</strong></span> <span class='ocrx_word' id='word_1_58' title='bbox 1126 1168 1298 1233; x_wconf 77' lang='lat' dir='ltr'><strong>referimus</strong></span> <span class='ocrx_word' id='word_1_59' title='bbox 1323 1171 1480 1237; x_wconf 81' lang='lat' dir='ltr'><strong>actiones</strong></span> 
     </span>
     <span class='ocr_line' id='line_1_9' title="bbox 347 1269 1480 1356; baseline 0.006 -20"><span class='ocrx_word' id='word_1_60' title='bbox 347 1271 472 1338; x_wconf 88' lang='lat' dir='ltr'><strong>Datum</strong></span> <span class='ocrx_word' id='word_1_61' title='bbox 488 1271 592 1338; x_wconf 89' lang='lat' dir='ltr'><strong>Rome</strong></span> <span class='ocrx_word' id='word_1_62' title='bbox 609 1270 698 1356; x_wconf 90' lang='lat' dir='ltr'><strong>apud</strong></span> <span class='ocrx_word' id='word_1_63' title='bbox 714 1269 870 1338; x_wconf 85' lang='lat' dir='ltr'><strong>Sanctum</strong></span> <span class='ocrx_word' id='word_1_64' title='bbox 889 1271 1028 1340; x_wconf 89' lang='lat' dir='ltr'><strong>Petrum</strong></span> <span class='ocrx_word' id='word_1_65' title='bbox 1044 1274 1143 1345; x_wconf 84' lang='lat' dir='ltr'><strong>XIV.</strong></span> <span class='ocrx_word' id='word_1_66' title='bbox 1160 1275 1318 1345; x_wconf 83' lang='lat' dir='ltr'><strong>kalendas</strong></span> <span class='ocrx_word' id='word_1_67' title='bbox 1334 1277 1480 1345; x_wconf 86' lang='lat' dir='ltr'><strong>Februa·</strong></span> 
     </span>
     <span class='ocr_line' id='line_1_10' title="bbox 347 1379 995 1460; baseline -0.002 -13"><span class='ocrx_word' id='word_1_68' title='bbox 347 1381 398 1460; x_wconf 90' lang='lat' dir='ltr'><strong>rii,</strong></span> <span class='ocrx_word' id='word_1_69' title='bbox 414 1379 630 1448; x_wconf 88' lang='lat' dir='ltr'><strong>Pontificatus</strong></span> <span class='ocrx_word' id='word_1_70' title='bbox 646 1382 750 1448; x_wconf 85' lang='lat' dir='ltr'><strong>nostri</strong></span> <span class='ocrx_word' id='word_1_71' title='bbox 766 1403 852 1448; x_wconf 90' lang='lat' dir='ltr'><strong>anno</strong></span> <span class='ocrx_word' id='word_1_72' title='bbox 868 1389 995 1449; x_wconf 88' lang='lat' dir='ltr'><strong>octauo.</strong></span> 
     </span>
    </p>
   </div>
   <div class='ocr_carea' id='block_1_4' title="bbox 695 1525 1138 1595">
    <p class='ocr_par' dir='ltr' id='par_1_4' title="bbox 695 1525 1138 1595">
     <span class='ocr_line' id='line_1_11' title="bbox 695 1525 1138 1595; baseline 0.011 -20"><span class='ocrx_word' id='word_1_73' title='bbox 695 1525 739 1587; x_wconf 85' lang='lat' dir='ltr'><strong>(V.</strong></span> <span class='ocrx_word' id='word_1_74' title='bbox 753 1525 848 1576; x_wconf 80' lang='lat' dir='ltr'><strong>Orbrin</strong></span> <span class='ocrx_word' id='word_1_75' title='bbox 862 1528 936 1592; x_wconf 75' lang='lat' dir='ltr'><strong>papa</strong></span> <span class='ocrx_word' id='word_1_76' title='bbox 948 1529 1138 1595; x_wconf 79' lang='lat' dir='ltr'><strong>regestdibtl.)</strong></span> 
     </span>
    </p>
   </div>
   <div class='ocr_carea' id='block_1_5' title="bbox 898 1671 993 1680">
    <p class='ocr_par' dir='ltr' id='par_1_5' title="bbox 898 1671 993 1680">
     <span class='ocr_line' id='line_1_12' title="bbox 898 1671 993 1680; baseline 0.011 -1"><span class='ocrx_word' id='word_1_77' title='bbox 898 1671 993 1680; x_wconf 49' lang='grc' dir='ltr'><strong>,Νη-</strong></span> 
     </span>
    </p>
   </div>
   <div class='ocr_carea' id='block_1_6' title="bbox 352 1819 1481 2066">
    <p class='ocr_par' dir='ltr' id='par_1_6' title="bbox 352 1819 1481 2066">
     <span class='ocr_line' id='line_1_13' title="bbox 878 1819 952 1880; baseline -0.014 0"><span class='ocrx_word' id='word_1_78' title='bbox 878 1819 952 1880; x_wconf 82' lang='grc'><strong>509.</strong></span> 
     </span>
     <span class='ocr_line' id='line_1_14' title="bbox 352 1969 1481 2066; baseline 0.005 -28"><span class='ocrx_word' id='word_1_79' title='bbox 352 1973 383 2038; x_wconf 85' lang='lat' dir='ltr'><strong><em>V</em></strong></span> <span class='ocrx_word' id='word_1_80' title='bbox 400 1972 508 2038; x_wconf 82' lang='lat' dir='ltr'><strong>Orddn</strong></span> <span class='ocrx_word' id='word_1_81' title='bbox 519 1979 614 2060; x_wconf 76' lang='lat' dir='ltr'><strong>pcipe</strong></span> <span class='ocrx_word' id='word_1_82' title='bbox 623 1969 751 2056; x_wconf 80' lang='lat' dir='ltr'><strong>falke&#39;rr&#39;</strong></span> <span class='ocrx_word' id='word_1_83' title='bbox 765 1975 795 2040; x_wconf 87' lang='lat' dir='ltr'><strong>I.</strong></span> <span class='ocrx_word' id='word_1_84' title='bbox 813 1977 913 2063; x_wconf 83' lang='lat' dir='ltr'><strong>Laj0o</strong></span> <span class='ocrx_word' id='word_1_85' title='bbox 932 2000 1072 2065; x_wconf 72' lang='lat' dir='ltr'><strong>moqyor</strong></span> <span class='ocrx_word' id='word_1_86' title='bbox 1088 1979 1226 2064; x_wconf 77' lang='lat' dir='ltr'><strong>loirdlyt,</strong></span> <span class='ocrx_word' id='word_1_87' title='bbox 1242 1981 1325 2066; x_wconf 78' lang='lat' dir='ltr'><strong>hopy</strong></span> <span class='ocrx_word' id='word_1_88' title='bbox 1340 1977 1481 2066; x_wconf 74' lang='lat' dir='ltr'><strong>Gerpely</strong></span> 
     </span>
    </p>
   </div>
   <div class='ocr_carea' id='block_1_7' title="bbox 347 2081 1604 2175">
    <p class='ocr_par' dir='ltr' id='par_1_7' title="bbox 347 2081 1604 2175">
     <span class='ocr_line' id='line_1_15' title="bbox 347 2081 1604 2175; baseline 0.006 -29"><span class='ocrx_word' id='word_1_89' title='bbox 347 2083 526 2147; x_wconf 84' lang='lat' dir='ltr'><strong>dalmatiai</strong></span> <span class='ocrx_word' id='word_1_90' title='bbox 541 2081 628 2166; x_wconf 66' lang='lat' dir='ltr'><strong>soro</strong></span> <span class='ocrx_word' id='word_1_91' title='bbox 652 2085 840 2170; x_wconf 78' lang='lat' dir='ltr'><strong>ledrrydnolc</strong></span> <span class='ocrx_word' id='word_1_92' title='bbox 866 2088 1059 2173; x_wconf 71' lang='lat' dir='ltr'><strong>hdzmedqcit</strong></span> <span class='ocrx_word' id='word_1_93' title='bbox 1083 2112 1104 2151; x_wconf 84' lang='grc' dir='ltr'><em>α</em></span> <span class='ocrx_word' id='word_1_94' title='bbox 1129 2089 1217 2153; x_wconf 76' lang='lat' dir='ltr'><strong>azert</strong></span> <span class='ocrx_word' id='word_1_95' title='bbox 1242 2087 1482 2175; x_wconf 74' lang='lat' dir='ltr'><strong>kiroly&#39;fiduol</strong></span> <span class='ocrx_word' id='word_1_96' title='bbox 1599 2108 1604 2116; x_wconf 81' lang='lat'><strong>·</strong></span> 
     </span>
    </p>
   </div>
   <div class='ocr_carea' id='block_1_8' title="bbox 726 2195 1116 2281">
    <p class='ocr_par' dir='ltr' id='par_1_8' title="bbox 726 2195 1116 2281">
     <span class='ocr_line' id='line_1_16' title="bbox 726 2195 1116 2281; baseline 0.005 -25"><span class='ocrx_word' id='word_1_97' title='bbox 726 2215 795 2280; x_wconf 52' lang='grc' dir='ltr'><strong>’περ</strong></span> <span class='ocrx_word' id='word_1_98' title='bbox 810 2217 850 2257; x_wconf 83' lang='lat' dir='ltr'><strong>ne</strong></span> <span class='ocrx_word' id='word_1_99' title='bbox 866 2195 1003 2281; x_wconf 72' lang='lat' dir='ltr'><strong>erepedje.</strong></span> <span class='ocrx_word' id='word_1_100' title='bbox 1023 2195 1116 2261; x_wconf 81' lang='lat'><em>1370.</em></span> 
     </span>
    </p>
   </div>
   <div class='ocr_carea' id='block_1_9' title="bbox 346 2351 1479 3412">
    <p class='ocr_par' dir='ltr' id='par_1_9' title="bbox 346 2351 1479 3412">
     <span class='ocr_line' id='line_1_17' title="bbox 456 2351 1474 2439; baseline 0.002 -20"><span class='ocrx_word' id='word_1_101' title='bbox 456 2351 611 2420; x_wconf 88' lang='lat' dir='ltr'><strong>Vrbauus</strong></span> <span class='ocrx_word' id='word_1_102' title='bbox 637 2353 817 2439; x_wconf 80' lang='lat' dir='ltr'><strong>Episcopus</strong></span> <span class='ocrx_word' id='word_1_103' title='bbox 842 2360 903 2420; x_wconf 79' lang='lat' dir='ltr'><strong>etr.</strong></span> <span class='ocrx_word' id='word_1_104' title='bbox 929 2353 1097 2421; x_wconf 88' lang='lat' dir='ltr'><strong>carissimo</strong></span> <span class='ocrx_word' id='word_1_105' title='bbox 1122 2354 1154 2420; x_wconf 93' lang='lat' dir='ltr'><strong>in</strong></span> <span class='ocrx_word' id='word_1_106' title='bbox 1173 2351 1309 2420; x_wconf 80' lang='lat' dir='ltr'><strong>Christo</strong></span> <span class='ocrx_word' id='word_1_107' title='bbox 1325 2353 1394 2421; x_wconf 90' lang='lat' dir='ltr'><strong>filio</strong></span> <span class='ocrx_word' id='word_1_108' title='bbox 1409 2356 1474 2421; x_wconf 92' lang='lat' dir='ltr'><strong>Lu·</strong></span> 
     </span>
     <span class='ocr_line' id='line_1_18' title="bbox 347 2459 1475 2546; baseline 0.001 -19"><span class='ocrx_word' id='word_1_109' title='bbox 347 2460 460 2527; x_wconf 86' lang='lat' dir='ltr'><strong>dorico</strong></span> <span class='ocrx_word' id='word_1_110' title='bbox 484 2459 572 2544; x_wconf 82' lang='lat' dir='ltr'><strong>Regi</strong></span> <span class='ocrx_word' id='word_1_111' title='bbox 597 2459 743 2545; x_wconf 80' lang='lat' dir='ltr'><strong>Vngarie</strong></span> <span class='ocrx_word' id='word_1_112' title='bbox 769 2461 890 2529; x_wconf 86' lang='lat' dir='ltr'><strong>illustri</strong></span> <span class='ocrx_word' id='word_1_113' title='bbox 916 2461 1057 2528; x_wconf 86' lang='lat' dir='ltr'><strong>salutem</strong></span> <span class='ocrx_word' id='word_1_114' title='bbox 1081 2469 1140 2528; x_wconf 89' lang='lat' dir='ltr'><strong>etc.</strong></span> <span class='ocrx_word' id='word_1_115' title='bbox 1163 2462 1221 2529; x_wconf 86' lang='lat' dir='ltr'><strong>Ad</strong></span> <span class='ocrx_word' id='word_1_116' title='bbox 1237 2468 1387 2528; x_wconf 87' lang='lat' dir='ltr'><strong>nostrum</strong></span> <span class='ocrx_word' id='word_1_117' title='bbox 1403 2485 1475 2546; x_wconf 91' lang='lat' dir='ltr'><strong>per-</strong></span> 
     </span>
     <span class='ocr_line' id='line_1_19' title="bbox 346 2567 1474 2652; baseline 0.004 -20"><span class='ocrx_word' id='word_1_118' title='bbox 346 2567 435 2633; x_wconf 88' lang='lat' dir='ltr'><strong>venit</strong></span> <span class='ocrx_word' id='word_1_119' title='bbox 459 2567 614 2649; x_wconf 84' lang='lat' dir='ltr'><strong>auditum,</strong></span> <span class='ocrx_word' id='word_1_120' title='bbox 639 2567 727 2652; x_wconf 91' lang='lat' dir='ltr'><strong>quod</strong></span> <span class='ocrx_word' id='word_1_121' title='bbox 751 2568 872 2635; x_wconf 90' lang='lat' dir='ltr'><strong>nobilis</strong></span> <span class='ocrx_word' id='word_1_122' title='bbox 891 2569 940 2634; x_wconf 83' lang='lat' dir='ltr'><strong>rir</strong></span> <span class='ocrx_word' id='word_1_123' title='bbox 965 2569 1122 2636; x_wconf 76' lang='lat' dir='ltr'><strong>Twarcbo</strong></span> <span class='ocrx_word' id='word_1_124' title='bbox 1139 2569 1251 2637; x_wconf 82' lang='lat' dir='ltr'><strong>Banna</strong></span> <span class='ocrx_word' id='word_1_125' title='bbox 1266 2570 1386 2652; x_wconf 90' lang='lat' dir='ltr'><strong>Bosne,</strong></span> <span class='ocrx_word' id='word_1_126' title='bbox 1402 2572 1474 2637; x_wconf 84' lang='lat' dir='ltr'><strong>sub</strong></span> 
     </span>
     <span class='ocr_line' id='line_1_20' title="bbox 348 2671 1475 2762; baseline 0.004 -23"><span class='ocrx_word' id='word_1_127' title='bbox 348 2671 436 2741; x_wconf 90' lang='lat' dir='ltr'><strong>ditus</strong></span> <span class='ocrx_word' id='word_1_128' title='bbox 462 2683 545 2756; x_wconf 85' lang='lat' dir='ltr'><strong>tuus,</strong></span> <span class='ocrx_word' id='word_1_129' title='bbox 570 2682 604 2741; x_wconf 90' lang='lat' dir='ltr'><strong>et</strong></span> <span class='ocrx_word' id='word_1_130' title='bbox 629 2683 732 2741; x_wconf 90' lang='lat' dir='ltr'><strong>mater</strong></span> <span class='ocrx_word' id='word_1_131' title='bbox 758 2677 836 2758; x_wconf 90' lang='lat' dir='ltr'><strong>eius,</strong></span> <span class='ocrx_word' id='word_1_132' title='bbox 863 2675 1029 2760; x_wconf 88' lang='lat' dir='ltr'><strong>quandam</strong></span> <span class='ocrx_word' id='word_1_133' title='bbox 1054 2677 1198 2762; x_wconf 83' lang='lat' dir='ltr'><strong>puellam</strong></span> <span class='ocrx_word' id='word_1_134' title='bbox 1222 2687 1336 2744; x_wconf 88' lang='lat' dir='ltr'><strong>natam</strong></span> <span class='ocrx_word' id='word_1_135' title='bbox 1362 2676 1475 2744; x_wconf 84' lang='lat' dir='ltr'><strong>dilecti</strong></span> 
     </span>
     <span class='ocr_line' id='line_1_21' title="bbox 347 2783 1479 2872; baseline 0.002 -22"><span class='ocrx_word' id='word_1_136' title='bbox 347 2783 405 2850; x_wconf 84' lang='lat' dir='ltr'><strong>lilii</strong></span> <span class='ocrx_word' id='word_1_137' title='bbox 422 2785 541 2852; x_wconf 88' lang='lat' dir='ltr'><strong>nobilis</strong></span> <span class='ocrx_word' id='word_1_138' title='bbox 558 2785 617 2850; x_wconf 81' lang='lat' dir='ltr'><strong>riri</strong></span> <span class='ocrx_word' id='word_1_139' title='bbox 633 2783 789 2872; x_wconf 85' lang='lat' dir='ltr'><strong>Gregorii</strong></span> <span class='ocrx_word' id='word_1_140' title='bbox 805 2786 873 2850; x_wconf 90' lang='lat' dir='ltr'><strong>nati</strong></span> <span class='ocrx_word' id='word_1_141' title='bbox 891 2787 1056 2870; x_wconf 86' lang='lat' dir='ltr'><strong>quondam</strong></span> <span class='ocrx_word' id='word_1_142' title='bbox 1076 2785 1182 2870; x_wconf 90' lang='lat' dir='ltr'><strong>Pauli,</strong></span> <span class='ocrx_word' id='word_1_143' title='bbox 1197 2786 1300 2852; x_wconf 87' lang='lat' dir='ltr'><strong>Ducis</strong></span> <span class='ocrx_word' id='word_1_144' title='bbox 1311 2785 1479 2854; x_wconf 85' lang='lat' dir='ltr'><strong>Dalmatio</strong></span> 
     </span>
     <span class='ocr_line' id='line_1_22' title="bbox 348 2890 1476 2979; baseline 0.002 -22"><span class='ocrx_word' id='word_1_145' title='bbox 348 2901 380 2957; x_wconf 87' lang='lat' dir='ltr'><strong>ct</strong></span> <span class='ocrx_word' id='word_1_146' title='bbox 419 2890 585 2974; x_wconf 75' lang='lat' dir='ltr'><strong>Obroatis,</strong></span> <span class='ocrx_word' id='word_1_147' title='bbox 628 2892 669 2958; x_wconf 90' lang='lat' dir='ltr'><strong>de</strong></span> <span class='ocrx_word' id='word_1_148' title='bbox 710 2892 858 2958; x_wconf 89' lang='lat' dir='ltr'><strong>manibus</strong></span> <span class='ocrx_word' id='word_1_149' title='bbox 889 2914 1021 2959; x_wconf 89' lang='lat' dir='ltr'><strong>suorum</strong></span> <span class='ocrx_word' id='word_1_150' title='bbox 1052 2901 1225 2979; x_wconf 88' lang='lat' dir='ltr'><strong>parentum</strong></span> <span class='ocrx_word' id='word_1_151' title='bbox 1256 2894 1476 2962; x_wconf 86' lang='lat' dir='ltr'><strong>amicabiliter</strong></span> 
     </span>
     <span class='ocr_line' id='line_1_23' title="bbox 347 3001 1476 3085; baseline 0.002 -19"><span class='ocrx_word' id='word_1_152' title='bbox 347 3009 539 3085; x_wconf 86' lang='lat' dir='ltr'><strong>receperunt</strong></span> <span class='ocrx_word' id='word_1_153' title='bbox 565 3022 624 3084; x_wconf 90' lang='lat' dir='ltr'><strong>per</strong></span> <span class='ocrx_word' id='word_1_154' title='bbox 648 3020 702 3065; x_wconf 88' lang='lat' dir='ltr'><strong>eos</strong></span> <span class='ocrx_word' id='word_1_155' title='bbox 731 3001 948 3085; x_wconf 87' lang='lat' dir='ltr'><strong>nutriendam,</strong></span> <span class='ocrx_word' id='word_1_156' title='bbox 972 3009 1005 3068; x_wconf 91' lang='lat' dir='ltr'><strong>et</strong></span> <span class='ocrx_word' id='word_1_157' title='bbox 1030 3001 1159 3069; x_wconf 90' lang='lat' dir='ltr'><strong>demum</strong></span> <span class='ocrx_word' id='word_1_158' title='bbox 1189 3004 1223 3068; x_wconf 91' lang='lat' dir='ltr'><strong>in</strong></span> <span class='ocrx_word' id='word_1_159' title='bbox 1255 3009 1342 3070; x_wconf 88' lang='lat' dir='ltr'><strong>etate</strong></span> <span class='ocrx_word' id='word_1_160' title='bbox 1373 3002 1476 3070; x_wconf 92' lang='lat' dir='ltr'><strong>nubili</strong></span> 
     </span>
     <span class='ocr_line' id='line_1_24' title="bbox 347 3107 1477 3194; baseline 0 -20"><span class='ocrx_word' id='word_1_161' title='bbox 347 3131 419 3175; x_wconf 88' lang='lat' dir='ltr'><strong>curn</strong></span> <span class='ocrx_word' id='word_1_162' title='bbox 444 3109 588 3194; x_wconf 82' lang='lat' dir='ltr'><strong>ipsorum</strong></span> <span class='ocrx_word' id='word_1_163' title='bbox 614 3107 784 3175; x_wconf 88' lang='lat' dir='ltr'><strong>voluntate</strong></span> <span class='ocrx_word' id='word_1_164' title='bbox 809 3117 984 3193; x_wconf 85' lang='lat' dir='ltr'><strong>parentum</strong></span> <span class='ocrx_word' id='word_1_165' title='bbox 1008 3110 1107 3176; x_wconf 88' lang='lat' dir='ltr'><strong>alieni</strong></span> <span class='ocrx_word' id='word_1_166' title='bbox 1132 3111 1221 3176; x_wconf 90' lang='lat' dir='ltr'><strong>fideli</strong></span> <span class='ocrx_word' id='word_1_167' title='bbox 1246 3118 1280 3176; x_wconf 90' lang='lat' dir='ltr'><strong>et</strong></span> <span class='ocrx_word' id='word_1_168' title='bbox 1304 3110 1477 3194; x_wconf 85' lang='lat' dir='ltr'><strong>magnifico</strong></span> 
     </span>
     <span class='ocr_line' id='line_1_25' title="bbox 347 3216 1478 3302; baseline 0.003 -21"><span class='ocrx_word' id='word_1_169' title='bbox 347 3219 417 3282; x_wconf 86' lang='lat' dir='ltr'><strong>viro</strong></span> <span class='ocrx_word' id='word_1_170' title='bbox 443 3218 618 3283; x_wconf 86' lang='lat' dir='ltr'><strong>secundum</strong></span> <span class='ocrx_word' id='word_1_171' title='bbox 643 3216 729 3284; x_wconf 84' lang='lat' dir='ltr'><strong>dicte</strong></span> <span class='ocrx_word' id='word_1_172' title='bbox 753 3217 862 3302; x_wconf 91' lang='lat' dir='ltr'><strong>puelle</strong></span> <span class='ocrx_word' id='word_1_173' title='bbox 894 3224 1002 3283; x_wconf 88' lang='lat' dir='ltr'><strong>status</strong></span> <span class='ocrx_word' id='word_1_174' title='bbox 1026 3219 1206 3285; x_wconf 86' lang='lat' dir='ltr'><strong>decentiam</strong></span> <span class='ocrx_word' id='word_1_175' title='bbox 1238 3219 1478 3298; x_wconf 67' lang='lat' dir='ltr'><strong>maritandam</strong></span> 
     </span>
     <span class='ocr_line' id='line_1_26' title="bbox 346 3324 1476 3412; baseline 0.002 -23"><span class='ocrx_word' id='word_1_176' title='bbox 346 3324 498 3408; x_wconf 90' lang='lat' dir='ltr'><strong>quodque</strong></span> <span class='ocrx_word' id='word_1_177' title='bbox 520 3324 608 3390; x_wconf 89' lang='lat' dir='ltr'><strong>idem</strong></span> <span class='ocrx_word' id='word_1_178' title='bbox 633 3325 747 3392; x_wconf 87' lang='lat' dir='ltr'><strong>Banus</strong></span> <span class='ocrx_word' id='word_1_179' title='bbox 772 3325 908 3392; x_wconf 88' lang='lat' dir='ltr'><strong>eandem</strong></span> <span class='ocrx_word' id='word_1_180' title='bbox 933 3327 1077 3410; x_wconf 88' lang='lat' dir='ltr'><strong>puellam</strong></span> <span class='ocrx_word' id='word_1_181' title='bbox 1101 3328 1234 3395; x_wconf 86' lang='lat' dir='ltr'><strong>tradere</strong></span> <span class='ocrx_word' id='word_1_182' title='bbox 1258 3329 1375 3412; x_wconf 85' lang='lat' dir='ltr'><strong>nuptui</strong></span> <span class='ocrx_word' id='word_1_183' title='bbox 1408 3325 1476 3392; x_wconf 88' lang='lat' dir='ltr'><strong>filio</strong></span> 
     </span>
    </p>
   </div>
   <div class='ocr_carea' id='block_1_10' title="bbox 346 3428 1610 3521">
    <p class='ocr_par' dir='ltr' id='par_1_10' title="bbox 346 3428 1610 3521">
     <span class='ocr_line' id='line_1_27' title="bbox 346 3428 1610 3521; baseline 0.006 -25"><span class='ocrx_word' id='word_1_184' title='bbox 346 3430 515 3514; x_wconf 85' lang='lat' dir='ltr'><strong>Magnifici</strong></span> <span class='ocrx_word' id='word_1_185' title='bbox 540 3432 603 3497; x_wconf 83' lang='lat' dir='ltr'><strong>viri</strong></span> <span class='ocrx_word' id='word_1_186' title='bbox 618 3432 721 3517; x_wconf 81' lang='lat' dir='ltr'><strong>Regis</strong></span> <span class='ocrx_word' id='word_1_187' title='bbox 739 3433 859 3499; x_wconf 87' lang='lat' dir='ltr'><strong>Rasoie</strong></span> <span class='ocrx_word' id='word_1_188' title='bbox 883 3435 1066 3501; x_wconf 84' lang='lat' dir='ltr'><strong>scismatico</strong></span> <span class='ocrx_word' id='word_1_189' title='bbox 1091 3438 1213 3521; x_wconf 89' lang='lat' dir='ltr'><strong>absque</strong></span> <span class='ocrx_word' id='word_1_190' title='bbox 1238 3437 1401 3502; x_wconf 89' lang='lat' dir='ltr'><strong>dictorum</strong></span> <span class='ocrx_word' id='word_1_191' title='bbox 1424 3458 1480 3521; x_wconf 92' lang='lat' dir='ltr'><strong>pa·</strong></span> <span class='ocrx_word' id='word_1_192' title='bbox 1609 3428 1610 3431; x_wconf 27' lang='lat'>¹</span> 
     </span>
    </p>
   </div>
   <div class='ocr_carea' id='block_1_11' title="bbox 345 3540 1479 4587">
    <p class='ocr_par' dir='ltr' id='par_1_11' title="bbox 345 3540 1479 4587">
     <span class='ocr_line' id='line_1_28' title="bbox 347 3540 1479 3628; baseline 0.001 -21"><span class='ocrx_word' id='word_1_193' title='bbox 347 3548 477 3607; x_wconf 88' lang='lat' dir='ltr'><strong>rentum</strong></span> <span class='ocrx_word' id='word_1_194' title='bbox 494 3540 662 3606; x_wconf 87' lang='lat' dir='ltr'><strong>voluntate</strong></span> <span class='ocrx_word' id='word_1_195' title='bbox 687 3550 850 3626; x_wconf 85' lang='lat' dir='ltr'><strong>procurat,</strong></span> <span class='ocrx_word' id='word_1_196' title='bbox 873 3544 907 3608; x_wconf 93' lang='lat' dir='ltr'><strong>in</strong></span> <span class='ocrx_word' id='word_1_197' title='bbox 923 3545 1029 3609; x_wconf 88' lang='lat' dir='ltr'><strong>anime</strong></span> <span class='ocrx_word' id='word_1_198' title='bbox 1045 3545 1149 3628; x_wconf 84' lang='lat' dir='ltr'><strong>ipsius</strong></span> <span class='ocrx_word' id='word_1_199' title='bbox 1163 3543 1272 3628; x_wconf 90' lang='lat' dir='ltr'><strong>puelle</strong></span> <span class='ocrx_word' id='word_1_200' title='bbox 1288 3542 1479 3628; x_wconf 86' lang='lat' dir='ltr'><strong>periculum,</strong></span> 
     </span>
     <span class='ocr_line' id='line_1_29' title="bbox 347 3648 1477 3732; baseline 0.001 -17"><span class='ocrx_word' id='word_1_201' title='bbox 347 3648 535 3715; x_wconf 88' lang='lat' dir='ltr'><strong>eorumdem</strong></span> <span class='ocrx_word' id='word_1_202' title='bbox 560 3655 734 3732; x_wconf 88' lang='lat' dir='ltr'><strong>parentum</strong></span> <span class='ocrx_word' id='word_1_203' title='bbox 757 3650 921 3728; x_wconf 87' lang='lat' dir='ltr'><strong>iniuriam,</strong></span> <span class='ocrx_word' id='word_1_204' title='bbox 947 3657 979 3716; x_wconf 86' lang='lat' dir='ltr'><strong>et</strong></span> <span class='ocrx_word' id='word_1_205' title='bbox 1005 3649 1162 3718; x_wconf 85' lang='lat' dir='ltr'><strong>offensam</strong></span> <span class='ocrx_word' id='word_1_206' title='bbox 1184 3650 1261 3718; x_wconf 91' lang='lat' dir='ltr'><strong>fidei</strong></span> <span class='ocrx_word' id='word_1_207' title='bbox 1278 3651 1477 3720; x_wconf 81' lang='lat' dir='ltr'><strong>Christiane.</strong></span> 
     </span>
     <span class='ocr_line' id='line_1_30' title="bbox 348 3754 1477 3842; baseline 0 -19"><span class='ocrx_word' id='word_1_208' title='bbox 348 3756 459 3842; x_wconf 81' lang='lat' dir='ltr'><strong>Quare</strong></span> <span class='ocrx_word' id='word_1_209' title='bbox 475 3758 563 3841; x_wconf 90' lang='lat' dir='ltr'><strong>piam</strong></span> <span class='ocrx_word' id='word_1_210' title='bbox 580 3754 798 3823; x_wconf 88' lang='lat' dir='ltr'><strong>Serenitatem</strong></span> <span class='ocrx_word' id='word_1_211' title='bbox 816 3757 922 3824; x_wconf 82' lang='lat' dir='ltr'><strong>Tuam</strong></span> <span class='ocrx_word' id='word_1_212' title='bbox 939 3759 1107 3826; x_wconf 86' lang='lat' dir='ltr'><strong>hortamur</strong></span> <span class='ocrx_word' id='word_1_213' title='bbox 1124 3767 1156 3825; x_wconf 91' lang='lat' dir='ltr'><strong>et</strong></span> <span class='ocrx_word' id='word_1_214' title='bbox 1171 3781 1326 3842; x_wconf 89' lang='lat' dir='ltr'><strong>rogamus</strong></span> <span class='ocrx_word' id='word_1_215' title='bbox 1342 3765 1477 3838; x_wconf 86' lang='lat' dir='ltr'><strong>attente,</strong></span> 
     </span>
     <span class='ocr_line' id='line_1_31' title="bbox 349 3865 1479 3953; baseline -0.001 -20"><span class='ocrx_word' id='word_1_216' title='bbox 349 3873 512 3949; x_wconf 85' lang='lat' dir='ltr'><strong>quatenus</strong></span> <span class='ocrx_word' id='word_1_217' title='bbox 529 3867 571 3933; x_wconf 89' lang='lat' dir='ltr'><strong>oh</strong></span> <span class='ocrx_word' id='word_1_218' title='bbox 585 3867 801 3932; x_wconf 87' lang='lat' dir='ltr'><strong>reverentiam</strong></span> <span class='ocrx_word' id='word_1_219' title='bbox 819 3865 882 3933; x_wconf 90' lang='lat' dir='ltr'><strong>Dei</strong></span> <span class='ocrx_word' id='word_1_220' title='bbox 900 3890 939 3938; x_wconf 87' lang='lat' dir='ltr'><strong>ac</strong></span> <span class='ocrx_word' id='word_1_221' title='bbox 954 3865 1148 3953; x_wconf 82' lang='lat' dir='ltr'><strong>Apostolice</strong></span> <span class='ocrx_word' id='word_1_222' title='bbox 1165 3867 1261 3934; x_wconf 86' lang='lat' dir='ltr'><strong>Sedis</strong></span> <span class='ocrx_word' id='word_1_223' title='bbox 1281 3874 1479 3948; x_wconf 86' lang='lat' dir='ltr'><strong>etuostram,</strong></span> 
     </span>
     <span class='ocr_line' id='line_1_32' title="bbox 350 3973 1479 4062; baseline -0.001 -21"><span class='ocrx_word' id='word_1_224' title='bbox 350 3997 409 4041; x_wconf 88' lang='lat' dir='ltr'><strong>neo</strong></span> <span class='ocrx_word' id='word_1_225' title='bbox 434 3997 498 4040; x_wconf 93' lang='lat' dir='ltr'><strong>uon</strong></span> <span class='ocrx_word' id='word_1_226' title='bbox 524 3973 600 4039; x_wconf 90' lang='lat' dir='ltr'><strong>fidei</strong></span> <span class='ocrx_word' id='word_1_227' title='bbox 624 3974 794 4058; x_wconf 80' lang='lat' dir='ltr'><strong>prelibato,</strong></span> <span class='ocrx_word' id='word_1_228' title='bbox 811 3981 868 4041; x_wconf 89' lang='lat' dir='ltr'><strong>tue</strong></span> <span class='ocrx_word' id='word_1_229' title='bbox 885 3976 1112 4044; x_wconf 88' lang='lat' dir='ltr'><strong>sollicitudinis</strong></span> <span class='ocrx_word' id='word_1_230' title='bbox 1129 3995 1264 4062; x_wconf 90' lang='lat' dir='ltr'><strong>operam</strong></span> <span class='ocrx_word' id='word_1_231' title='bbox 1279 3979 1479 4062; x_wconf 86' lang='lat' dir='ltr'><strong>interponas,</strong></span> 
     </span>
     <span class='ocr_line' id='line_1_33' title="bbox 350 4081 1479 4169; baseline 0.001 -20"><span class='ocrx_word' id='word_1_232' title='bbox 350 4082 439 4166; x_wconf 89' lang='lat' dir='ltr'><strong>quod</strong></span> <span class='ocrx_word' id='word_1_233' title='bbox 469 4081 583 4147; x_wconf 89' lang='lat' dir='ltr'><strong>eadem</strong></span> <span class='ocrx_word' id='word_1_234' title='bbox 608 4081 719 4165; x_wconf 90' lang='lat' dir='ltr'><strong>puella</strong></span> <span class='ocrx_word' id='word_1_235' title='bbox 744 4088 802 4148; x_wconf 89' lang='lat' dir='ltr'><strong>aut</strong></span> <span class='ocrx_word' id='word_1_236' title='bbox 826 4085 1019 4149; x_wconf 87' lang='lat' dir='ltr'><strong>restituatur</strong></span> <span class='ocrx_word' id='word_1_237' title='bbox 1045 4085 1167 4150; x_wconf 88' lang='lat' dir='ltr'><strong>eisdem</strong></span> <span class='ocrx_word' id='word_1_238' title='bbox 1192 4084 1386 4169; x_wconf 85' lang='lat' dir='ltr'><strong>parentibus</strong></span> <span class='ocrx_word' id='word_1_239' title='bbox 1402 4085 1479 4165; x_wconf 88' lang='lat' dir='ltr'><strong>suis,</strong></span> 
     </span>
     <span class='ocr_line' id='line_1_34' title="bbox 346 4189 1477 4276; baseline 0.002 -20"><span class='ocrx_word' id='word_1_240' title='bbox 346 4198 405 4256; x_wconf 91' lang='lat' dir='ltr'><strong>aut</strong></span> <span class='ocrx_word' id='word_1_241' title='bbox 429 4190 472 4256; x_wconf 92' lang='lat' dir='ltr'><strong>ad</strong></span> <span class='ocrx_word' id='word_1_242' title='bbox 495 4197 587 4256; x_wconf 89' lang='lat' dir='ltr'><strong>tuam</strong></span> <span class='ocrx_word' id='word_1_243' title='bbox 610 4189 735 4256; x_wconf 89' lang='lat' dir='ltr'><strong>curiam</strong></span> <span class='ocrx_word' id='word_1_244' title='bbox 759 4193 1014 4274; x_wconf 87' lang='lat' dir='ltr'><strong>transmittatur,</strong></span> <span class='ocrx_word' id='word_1_245' title='bbox 1038 4191 1136 4259; x_wconf 89' lang='lat' dir='ltr'><strong>alicui</strong></span> <span class='ocrx_word' id='word_1_246' title='bbox 1162 4191 1252 4258; x_wconf 89' lang='lat' dir='ltr'><strong>fideli</strong></span> <span class='ocrx_word' id='word_1_247' title='bbox 1271 4191 1311 4258; x_wconf 92' lang='lat' dir='ltr'><strong>de</strong></span> <span class='ocrx_word' id='word_1_248' title='bbox 1331 4193 1477 4276; x_wconf 86' lang='lat' dir='ltr'><strong>ipsorum</strong></span> 
     </span>
     <span class='ocr_line' id='line_1_35' title="bbox 345 4297 1477 4383; baseline 0.002 -19"><span class='ocrx_word' id='word_1_249' title='bbox 345 4305 518 4383; x_wconf 89' lang='lat' dir='ltr'><strong>parentum</strong></span> <span class='ocrx_word' id='word_1_250' title='bbox 534 4300 712 4382; x_wconf 85' lang='lat' dir='ltr'><strong>voluntate,</strong></span> <span class='ocrx_word' id='word_1_251' title='bbox 731 4306 763 4364; x_wconf 92' lang='lat' dir='ltr'><strong>et</strong></span> <span class='ocrx_word' id='word_1_252' title='bbox 779 4321 853 4365; x_wconf 91' lang='lat' dir='ltr'><strong>cum</strong></span> <span class='ocrx_word' id='word_1_253' title='bbox 868 4306 926 4368; x_wconf 90' lang='lat' dir='ltr'><strong>tuo</strong></span> <span class='ocrx_word' id='word_1_254' title='bbox 942 4299 1079 4367; x_wconf 90' lang='lat' dir='ltr'><strong>consilio</strong></span> <span class='ocrx_word' id='word_1_255' title='bbox 1096 4300 1322 4367; x_wconf 89' lang='lat' dir='ltr'><strong>maritandam.</strong></span> <span class='ocrx_word' id='word_1_256' title='bbox 1347 4297 1477 4366; x_wconf 88' lang='lat' dir='ltr'><strong>Datum</strong></span> 
     </span>
     <span class='ocr_line' id='line_1_36' title="bbox 347 4404 1479 4494; baseline 0.002 -22"><span class='ocrx_word' id='word_1_257' title='bbox 347 4405 451 4472; x_wconf 90' lang='lat' dir='ltr'><strong>Rome</strong></span> <span class='ocrx_word' id='word_1_258' title='bbox 467 4405 555 4492; x_wconf 90' lang='lat' dir='ltr'><strong>apud</strong></span> <span class='ocrx_word' id='word_1_259' title='bbox 581 4404 740 4474; x_wconf 85' lang='lat' dir='ltr'><strong>Sanctum</strong></span> <span class='ocrx_word' id='word_1_260' title='bbox 763 4406 901 4475; x_wconf 90' lang='lat' dir='ltr'><strong>Petrum</strong></span> <span class='ocrx_word' id='word_1_261' title='bbox 926 4405 986 4476; x_wconf 86' lang='lat' dir='ltr'><strong>VI.</strong></span> <span class='ocrx_word' id='word_1_262' title='bbox 1011 4406 1084 4475; x_wconf 87' lang='lat' dir='ltr'><strong>idus</strong></span> <span class='ocrx_word' id='word_1_263' title='bbox 1104 4406 1242 4494; x_wconf 84' lang='lat' dir='ltr'><strong>Aprilis,</strong></span> <span class='ocrx_word' id='word_1_264' title='bbox 1258 4405 1479 4475; x_wconf 87' lang='lat' dir='ltr'><strong>Pontificatus</strong></span> 
     </span>
     <span class='ocr_line' id='line_1_37' title="bbox 347 4514 695 4587; baseline 0.006 -2"><span class='ocrx_word' id='word_1_265' title='bbox 347 4514 450 4585; x_wconf 88' lang='lat' dir='ltr'><strong>nostri</strong></span> <span class='ocrx_word' id='word_1_266' title='bbox 466 4536 551 4583; x_wconf 89' lang='lat' dir='ltr'><strong>anuo</strong></span> <span class='ocrx_word' id='word_1_267' title='bbox 568 4523 695 4587; x_wconf 82' lang='lat' dir='ltr'><strong>octavo.</strong></span> 
     </span>
    </p>
   </div>
   <div class='ocr_carea' id='block_1_12' title="bbox 0 0 1614 5262">
    <p class='ocr_par' dir='ltr' id='par_1_12' title="bbox 0 0 1614 5262">
     <span class='ocr_line' id='line_1_38' title="bbox 0 0 1614 5262; baseline 0 0"><span class='ocrx_word' id='word_1_268' title='bbox 0 0 1614 5262; x_wconf 95' lang='lat' dir='ltr'><strong> </strong></span> 
     </span>
    </p>
   </div>
  </div>
 </body>
</html>
