3110 5248
336 365 400 440 itt
692 375 1110 442 antonnoznrnminar.

334 574 374 622 ac
391 553 595 622 Pedimoutis
620 544 746 633 Comes,
773 552 930 619 uniuersis
955 549 1117 635 presentis
1133 551 1248 636 scripti
1274 544 1395 617 seriem
1419 537 1459 612 in·

337 663 497 745 specturis
512 668 579 730 tem
597 661 804 746 presentibus
830 680 928 743 quam
953 658 1080 726 futuris.
1097 657 1248 726 Conferri
1271 657 1459 726 venerandis

334 769 491 838 Ecclesiis
515 769 717 834 immensitas
742 788 897 834 mensura
922 772 1071 833 censetur
1097 765 1216 851 digna3
1241 771 1421 850 propterea
1434 768 1462 830 et

335 873 469 960 provide
479 875 614 958 agimus,
630 876 659 939 si
675 875 802 958 gratias
818 880 948 940 nostras
964 893 1135 939 concessas
1151 872 1275 940 eisdem
1291 892 1463 956 persacra-

338 991 448 1049 mcnta
463 980 634 1048 stncfifera
651 983 716 1066 piis
733 980 904 1046 desideriis
920 980 1132 1062 adaugemus.
1147 977 1236 1046 Sane
1252 979 1331 1045 olim
1358 977 1463 1046 Sacris

335 1091 497 1157 Domibus
512 1090 742 1175 religiosorum
757 1088 900 1156 fratrum
916 1088 1166 1154 Predicatorum
1182 1089 1281 1154 Beati
1297 1087 1465 1168 Dominici,

339 1198 508 1268 Minorum
534 1195 633 1263 Beati
658 1197 838 1279 Francisci,
860 1203 894 1263 et
908 1196 1154 1263 Heremitarum
1169 1196 1268 1262 Beati
1283 1195 1464 1280 Augustini

342 1307 415 1372 sitis
432 1307 467 1370 in
483 1304 629 1372 Ciuitate
644 1311 758 1371 nostra
766 1304 936 1388 Neapolis,
945 1306 1087 1388 gratiam
1097 1304 1240 1385 fecimus,
1249 1325 1351 1387 quam
1360 1309 1464 1388 paten-

338 1417 390 1478 tes
420 1420 532 1479 nostre
556 1413 672 1480 lictere
698 1413 867 1480 continent
891 1411 1108 1478 subdistincta
1133 1433 1192 1496 per
1218 1413 1331 1478 omnia
1355 1411 1461 1479 seriei:

339 1518 487 1586 Karolus
503 1517 673 1586 Secundus
687 1518 753 1585 Dei
768 1519 878 1603 gratia
893 1518 967 1585 Rex
981 1515 1166 1584 Jerusalem
1181 1525 1215 1584 et
1232 1517 1352 1604 Sicilie,
1362 1518 1461 1584 Duca-
1554 1525 1555 1604 ]

337 1635 390 1694 tus
406 1624 530 1713 Apulia
556 1634 589 1692 et
613 1625 824 1710 Principatus
849 1622 975 1709 Capua,
989 1625 1159 1693 Provincia
1184 1631 1218 1691 et
1240 1625 1462 1710 Forcalquerii
1554 1619 1555 1662 ³

338 1732 465 1815 Comes,
480 1735 638 1803 vruuersis
653 1734 814 1819 presentis
831 1733 945 1818 scripti
961 1733 1078 1798 seriem
1102 1734 1297 1816 inspecturis
1313 1739 1381 1798 tam
1396 1753 1461 1817 pre·
1553 1721 1555 1750 ¹

339 1841 484 1908 sentibus
500 1861 601 1925 quam
615 1840 744 1907 futuris.
762 1839 799 1908 Si
808 1839 932 1924 premia
950 1839 1161 1905 conferuntur
1175 1839 1361 1907 hominibus
1375 1839 1463 1905 retri-

342 1949 495 2016 butiones
509 1947 720 2029 merentibus,
743 1944 977 2030 impenduntur
1002 1945 1122 2012 Diuine
1148 1943 1342 2029 Clementis,
1366 1967 1461 2030 aqua

342 2061 461 2123 cuncta
486 2075 549 2138 que
574 2054 685 2134 habet,
700 2055 816 2138 recipit
840 2054 983 2121 humana
998 2053 1371 2138 conditio;largitiones
1394 2059 1461 2118 sunt

342 2162 524 2229 exhibenda
555 2163 765 2246 prestantius,
797 2167 830 2226 et
861 2159 1080 2228 munificentie
1110 2163 1270 2247 promptis
1302 2161 1461 2228 affectibus

343 2269 475 2337 uberius
485 2268 680 2354 ampliando.
698 2267 785 2336 Sane
801 2275 986 2352 pensantes,
1005 2270 1094 2354 quod
1110 2269 1211 2336 Sacre
1227 2269 1414 2354 Religiones
1428 2268 1459 2330 in

340 2375 512 2461 Domibus,
536 2375 677 2444 fratrum
701 2375 954 2443 Predicatorum
984 2377 1135 2444 videlicet
1165 2377 1264 2443 Beati
1296 2377 1459 2456 Dominici,

341 2480 509 2551 Minorum
524 2483 622 2549 Beati
637 2473 817 2566 Francisci,
842 2491 877 2550 et
903 2483 1151 2551 Heremitarum
1166 2485 1266 2551 Beati
1281 2483 1458 2568 Augustini,
1553 2479 1554 2482 ’

340 2597 417 2656 sunt
432 2590 584 2673 specialis
600 2590 711 2656 hortus
726 2592 884 2674 Ecclesie,
900 2590 1143 2658 fructiferarum
1168 2591 1293 2657 scilicet
1318 2592 1457 2658 arborum

340 2706 373 2764 et
387 2697 550 2765 fructuum
565 2697 755 2778 Raetorum,
770 2706 910 2783 suntque
926 2698 1115 2784 precipuum
1142 2696 1314 2768 Catholice
1329 2699 1400 2764 fidei
1413 2697 1459 2762 fir-

340 2805 642 2872 mamentumzillas
651 2807 769 2872 merito
780 2814 989 2873 manutenere
999 2806 1208 2890 disponimus,
1218 2806 1340 2873 fratres
1351 2827 1457 2886 eorum,
1552 2837 1554 2840 ·

330 2913 399 2996 'qui
414 2919 524 2996 preter
534 2911 660 2978 Diuina
670 2915 783 2981 colunt
793 2914 900 2981 officia
910 2911 1021 2980 Sacris
1032 2951 1075 2960 -
1086 2951 1129 2960 -
1139 2953 1182 2964 —
1192 2952 1235 2961 -
1245 2913 1456 3001 iugiterdisci·

340 3019 440 3104 plinis
455 3039 569 3104 regere
582 3026 615 3087 et
631 3041 823 3089 conservare
840 3023 874 3088 in
890 3024 999 3090 studio
1013 3044 1078 3107 quo
1094 3030 1276 3089 versantnr.
1293 3023 1407 3108 Sicqua
1421 3020 1454 3085 de
1552 3039 1554 3042 ·

342 3133 434 3194 certa
449 3128 586 3194 scientia
601 3135 725 3212 nostra,
735 3129 938 3197 liberalitate
947 3151 1038 3196 mera
1055 3137 1088 3195 et
1103 3132 1213 3215 gratia
1228 3131 1369 3216 speciali,
1378 3127 1455 3196 Beli-
1552 3131 1554 3167 ³

342 3233 491 3317 gionibus
507 3232 649 3318 Vestris,
664 3258 727 3321 que
744 3243 819 3304 sunt
834 3239 869 3304 in
880 3237 1024 3304 Ciuitate
1040 3235 1336 3322 nostraNeapolis,
1349 3244 1385 3303 ut
1398 3242 1452 3301 stu·
1552 3269 1554 3276 a

344 3339 437 3408 dium
451 3340 499 3406 ibi
514 3340 635 3408 Diuine
651 3342 962 3413 scientieGenerale
977 3351 1181 3427 conseruent,
1198 3346 1238 3412 de
1255 3346 1452 3414 subdistincta
1551 3375 1554 3436 j

343 3447 532 3532 quantitate
549 3452 686 3532 pecunie
702 3471 809 3516 annua
833 3451 867 3517 in
889 3451 1019 3536 juribus
1034 3460 1067 3519 et
1084 3474 1181 3538 super
1193 3453 1323 3538 juribus
1342 3453 1450 3520 dohaec
1552 3455 1554 3460 '

342 3559 454 3619 nostre
469 3552 638 3639 Neapolis,
664 3555 745 3622 ferri
770 3557 931 3638 videlicet,
956 3559 1038 3643 picis
1060 3565 1094 3625 et
1109 3561 1238 3646 acuarij,
1254 3563 1396 3628 duximm
1410 3579 1452 3624 us·
1552 3591 1553 3594 ¹

344 3682 408 3746 que
424 3660 468 3727 ad
482 3661 668 3730 Maiestatis
684 3663 808 3730 Nostra
823 3666 1063 3749 beneplacitum
1087 3667 1336 3752 providendum
1358 3665 1451 3734 fratri·

345 3768 404 3835 bus
421 3769 545 3835 scilieet
561 3769 811 3838 Predioatorum
828 3773 868 3839 de
884 3776 988 3861 vncijs
1004 3776 1179 3860 octoginta,
1195 3777 1378 3845 Minoribus
1386 3795 1449 3860 qua·

342 3875 505 3959 draginta,
521 3883 554 3940 et
568 3875 793 3946 Heremitanis
818 3882 957 3964 triginta
981 3885 1133 3967 ponderis
1149 3885 1316 3970 generalis
1339 3906 1392 3970 per
1406 3904 1450 3948 an·

343 4005 421 4050 num
446 3982 639 4050 exhibendis
666 3989 843 4054 successive
868 3990 948 4074 ipsis
977 4012 1036 4075 per
1061 3993 1217 4059 terminos
1241 3999 1449 4080 competentes

342 4092 398 4160 Ita
414 4093 552 4175 quidem,
569 4093 659 4178 quod
675 4095 760 4162 sicut
775 4096 869 4163 valor
884 4118 1010 4165 annuus
1027 4101 1095 4167 siue
1112 4103 1256 4168 venditio
1279 4105 1394 4188 jurium
1408 4119 1449 4165 oa·

341 4198 426 4266 belle
441 4200 588 4284 predicte
605 4211 731 4270 crescet
747 4212 806 4271 aut
821 4205 987 4273 decrescet
1001 4207 1142 4292 inantea,
1166 4211 1215 4276 sic
1239 4211 1312 4296 ipsa
1325 4209 1449 4296 provisio

343 4306 441 4372 dictis
466 4305 692 4392 Religionibus
717 4319 878 4397 augeatur
903 4321 937 4380 et
960 4317 1125 4382 minuatur
1149 4337 1209 4403 pro
1234 4319 1324 4386 diota
1338 4319 1448 4384 ratione

344 4411 457 4479 debita
483 4417 681 4498 successise,
707 4420 754 4484 sic
780 4421 940 4503 equidem,
956 4423 1058 4489 donec
1084 4422 1234 4491 Studium
1260 4428 1295 4491 in
1319 4423 1447 4492 Ciuitate

342 4520 415 4606 ipsa
426 4517 588 4589 Generale
607 4529 814 4594 seruauerint
830 4527 951 4600 Diuinc
970 4532 1104 4600 scientie
1120 4532 1447 4617 supradictelncuius
