3214 5260
631 375 726 443 1358.
1178 377 1243 444 499

110 546 233 618 domini
251 551 353 637 Regis
370 554 505 639 agendis
532 555 727 642 prepositus,
741 553 893 624 uidelicet
910 577 944 622 se
961 554 1155 640 subscripsit
1171 577 1245 641 pro·

107 664 183 744 pria
199 685 317 742 manu;
341 672 523 730 asserentes
539 666 602 747 ipsi
618 663 886 745 Ambaxiatorea
911 666 999 747 quod
1016 667 1043 729 si
1060 661 1158 748 super
1174 688 1245 748 pre·

108 770 208 835 dictis
224 793 284 854 per
299 792 354 838 eos
370 773 501 859 scriptis
517 774 771 857 responderetur
781 773 939 855 totaliter,
956 780 1051 839 erant
1067 773 1174 856 parati
1189 795 1245 856 pa-

108 899 181 943 cem
208 879 357 964 firmare3
381 889 414 947 et
440 885 467 948 si
494 903 590 967 super
616 882 766 948 omnibus
794 905 857 948 non
874 882 969 967 plene
985 881 1244 968 responderetur,

107 993 224 1072 utpote
241 991 439 1074 accessoriis,
456 993 483 1056 si
500 1011 600 1075 super
609 990 846 1075 principalibus
856 992 1066 1074 tangentibus
1076 990 1242 1056 dominum

106 1093 236 1179 Regem
261 1097 373 1164 taliter
399 1099 659 1184 responderetur,
684 1098 771 1182 quod
798 1099 948 1164 dominus
964 1099 1036 1166 Rex
1051 1103 1162 1183 posset
1177 1117 1242 1164 om-

107 1205 186 1269 nino
212 1207 405 1290 contentari,
430 1229 513 1272 unus
538 1227 651 1272 eorum
676 1207 740 1272 iret
764 1206 798 1271 in
822 1205 1032 1290 Hungariam
1048 1213 1082 1272 et
1095 1207 1180 1273 alter
1194 1225 1243 1270 re·

106 1320 266 1394 maneret,
282 1320 315 1379 et
329 1321 470 1398 treugua
485 1321 722 1400 prorogaretur
738 1335 796 1399 per
811 1336 963 1392 mensem,
978 1336 1146 1399 quousque
1156 1315 1242 1379 reni-

107 1425 160 1486 ret
177 1422 347 1505 responsio
365 1421 488 1487 domini
502 1423 615 1506 Regis,
630 1423 681 1488 cui
698 1422 910 1489 intendebant
918 1423 1030 1489 taliter
1040 1422 1242 1506 persuadere,

107 1527 198 1612 quod
216 1529 393 1614 sperabant
408 1551 521 1615 pacem
538 1529 688 1596 totaliter
704 1530 849 1596 formari.

5 1723 6 1733 ἵ
219 1633 302 1702 (lum
326 1636 474 1720 predicta
499 1637 614 1704 cedula
639 1641 687 1704 sic
702 1637 890 1721 subscripta
906 1657 1053 1703 reversus
1068 1635 1131 1703 luit
1145 1635 1239 1719 Epis·

107 1763 209 1827 copus
225 1743 402 1810 Firmanus
428 1743 591 1826 Paduam,
618 1765 713 1828 quem
738 1752 813 1830 post
831 1743 991 1809 modicam
1009 1744 1121 1810 boram
1138 1742 1239 1808 domi·

106 1873 168 1918 nus
194 1849 375 1934 Gregorius
402 1849 521 1918 Custos
546 1850 762 1920 Varadiensis
788 1851 1005 1919 Decretorum
1029 1852 1154 1917 Ductor
1177 1849 1240 1915 fuit

106 1966 247 2028 secutus.
264 1957 328 2043 Qui
345 1959 474 2043 quidem
492 1961 612 2026 Custos
627 1959 704 2025 licet
721 1981 786 2025 non
804 1967 890 2026 esset
905 1959 1096 2043 principalis
1117 1957 1238 2025 Amba-

5 2157 7 2160 ·
105 2069 227 2149 riatur,
251 2073 361 2132 tamen
388 2069 466 2151 quia
491 2067 710 2134 Oonsiliarius
736 2068 858 2134 domiui
875 2067 978 2153 Regis
993 2067 1101 2133 iuerat
1116 2069 1150 2133 in
1165 2066 1237 2133 istis

5 2199 7 2204 ·
105 2175 317 2256 tractatibus
341 2181 374 2240 et
397 2175 481 2240 dixit
504 2174 593 2242 dicto
618 2177 784 2260 Episcopo
810 2177 1027 2256 Firmanensi,
1052 2175 1141 2260 quod
1161 2177 1239 2258 quia

105 2283 365 2350 Ambaxiatores
387 2283 451 2367 ipsi
467 2284 500 2348 in
517 2306 632 2368 campo
647 2290 681 2348 et
697 2285 729 2352 iu
746 2285 864 2350 itinere
892 2283 1074 2367 predictam
1087 2282 1237 2348 cedulam

106 2392 379 2474 subscripserant,
410 2413 474 2455 non
505 2397 680 2475 potuerant
710 2413 782 2457 eam
813 2392 856 2457 ad
887 2391 1018 2475 plenum
1044 2391 1238 2456 examinare.

5 2555 6 2562 ,
105 2500 189 2566 Ideo
205 2498 311 2581 ipsam
330 2498 588 2582 examinandam,
613 2500 839 2584 corrigendam
856 2505 889 2564 et
905 2498 1138 2565 declarandam
1154 2519 1237 2564 oom-

104 2610 265 2676 miserant
281 2603 342 2673 sibi
359 2605 480 2671 domini
495 2603 751 2674 Ambaxiatores
775 2604 933 2692 predicti;
957 2613 990 2674 et
1006 2605 1093 2690 quod
1109 2623 1237 2687 respon·

105 2719 233 2783 sionem
250 2713 454 2780 dominorum
471 2713 670 2784 Venetorum
686 2722 895 2801 expectarent
910 2715 1165 2781 Ambaxiatores
1181 2714 1238 2778 do-

103 2824 186 2890 mini
211 2823 312 2906 Regis
336 2824 371 2887 in
396 2823 523 2905 castris,
549 2844 613 2906 que
629 2823 837 2908 detipnentur
853 2843 911 2906 per
928 2823 1093 2888 dominum
1109 2822 1236 2906 Regem
1359 2892 1364 2901 ,

103 2954 166 3018 per
182 2931 263 2997 duos
279 2930 356 2996 dies

215 3039 400 3125 Episcopus
417 3039 596 3108 Firmanus
622 3061 694 3106 cum
720 3040 810 3105 dicta
834 3037 949 3104 cedula
965 3044 997 3102 et
1013 3057 1085 3103 cum
1101 3037 1236 3108 Vioario

102 3147 241 3215 Domini
259 3145 412 3213 Civitatis
437 3149 552 3214 Padue
577 3150 636 3213 irit
661 3147 827 3229 Venetias,
853 3146 910 3212 ubi
934 3152 1006 3211 erat
1024 3145 1236 3212 Reverendus

102 3264 201 3343 pater
218 3256 365 3322 dominus
381 3256 572 3323 Paretensis
588 3256 782 3341 Episcopus,
797 3263 830 3321 et
846 3255 993 3340 exposito
1006 3255 1137 3337 negotio
1150 3254 1236 3321 dicte

103 3364 219 3430 cednle
244 3363 378 3429 domino
402 3365 568 3448 Episcopo
594 3363 751 3448 prefecto,
776 3367 847 3448 ipse
872 3363 1020 3428 dominus
1051 3361 1236 3448 Episcopus

101 3463 303 3555 Paretensis,
328 3469 483 3538 Vicarius
510 3472 630 3537 domini
655 3471 777 3554 Padue,
802 3478 835 3535 et
859 3471 1041 3554 Episcopus
1062 3469 1237 3536 Firmanus

102 3583 235 3649 iverunt
266 3579 308 3646 ad
341 3578 507 3645 dominum
538 3579 673 3664 Ducem,
699 3602 795 3664 quern
820 3580 1014 3645 invenerunt
1037 3579 1070 3642 in
1096 3577 1235 3660 quodam
1270 3635 1276 3656 ,

104 3687 254 3756 Consilio
269 3693 433 3753 certorum
458 3686 628 3754 Nobilium
653 3687 738 3754 forte
753 3707 886 3752 numero
902 3685 1122 3770 quadraginta
1137 3685 1235 3769 depu-

100 3805 249 3863 tatorum
266 3796 309 3861 ad
325 3796 558 3879 providendum
576 3817 672 3882 super
688 3816 818 3881 guerra.
843 3792 908 3878 Qui
925 3794 1073 3858 dominus
1089 3794 1166 3859 Dux
1181 3815 1235 3858 ro·

100 3907 173 3990 luit,
189 3902 277 3989 quod
286 3903 353 3970 illis
363 3903 567 3987 presentibus
578 3909 793 3989 exponeretur
803 3902 926 3968 factum
937 3899 1068 3981 cedule;
1085 3905 1120 3966 et
1135 3901 1232 3967 etiam

73 4013 263 4097 exposita,
289 4032 386 4095 super
411 4032 475 4095 quo
501 4011 649 4078 dominus
674 4011 752 4076 Dux
777 4031 849 4076 cum
867 4007 1042 4076 Nobilibus
1060 4007 1234 4074 antedictis

101 4119 242 4204 aliquali
257 4119 371 4185 habito
388 4119 531 4201 consilio,
547 4121 789 4203 responsionem
798 4117 877 4184 fecit
884 4118 1002 4182 talem:
1019 4111 1107 4200 quod
1121 4136 1234 4199 pacem

102 4249 233 4313 semper
250 4232 446 4312 optaverunt
462 4233 495 4293 et
512 4233 649 4312 optant;
665 4233 698 4293 et
712 4227 769 4293 ubi
785 4225 931 4311 placeret
941 4222 1234 4292 Ambaxiatoribue

101 4337 225 4402 domini
251 4333 353 4419 Regis
377 4341 519 4401 tractare
544 4341 577 4400 et
603 4333 781 4419 procedere
806 4353 903 4416 super
927 4331 1001 4415 biis,
1016 4351 1079 4415 que
1095 4330 1186 4397 dicta
1202 4338 1235 4398 et

8 4485 9 4490 κ
99 4444 271 4532 proposita
287 4439 438 4509 Venetiis
463 4449 565 4527 erant,
590 4441 737 4508 dominus
763 4443 839 4509 Dux
864 4463 936 4508 eum
952 4460 1010 4506 suo
1028 4439 1175 4506 Consilio
1193 4439 1235 4505 si·

1063 4547 1126 4614 32*
