3108 5246
335 247 400 313 406
690 245 1114 308 nrpnomczurnnnanna

341 425 487 491 cordium
503 423 551 490 vel
567 443 625 507 per
641 429 772 487 texeras
788 441 872 485 unus
888 421 1033 503 ipsorum
1047 421 1148 484 trium
1172 407 1219 485 ibi
1236 417 1350 490 debeat
1362 439 1456 484 renia-
1544 441 1546 446 ·

338 554 415 600 nere
432 555 492 617 pro
510 530 615 597 eundo
628 532 670 596 ad
686 531 810 596 dictum
820 528 945 612 Regem
970 529 1004 592 in
1021 549 1107 609 casu,
1124 549 1190 612 quo
1207 528 1269 593 sibi
1287 547 1342 611 per
1356 525 1455 594 Doni-
1545 533 1546 538 ’

338 641 427 706 nium
443 641 529 706 foret
543 640 739 722 impositum,
756 637 859 703 etalii
876 635 941 702 duo
957 637 1069 702 statim
1079 635 1241 704 Venecias
1258 640 1413 702 revertant
1449 685 1456 700 .

339 747 464 814 Verum
495 746 560 830 ille,
590 749 647 830 qui
671 744 864 825 remanebit,
890 747 1040 827 expectet
1063 741 1109 808 ibi
1134 744 1374 826 responsionem
1387 742 1458 808 dicti

343 856 477 922 Notarii
502 855 592 921 missi
618 854 660 919 ad
677 853 801 919 dictum
825 852 959 936 Regem,
975 859 1008 918 et
1023 849 1185 918 rescribat
1201 873 1241 917 ea
1255 849 1353 933 nobis,
1369 859 1399 917 et
1412 874 1457 917 ex·
1545 939 1546 944 ἵ

339 969 454 1054 pectet
470 969 617 1028 nostrum
633 961 833 1027 mandatum.

449 1109 485 1174 (A
500 1108 608 1160 ›Missi‹
623 1110 713 1160 czimtt
727 1110 864 1162 velenczei
878 1108 1059 1174 aillamkdnyv
1072 1107 1174 1157 XXVI.
1189 1107 1349 1168 reascendi.)

829 1249 990 1264 νυνι-ην*

881 1415 955 1476 333.

366 1575 397 1644 Α
404 1575 562 1668 floreuczi
585 1575 865 1661 kdztdreusdpnulc
890 1575 919 1637 Ι.
934 1574 1093 1640 Joaanaa
1108 1575 1236 1640 sicilirri
1251 1575 1400 1661 kira'lynt
1414 1574 1440 1636 ἐι

719 1681 872 1748 Tarentoi
891 1684 1000 1770 Lajoe.
1017 1685 1113 1748 1351.

453 1841 644 1926 Magnificis
660 1843 740 1908 viris
757 1842 928 1909 Prioribus
944 1840 1079 1910 Artium
1096 1849 1128 1908 et
1156 1843 1348 1912 Vexilliiero
1372 1840 1461 1908 Justi·

347 1954 404 2034 cie,
420 1951 574 2036 Consilio,
589 1951 716 2035 Populo
733 1957 764 2016 et
781 1950 953 2017 Communi
979 1950 1133 2018 Ciuitatis
1158 1950 1340 2031 Elorencie,
1354 1949 1461 2016 carissi·
1533 2007 1538 2015 .

346 2061 407 2127 mis
424 2059 536 2126 amicis
552 2059 680 2125 nostris.

453 2165 624 2258 Magnifici
641 2168 702 2231 viri
719 2173 752 2231 et
768 2167 865 2232 amici
881 2165 1047 2232 karissimi
1058 2165 1346 2251 ,Presupponimus
1356 2167 1387 2232 in
1397 2166 1462 2250 ipsis

348 2275 497 2358 partibus
514 2275 641 2340 notorie
657 2274 873 2359 diuulgatum,
898 2297 970 2340 curn
996 2274 1050 2339 hic
1075 2296 1135 2358 per
1151 2273 1297 2357 Papeles
1313 2274 1413 2341 bullas
1425 2273 1463 2337 in·

348 2383 492 2448 notuerit
508 2383 766 2466 circumquaque,
782 2381 924 2464 qualiter
941 2381 1115 2448 concordia
1130 2404 1203 2448 cum
1219 2381 1311 2465 Rege
1334 2381 1464 2465 Vnganie

350 2491 518 2557 nobiscum
535 2512 593 2574 per
618 2513 734 2556 manne
760 2487 953 2555 Sanctitatis
979 2489 1150 2556 Dominice
1165 2489 1200 2555 in
1216 2487 1365 2556 Romana
1380 2487 1465 2554 Curia

351 2604 401 2664 est
425 2597 568 2664 firmata.
594 2598 738 2682 Propter
763 2620 862 2682 quam
887 2604 1038 2682 raptores
1063 2606 1096 2663 et
1121 2597 1282 2683 predones
1298 2597 1405 2682 aliqui,
1419 2592 1464 2678 qui

351 2706 526 2772 hostilibus
551 2704 758 2789 discursibus,
782 2706 907 2790 rapinis
933 2713 966 2772 et
990 2706 1238 2790 predacionibus
1263 2706 1381 2772 assueti
1404 2705 1465 2768 sunt

350 2812 514 2879 modernis
531 2813 733 2897 temporibus
759 2833 885 2878 omnem
913 2813 1133 2880 substantiam
1147 2813 1291 2879 fidelium
1307 2810 1466 2896 regnicola-

351 2944 423 2988 rum
440 2922 557 3002 aurire,
574 2917 758 2986 efficiuntur
774 2921 817 2987 ad
842 2922 937 2987 buius
952 2921 1060 3004 Regni
1076 2943 1241 3004 egressum
1257 2922 1383 3005 penitus
1396 2919 1466 2984 reni·

352 3037 459 3096 tentes
484 3026 622 3096 ulteriu's
639 3027 679 3096 de
695 3029 776 3098 dicti
791 3030 894 3116 Regis
911 3031 1056 3114 Vngarie
1072 3031 1169 3097 titulo
1185 3031 1252 3096 iam
1276 3030 1382 3111 diffisi,
1397 3047 1466 3094 nunc

352 3139 405 3204 hic
437 3161 522 3204 nunc
547 3139 592 3204 ibi
618 3162 652 3205 se
680 3139 875 3205 conferendo
891 3137 933 3203 ad
949 3139 1095 3221 invicem,
1111 3139 1194 3205 sicut
1207 3141 1255 3205 eis
1272 3132 1467 3223 extorquendi

354 3253 485 3329 questus
510 3247 686 3312 crudelitas
710 3246 895 3331 persuadet,
921 3269 980 3312 nec
1006 3270 1069 3313 non
1095 3249 1222 3330 pariter
1238 3243 1421 3314 advocanda
1433 3242 1466 3308 ab

355 3360 447 3419 extra
463 3354 687 3419 confederatus
704 3354 795 3436 alica,
822 3355 872 3418 rel
899 3375 1103 3436 quacumque
1126 3357 1341 3439 instigacione
1355 3353 1469 3420 traben-

356 3461 413 3525 dos
431 3483 538 3526 secum
555 3462 589 3526 in
605 3463 811 3545 malignitate
828 3484 892 3526 non
909 3460 1066 3544 dispar-ee,
1082 3470 1131 3527 set
1146 3465 1258 3548 pocius
1268 3465 1303 3530 in
1313 3463 1468 3548 iniquitate

356 3568 554 3649 conformem
571 3591 643 3634 cum
668 3569 779 3634 tedeat
804 3570 891 3652 ipsos
917 3569 995 3651 eius,
1012 3569 1099 3652 quod
1115 3592 1189 3636 suas
1205 3592 1320 3637 manus
1336 3569 1469 3642 suaserit

356 3698 421 3742 non
446 3676 533 3760 quod
548 3675 707 3761 rapiendo
732 3698 845 3742 eorum
868 3699 991 3760 procax
1016 3678 1216 3761 peruersitas
1246 3678 1421 3762 intercepit.
1432 3675 1470 3740 Et

357 3785 434 3850 dum
461 3785 506 3850 sic
531 3807 642 3850 eorum
668 3784 708 3848 de
733 3783 851 3867 Regno
877 3785 999 3850 exitum
1017 3783 1146 3851 differre
1163 3788 1333 3867 conantur,
1348 3786 1470 3868 dampna

357 3895 507 3960 continue
523 3895 627 3975 magis
653 3894 749 3958 noxia
774 3914 837 3957 non
854 3899 1062 3976 postponunt,
1087 3899 1123 3958 ut
1140 3893 1167 3958 si
1185 3891 1235 3958 vel
1252 3913 1307 3959 eos
1323 3893 1470 3975 contingat

358 4003 476 4067 invitos
491 3999 652 4084 recedere,
667 4021 731 4066 non
747 4002 932 4083 reperiatur
956 4000 1000 4066 ad
1016 3998 1245 4067 effundendum
1270 4002 1359 4067 uirus
1375 4004 1469 4066 contre

359 4132 439 4194 qnos
455 4109 636 4191 ubicunque
661 4108 831 4191 voluerint,
848 4129 960 4186 eorum
985 4110 1100 4176 bursas
1116 4129 1246 4190 vacuas,
1263 4131 1345 4193 quas
1361 4108 1397 4173 de
1412 4127 1469 4172 san·

359 4218 455 4301 guina
472 4225 505 4282 et
520 4217 732 4283 facultatibus
747 4218 968 4283 innocentium
985 4225 1017 4282 et
1039 4219 1232 4286 miserorum
1247 4219 1355 4300 Regni
1370 4233 1469 4302 paupe

360 4345 431 4389 rum
448 4323 569 4390 habent
594 4325 788 4393 excoriando
812 4325 969 4408 refectas3
995 4327 1046 4392 vel
1071 4329 1098 4392 si
1115 4327 1265 4412 compelli
1281 4324 1468 4408 nequiuerint

360 4432 403 4498 ad
427 4453 598 4515 recessum,
622 4435 724 4518 magis
757 4432 819 4499 sibi
844 4435 988 4500 sentiant
1013 4433 1216 4502 incenturum
1233 4433 1326 4521 (igy).
1350 4429 1467 4516 thuia
