3110 5248
583 349 678 412 1348.
1118 357 1192 448 ,eoa

75 525 230 608 quondam
254 547 307 592 ser
333 524 480 592 Bertucii
506 517 619 593 Sancti
644 526 809 594 Johaunis
834 527 929 612 Novi,
955 529 1056 597 Petro
1073 531 1196 599 Sancto

74 631 213 700 Donatus
236 631 452 703 Venetiarunr
478 631 605 716 Scriba,
637 633 807 719 Stephano
839 637 1004 720 quondam
1036 637 1196 721 Dimitrii,

73 739 186 809 Cosma
200 742 268 808 filio
283 744 451 827 quondam
466 743 648 827 Laurentii,
673 741 832 810 ambobus
849 745 889 811 de
905 745 1088 832 Huogaria,
1103 747 1196 815 iami-

71 849 139 914 liari
164 851 445 936 infrascriptorum
471 851 675 918 dominorum
701 850 986 934 Ambaxiatorum,
1002 859 1035 920 et
1050 855 1123 922 aliis
1147 861 1195 923 te-

70 958 168 1024 stibus
182 959 301 1026 ibidem
326 961 452 1025 vocatis
477 958 665 1043 specialiter
688 966 721 1025 et
745 961 880 1044 rogatis,
900 961 944 1027 ad
959 961 1100 1046 laudem,
1126 963 1194 1048 glo·

69 1065 157 1149 riam,
172 1071 204 1134 ct
218 1067 376 1134 honorem
401 1069 526 1134 Eterno
552 1067 726 1135 Trinitatis
741 1089 781 1134 ac
796 1067 900 1136 Beate
910 1067 1020 1136 Marie
1033 1069 1193 1156 Virginis,

68 1179 98 1238 et
113 1174 208 1240 totius
224 1173 326 1243 Curia
351 1173 499 1243 Celestis.
525 1172 610 1241 Cum
626 1177 826 1260 procurante
842 1176 972 1244 inimico
988 1177 1123 1246 humani
1139 1202 1193 1264 ge·

67 1281 148 1348 neris
173 1283 345 1368 discordie,
370 1284 597 1362 controversie,
612 1283 689 1349 lites
705 1289 738 1349 et
753 1283 864 1367 litigia
879 1283 1098 1352 diversimode
1115 1295 1191 1354 orta

67 1389 194 1457 nerunt
208 1393 293 1458 inter
320 1389 570 1458 serenissimum
595 1391 760 1458 dominum
781 1391 984 1458 Ludovicnm
1000 1391 1064 1459 Dei
1079 1396 1192 1480 gratia

66 1496 241 1582 Hungarie,
265 1499 454 1565 Jerusalem
479 1504 512 1564 et
536 1497 649 1566 Sicilie
675 1497 809 1583 Regem,
835 1504 868 1565 et
892 1501 961 1564 eius
989 1499 1138 1568 subditos
1155 1509 1189 1570 et

3 1601 5 1614 ’
65 1603 182 1686 fideles,
197 1627 356 1690 sequaces
372 1613 406 1672 et
421 1605 611 1674 obedientes
628 1627 667 1672 ex
682 1627 748 1672 una
772 1611 875 1690 parte,
892 1613 925 1672 et
940 1607 1109 1673 Illustrcm
1133 1609 1190 1676 do·

67 1714 183 1779 ninum
198 1710 368 1780 Andream
394 1713 550 1780 Daudulo
575 1713 690 1780 eadem
707 1714 817 1797 gratia
833 1712 1048 1783 Veneriorum
1063 1712 1190 1785 Ducem

3 1869 22 1882 .
65 1827 120 1888 eta
137 1829 172 1889 et
186 1821 364 1890 Commune
379 1821 603 1905 Veneriorum,
619 1821 739 1888 eteius
765 1821 920 1905 subditos,
936 1820 1058 1904 fideles,
1074 1845 1189 1908 sequa·

64 1950 113 1996 ces
135 1937 171 1996 et
192 1930 383 1999 obedientes
408 1951 448 1996 ex
472 1937 568 2015 parte
593 1929 707 2010 altera,
732 1930 818 1996 inter
835 1950 918 2012 quas
934 1937 1046 2015 partes
1063 1952 1188 2018 semper

3 2091 4 2094 ι
63 2037 191 2106 intimus
206 2060 299 2106 amor
314 2045 348 2104 et
364 2037 496 2105 dilectio
521 2037 585 2103 luit
600 2042 634 2103 et
649 2037 752 2120 viguit
768 2035 810 2102 ab
827 2038 972 2122 antiquo.
998 2037 1096 2104 Nunc
1111 2059 1188 2123 ope·

63 2152 152 2213 rante
167 2145 287 2213 Divina
304 2146 421 2229 gratia,
438 2165 510 2211 oum
526 2165 577 2210 res
588 2143 734 2229 quelibet
743 2150 896 2229 prompta
913 2147 955 2211 sit
971 2144 1015 2211 ad
1030 2151 1185 2213 naturam

63 2255 220 2339 propriam
235 2254 413 2338 pristinam
430 2259 463 2318 et
479 2252 610 2318 solitam
626 2250 667 2316 de
683 2249 773 2316 facili
783 2250 964 2337 reformari,
973 2251 1185 2320 Reverendus

67 2360 272 2429 sitdominus
287 2359 445 2428 Nicolaus
469 2358 604 2428 Electus
629 2357 838 2426 confirmatus
864 2359 1013 2428 Ecclesie
1037 2359 1185 2427 Nitrien·

4 2523 5 2544 ,
63 2469 112 2552 sis,
126 2468 369 2537 secretissimus
386 2465 601 2536 Conciliarius
617 2466 738 2552 prefati
753 2466 885 2536 Domini
900 2468 1012 2552 Regis,
1028 2489 1067 2535 ao
1081 2469 1186 2553 Egre-

61 2577 128 2660 gius
143 2584 175 2644 et
189 2577 320 2646 Nobilis
335 2579 385 2644 vir
401 2575 565 2660 Magister
579 2575 604 2641 J
605 2577 753 2644 ohannes
769 2575 855 2643 filius
870 2575 1056 2644 Alexandri
1067 2575 1184 2644 Comes

3 2701 4 2766 ξ
63 2681 332 2771 Chengradiensis
357 2690 391 2752 et
416 2683 624 2752 Castellanus
640 2683 862 2769 Zegediensis,
877 2685 1026 2774 similiter
1042 2681 1184 2751 Consili-

3 2813 5 2826 ’
61 2795 143 2861 arius
158 2794 300 2862 eiusdem
316 2792 439 2860 domiui
454 2793 566 2876 Regis,
581 2799 614 2858 et
630 2812 686 2858 sue
702 2791 787 2860 Aule
803 2791 909 2877 Regie
925 2793 1026 2874 miles,
1046 2792 1184 2876 solemp-

3 2909 4 2954 3
61 2923 112 2968 nes
136 2904 260 2971 otveri
290 2899 539 2985 Ambaxatores,
570 2898 815 2983 Procuratores,
840 2899 979 2968 Actores
1005 2906 1039 2968 et
1058 2898 1182 2966 Nuncii

62 3006 220 3095 Speciales
236 3009 358 3095 prefati
372 3009 496 3076 domini
514 3007 627 3093 Regis,
643 3009 757 3093 suique
772 3007 910 3075 Consilii
925 3008 968 3076 ad
982 3007 1183 3092 presentiam

60 3119 205 3200 prelibati
230 3118 352 3186 domini
376 3115 478 3184 Ducis
506 3123 539 3182 et
563 3113 750 3183 Communis
775 3114 990 3185 Venetiarum
1015 3115 1059 3180 ad
1084 3111 1182 3180 inira·

60 3228 176 3312 scripta
199 3225 310 3293 omnia
324 3233 367 3297 et
392 3225 521 3307 singula
546 3223 736 3306 exercenda,
752 3223 926 3291 tractanda
941 3229 974 3290 et
990 3220 1182 3308 complenda

60 3332 195 3420 legitime
225 3333 395 3401 constituti
426 3339 460 3399 et
489 3331 677 3417 specialiter
709 3333 873 3412 destinati,
896 3336 933 3397 nt
956 3335 1086 3398 constat
1114 3351 1173 3412 per

59 3441 254 3508 authenticas
278 3445 314 3506 et
337 3459 433 3506 veras
457 3438 587 3506 litteras
612 3444 763 3522 patentes
782 3438 906 3523 prefati
931 3439 1053 3506 domini
1067 3437 1170 3522 Regis

58 3548 148 3632 sigilli
164 3549 213 3615 sui
230 3547 413 3614 authentici
428 3546 626 3631 appensione
642 3546 793 3632 munitas,
809 3553 843 3612 et
859 3546 955 3614 datas
970 3547 1173 3614 Budetertic

3 3689 4 3694 κ
58 3651 105 3720 die
134 3662 209 3740 post
237 3661 369 3722 octavas
398 3652 579 3720 Beatorum
609 3653 702 3720 Petri
734 3663 767 3720 et
798 3653 896 3720 Pauli
926 3677 1011 3720 anno
1041 3653 1176 3721 Domini

57 3759 347 3833 MCCCXLVIII.
371 3761 500 3828 nomine
526 3765 559 3828 et
585 3760 652 3827 vice
678 3761 780 3846 ipsius
806 3762 929 3828 domini
946 3763 1048 3846 Regis
1065 3763 1178 3846 suique

58 3867 196 3954 Consilii,
211 3875 245 3937 et
261 3868 403 3936 omnium
418 3875 451 3935 et
466 3866 669 3954 singulorum
685 3890 816 3936 suorum
832 3868 1037 3937 subditorum
1053 3875 1086 3936 et
1101 3867 1179 3936 fide·

57 3975 137 4063 lium,
151 3985 185 4060 et
201 3978 348 4046 omnium
363 3985 397 4044 et
413 3977 624 4062 singulorum,
649 3979 705 4061 qui
725 3975 954 4061 quoquomodo
969 3976 1110 4045 fuissent
1124 3975 1176 4044 vel

58 4093 156 4154 essent
172 4083 372 4169 obedientes,
388 4105 543 4169 sequaces
569 4086 621 4152 vel
638 4085 837 4152 favorabiles
854 4084 984 4152 domino
1001 4083 1088 4168 Regi
1105 4107 1176 4169 pre·

58 4190 118 4259 fato
141 4216 180 4260 ex
204 4215 271 4260 una
294 4200 407 4278 parte,
430 4201 462 4259 et
478 4194 614 4280 Egregii
629 4201 663 4261 et
678 4195 842 4278 sapientes
862 4192 923 4258 viri
938 4193 1060 4258 domini
1077 4193 1176 4260 Nico-

57 4297 120 4369 laus
133 4298 251 4386 Volpe‚
275 4298 464 4386 Stephanus
489 4301 649 4388 Bellignc,
676 4309 709 4370 et
733 4300 911 4386 Rajnerius
926 4301 968 4367 de
985 4299 1106 4384 Musto,
1122 4303 1177 4367 lio·

59 4410 184 4476 uorandi
200 4412 287 4476 cives
311 4409 536 4491 Veratianum,
554 4411 776 4491 Tractatores,
793 4411 1029 4478 Procuratores
1045 4417 1079 4477 et
1095 4407 1176 4496 Syn·

2 4515 4 4519 ’
60 4513 113 4582 dici
128 4519 348 4606 predictorum
373 4519 494 4588 domini
519 4520 622 4589 Ducis
638 4526 672 4589 et
687 4517 876 4590 Communis
898 4517 1124 4602 Venetiarum,
1138 4525 1176 4587 ut
