3166 5256
901 367 992 434 1345.

924 655 975 716 99.

390 811 448 880 VI.
465 815 614 880 Kalamon
633 765 728 902 pcipe
755 815 782 879 Ι.
809 815 910 900 Lajos
935 837 1075 900 maggior
1090 813 1215 902 tirctyc
1233 813 1379 894 fellke'ri,
1395 815 1507 898 bogyc
1578 775 1580 782 >

385 921 491 992 Jdcos
505 924 575 988 osolt
591 923 622 986 do
638 921 704 990 III.
722 923 873 986 Kazima'r
897 922 966 986 kozt
982 921 1117 987 ltdtecdd
1142 921 1264 1008 lenqycl
1291 919 1440 1007 kirdiyolt
1464 920 1508 984 bc'·

717 1030 853 1118 kessdget
869 1034 1062 1116 ldmogcssa.
1081 1029 1177 1096 1345.

494 1186 652 1256 Clemens
670 1191 852 1276 Episcopus
877 1196 937 1256 etc.
962 1188 1135 1254 carissimo
1163 1189 1194 1256 in
1215 1187 1348 1255 Christo
1365 1186 1433 1255 filio
1446 1187 1508 1254 Iru-

387 1291 504 1362 douico
520 1296 607 1381 Regi
623 1296 769 1382 Vngarie
796 1297 918 1364 illustri
943 1297 1082 1363 salutem
1107 1300 1167 1362 etc.
1183 1296 1357 1362 Relatibus
1373 1294 1510 1379 percepi·
1579 1337 1580 1342 κ

387 1423 458 1469 mus
475 1403 647 1490 fideliguis,
665 1405 753 1488 quod
769 1405 891 1472 dudum
920 1406 1008 1472 inter
1025 1404 1211 1471 carissimos
1228 1405 1262 1469 in
1276 1404 1410 1470 Christo
1425 1403 1506 1470 filios
1578 1453 1580 1460 ,

386 1516 516 1578 nostros
531 1510 556 1577 J
558 1512 718 1580 ohannem
733 1513 867 1580 Boemie
884 1519 917 1580 et
931 1512 1139 1580 Karimirum
1165 1511 1299 1578 Polonie
1314 1511 1425 1596 Reges
1440 1511 1508 1576 illu·

386 1623 469 1685 stres
485 1622 625 1704 perculis
642 1627 675 1688 et
691 1620 956 1706 dissensionibus,
982 1623 1076 1688 hoste
1101 1627 1300 1705 procurante
1316 1621 1446 1686 humani
1461 1639 1510 1702 ge·

386 1729 485 1809 neris,
501 1728 666 1795 suscitatis
682 1728 829 1811 inuicem,
846 1737 880 1795 et
895 1729 975 1813 ipsis
1001 1728 1147 1813 Regibus
1173 1728 1249 1793 inde
1264 1727 1309 1794 ad
1326 1748 1460 1811 guerras
1475 1731 1505 1792 et

388 1833 581 1902 offensiones
596 1836 733 1902 hostiles
749 1837 926 1919 commotis,
942 1836 1037 1902 bonis
1053 1835 1131 1900 viris
1147 1834 1367 1900 mediantibus
1384 1841 1415 1900 et
1430 1840 1509 1898 trac·

386 1941 536 2008 tantibus
552 1949 668 2028 treuge
684 1943 765 2008 inite
780 1942 914 2009 fuerunt
928 1945 1014 2008 inter
1030 1964 1085 2008 eos
1109 1962 1211 2026 usque
1228 1941 1271 2008 ad
1286 1940 1403 2009 festum
1417 1939 1511 2006 Beati

386 2050 527 2117 Martini
542 2049 688 2116 futurum
703 2051 851 2136 proximo
869 2049 1037 2116 durature.
1053 2051 1124 2116 Nos
1139 2050 1243 2131 igitur
1259 2057 1415 2128 verentes,
1425 2047 1507 2131 quod

387 2156 479 2240 lapso
496 2157 717 2242 predictarum
732 2164 923 2242 treugarum
954 2157 1104 2238 termino,
1128 2157 1310 2240 instigante
1325 2157 1429 2222 hostis
1444 2177 1509 2239 pra-

388 2263 467 2331 dicti
481 2266 618 2349 malitia,
633 2266 741 2350 Reges
766 2267 906 2352 predicti
932 2267 976 2332 ad
993 2287 1185 2351 mugressus
1201 2265 1374 2349 predictos,
1391 2285 1430 2331 ex
1446 2263 1508 2346 qui-

386 2374 448 2440 bus
463 2374 577 2458 lapsus
593 2397 712 2457 rerum,
729 2375 856 2442 excidia
870 2395 1092 2462 personarum,
1118 2382 1152 2441 et
1172 2375 1355 2442 animarum
1372 2373 1507 2439 amarius
1578 2413 1580 2454 3

387 2482 588 2565 deploranda
604 2485 759 2568 pericula,
776 2485 894 2550 atalia
910 2484 1082 2568 dispendia
1092 2484 1263 2548 innumera
1272 2491 1406 2567 possent
1415 2479 1509 2563 sequi,

387 2599 647 2674 prorumperent,
664 2597 697 2657 et
712 2593 882 2678 cupientes
908 2590 1122 2675 dispendiosis
1147 2590 1300 2674 periculis
1332 2587 1509 2655 huiusmodi

387 2698 565 2766 salubriter
593 2705 731 2784 paterne
756 2699 985 2765 sollicitudinis
1011 2695 1126 2764 studiis
1142 2699 1287 2782 obuiare,
1302 2697 1410 2782 Reges
1426 2697 1507 2780 ipsos
1576 2701 1580 2730 ·’

388 2827 448 2890 per
463 2810 592 2872 nostras
609 2808 823 2873 exhortamur
838 2806 968 2871 litteras
984 2813 1017 2870 et
1032 2823 1195 2887 rogamus,
1210 2811 1247 2870 ut
1262 2805 1305 2870 ad
1321 2806 1390 2871 sias
1405 2801 1508 2887 pacili·
1579 2879 1580 2882 Ἴ

387 2933 451 2994 cas,
467 2915 593 2979 omissis
624 2915 751 2981 bellicis
782 2912 954 2979 insultibus
986 2933 1020 2977 se
1045 2911 1229 2996 disponant,
1255 2919 1288 2977 et
1314 2919 1351 2977 ut
1367 2910 1409 2977 ad
1425 2909 1507 2996 pacis

386 3027 496 3087 mutue
527 3022 734 3088 concordiam
763 3023 850 3086 inter
882 3041 937 3086 eos
967 3021 1109 3086 inuicem
1140 3019 1393 3103 reformandam,
1423 3021 1507 3086 circa
1576 3005 1580 3028 ¹

388 3150 486 3213 quam
516 3129 712 3196 intendimus
736 3130 941 3212 interponere
967 3127 1078 3194 sedulo
1109 3135 1220 3212 partes
1236 3135 1377 3209 nostras,
1391 3127 1508 3208 melius,
1578 3129 1580 3132 ’

387 3235 498 3302 utilius
524 3243 555 3302 et
580 3239 720 3320 quietius
745 3236 878 3317 intendi,
902 3236 1026 3302 Diuina
1056 3237 1166 3319 gratia
1183 3235 1385 3320 suffragante
1400 3234 1509 3314 valeat,
1574 3267 1580 3280 ,

386 3351 520 3428 treugas
536 3347 648 3416 ineant
662 3350 747 3414 inter
773 3369 806 3414 se
831 3369 931 3432 usque
959 3347 1001 3412 ad
1032 3347 1113 3416 certi
1131 3349 1345 3430 competentis
1359 3344 1507 3428 temporis
1578 3377 1579 3382 κ

387 3453 528 3536 spatium
545 3454 976 3539 duraturas;nichilominus
993 3475 1069 3521 suos
1084 3452 1353 3522 Ambassiatores
1378 3461 1411 3520 et
1425 3450 1509 3518 Nun·
1579 3473 1580 3476 ¹

386 3562 450 3626 tios
467 3583 563 3647 super
589 3563 640 3629 his
666 3562 864 3630 sufficienter
888 3565 1066 3629 instructos
1093 3570 1125 3628 et
1140 3562 1258 3630 idonea
1273 3568 1436 3647 potestate
1452 3557 1509 3626 sui·

255 3725 260 3730 .
386 3669 486 3735 fultos
502 3671 544 3736 ad
561 3669 719 3737 Nostram
735 3671 948 3751 Presentiam,
964 3671 1028 3736 nisi
1044 3691 1110 3752 pax
1134 3680 1205 3755 ipsa
1221 3669 1395 3736 reformari
1409 3672 1509 3754 posset

387 3779 552 3844 commode
577 3780 611 3843 in
636 3778 703 3844 illis
726 3778 885 3861 partibus,
911 3777 1144 3843 transmissuri.
1171 3777 1218 3843 Et
1243 3780 1323 3862 quia
1349 3779 1505 3862 negotium
1579 3813 1580 3836 2

386 3885 572 3952 huiusmodi
603 3886 777 3952 admodum
808 3885 930 3952 insidet
957 3885 1048 3951 cordi
1079 3889 1201 3968 nostro,
1232 3885 1388 3950 dilectum
1412 3885 1505 3948 filium

385 3992 585 4078 Magistrum
601 3992 815 4061 Guillelmum
831 3994 872 4060 de
888 3993 1042 4061 Pusterla
1056 3993 1268 4075 Prepositum
1283 3992 1432 4060 Ecclesia
1454 3991 1509 4058 Po·

387 4103 543 4168 seniensis
570 4102 808 4187 Strigoniensis
839 4103 997 4182 Diocesis,
1025 4101 1239 4185 Capelianum
1255 4107 1413 4185 nostrum,
1427 4098 1508 4183 Apo
1579 4113 1580 4116 ’

387 4210 501 4275 stolioe
527 4207 622 4277 Sedis
647 4207 820 4290 Nuntium,
852 4209 895 4276 ad
920 4216 1021 4293 tuam,
1046 4209 1212 4274 carissime
1238 4208 1294 4293 fili,
1319 4215 1353 4274 et
1369 4209 1505 4293 ipsorum
1579 4231 1580 4250 ³

385 4315 515 4399 Regum
530 4319 738 4402 presentiam,
753 4324 932 4402 partesque
947 4316 1023 4383 illas
1039 4315 1238 4400 providimus
1254 4323 1431 4400 propterea
1445 4333 1508 4399 spe·
1575 4333 1580 4414 ἶ

386 4423 512 4490 cialiter
529 4424 768 4492 destinandum.
787 4424 883 4509 Sane,
898 4426 947 4492 fili
963 4424 1181 4507 dilectissime,
1193 4424 1269 4510 quia
1287 4424 1507 4490 commodaret

385 4531 590 4602 incommoda
621 4533 751 4618 Regum
781 4534 937 4623 ipsorum,
963 4535 1047 4600 sicut
1070 4531 1299 4615 intelleximus,
1329 4537 1364 4600 te
1389 4531 1504 4600 condu-
