3134 5252
582 363 677 426 1346,
961 401 972 411 -
1128 363 1191 423 203

1 576 2 608 1
74 543 205 608 moratis.
231 542 338 609 Tenor
363 563 444 631 uero
469 539 702 606 commissionis
730 535 815 602 lacte
841 536 921 602 mihi
943 557 1041 620 super
1058 537 1118 602 hoc
1134 559 1191 621 per

76 649 293 733 apostolicam
310 649 539 730 sanctitatem,
554 647 702 740 sequitur
719 653 751 712 et
767 652 818 712 est
833 646 927 712 talis:

168 753 320 826 Clemens
336 765 398 824 etc.
423 755 630 842 (kbuetkezilr
657 755 718 820 Vl.
744 753 904 820 Kelemen
920 757 1074 837 papanalr
1095 755 1192 816 1346-

72 868 100 931 li
115 865 286 949 rendelete,
302 867 386 932 mint
401 865 535 932 fentebb
555 869 626 928 162.
645 885 687 928 sz.
705 863 758 948 a).

1 963 2 966 ¹
168 973 238 1039 Nos
265 981 376 1040 autem
403 973 483 1039 dicti
508 969 656 1052 Conritis,
681 977 850 1054 tamquam
876 968 1009 1036 honoris
1036 971 1139 1036 nostri
1165 973 1197 1034 et

1 1123 2 1134 2
72 1084 184 1150 iustitie
213 1083 367 1150 zelatoris
398 1080 564 1148 laudabile
595 1081 799 1174 propositum
831 1078 1103 1160 commendantes,
1147 1078 1196 1143 sui

1 1202 2 1208 ’
75 1191 266 1274 requisitioni
285 1190 353 1256 iam
369 1188 455 1256 dicte
481 1187 716 1271 respondemus
733 1187 767 1252 in
781 1187 842 1253 hec
866 1187 991 1254 verba:
1016 1184 1114 1270 Quod
1138 1208 1198 1251 nos

1 1319 2 1334 ¹
76 1313 180 1382 parate
204 1319 335 1364 eramus
362 1303 395 1362 et
420 1316 530 1362 sumus
556 1297 665 1362 omnia
680 1296 830 1380 predicta
848 1295 1011 1377 exaudire,
1027 1293 1198 1378 predictis·

1 1438 2 1488 ,
74 1426 127 1486 quc
150 1405 298 1470 omnibus
327 1404 438 1488 petitis
464 1426 536 1469 cum
561 1405 705 1469 maxima
731 1405 901 1469 uoluntate
926 1403 1115 1482 annuimus;
1148 1400 1195 1465 di·

1 1519 3 1562 l
74 1517 251 1580 contesora
279 1515 425 1598 proprio,
451 1514 538 1598 quod
564 1513 692 1578 etiamsi
722 1511 938 1578 conditionem
965 1515 1112 1578 nostram
1144 1506 1198 1572 de-

73 1627 157 1703 ceret,
180 1643 239 1688 nos
276 1621 498 1706 personaliter
529 1619 572 1686 ad
604 1620 829 1704 exequendum
853 1619 1002 1703 predicta
1028 1617 1196 1684 accedere-

1 1723 2 1736 ’
76 1751 136 1794 mus
164 1751 223 1813 pro
255 1730 382 1796 honore
413 1728 533 1796 Sancte
558 1727 693 1794 Matris·
710 1727 868 1812 Ecclesia,
898 1727 1043 1794 eiusdem
1075 1725 1197 1794 domini

1 1881 2 1924 ,
75 1833 185 1901 Summi
210 1837 399 1920 Pontificis,
424 1844 524 1921 atque
549 1835 696 1917 Justitie,
728 1840 761 1902 et
791 1835 909 1902 deinde
939 1857 998 1919 per·
1029 1833 1196 1903 venerabi·

1 1939 3 1968 ¹
73 1944 127 2006 lem
150 1951 282 2026 patrem
318 1944 496 2027 Rogerium
531 1943 711 2009 Berensem
742 1942 1053 2027 Archiepiscopum,
1092 1941 1196 2024 Lege·

73 2049 183 2116 thetam
209 2057 242 2116 et
273 2050 568 2118 Prothonotarium
598 2049 707 2134 Regni
740 2049 861 2130 Sicilie,
892 2049 1048 2116 dilectum
1080 2047 1196 2116 Consi-

74 2155 260 2242 demumst
289 2158 419 2225 fidelem
444 2165 601 2240 nostrum,
627 2179 723 2242 super
746 2156 785 2240 ijs
811 2157 931 2223 clarius
959 2157 1196 2239 mandauimus,

74 2273 99 2328 et
113 2263 244 2332 fecimus
263 2257 402 2350 exprimi
419 2271 532 2330 uotum
549 2270 713 2346 nostrum,
737 2284 821 2328 nunc
837 2285 916 2329 uero
932 2266 1194 2351 predicterequi·

74 2373 186 2438 ationis
202 2381 235 2440 et
250 2373 503 2459 protestationis
528 2373 721 2440 instantiam
746 2373 779 2438 in
806 2371 916 2438 debita
932 2372 1192 2442 consideratione

75 2478 228 2563 ducentes,
257 2487 292 2548 ct
315 2482 412 2549 finem
437 2481 569 2547 nefandi
588 2482 653 2547 iam
671 2480 748 2546 dicti
764 2480 930 2564 imponere
946 2483 1121 2567 cupientes,
1137 2504 1197 2548 nec

73 2590 125 2654 sub
139 2588 412 2656 dissimulationis
436 2589 588 2674 neglectu
613 2588 770 2668 transire3
793 2587 909 2654 saltem
924 2595 959 2654 vt
973 2589 1059 2674 ignis
1084 2611 1196 2656 accen-

1 2701 2 2778 }
75 2720 119 2762 sus
135 2699 345 2782 estinguatur
369 2697 404 2761 in
428 2697 513 2782 alijs,
539 2701 674 2780 peccata
689 2717 764 2762 suos
780 2702 916 2762 teneant
931 2703 1067 2782 actores,
1083 2702 1116 2763 et
1132 2719 1196 2764 non

1 2842 2 2894 l
73 2805 233 2874 inuoluant
260 2807 344 2872 alios
370 2810 503 2889 paratos
527 2806 570 2870 ad
595 2805 770 2888 sequelam.
796 2801 1001 2886 Insurgimus
1026 2805 1069 2872 ad
1094 2805 1196 2872 vindi·

74 2921 148 2978 ctam
163 2923 231 2980 tam
247 2911 473 2980 nefandissimi
486 2913 639 2993 criminis,
650 2933 722 2978 cum
733 2911 903 2996 Reginalis
914 2912 1014 2998 gladij
1027 2919 1196 2996 potestate

1 3025 29 3106 ἡ
75 3041 137 3085 cum
153 3029 220 3087 tam
235 3019 438 3087 horrendum
464 3021 585 3085 crimen
610 3019 766 3086 iudicium
793 3020 862 3086 dire
886 3021 1022 3087 ultionis
1040 3028 1197 3106 exposcat

2 3123 3 3206 l
75 3128 103 3190 in
118 3129 294 3210 premissis,
318 3134 351 3192 ct
375 3127 450 3212 ulijs
475 3125 727 3194 rationabilibus
752 3127 882 3193 motiuis
907 3131 1050 3205 attentis,
1071 3129 1114 3195 ad
1130 3151 1196 3197 sce·

2 3278 4 3304 ‚
75 3234 207 3302 dandum
223 3234 418 3302 scandalum
432 3234 467 3299 in
481 3233 600 3320 Regno
617 3241 739 3301 nostro.
765 3235 951 3321 Propterea
965 3239 1196 3305 iumexortum

2 3329 3 3390 l
74 3364 125 3424 pro
149 3343 240 3408 cultu
266 3340 412 3424 Justitie,
437 3343 618 3409 ethonore
644 3347 765 3427 nostro,
783 3343 839 3427 qui
855 3343 1010 3410 iudicium
1035 3345 1144 3430 diligit
1160 3348 1194 3412 in

3 3503 4 3508 ,
75 3452 206 3520 subditis
222 3453 417 3533 iudicandis,
442 3459 475 3526 et
491 3451 617 3536 lortius,
632 3454 685 3520 vbi
700 3474 779 3537 pars
794 3455 899 3520 nostri
915 3457 1071 3538 corporis,
1087 3458 1195 3522 uerius

3 3541 5 3652 f
73 3560 127 3627 imo
143 3571 242 3647 caput
258 3561 379 3644 existit,
396 3561 442 3627 sic
457 3559 639 3646 proditorie
655 3560 749 3628 nobis
768 3561 942 3646 abscisum,
958 3573 990 3629 et
1005 3563 1081 3632 lesit
1096 3565 1197 3650 gleba

73 3671 167 3735 nostri
184 3669 357 3752 culminis,
374 3676 407 3735 et
423 3669 572 3750 Corona3
589 3675 622 3735 et
636 3676 815 3754 propterea
835 3677 910 3736 ante
927 3673 1036 3738 omnia
1051 3673 1198 3757 prelatos

3 3775 5 3780 ’
74 3775 229 3858 Carolum,
255 3778 486 3859 Bertrandum‚
512 3776 702 3844 Conradum
728 3777 769 3843 de
785 3777 1007 3845 Gathanzario
1023 3785 1056 3845 et
1072 3775 1195 3849 Goura-

76 3883 143 3950 dum
159 3886 199 3950 de
215 3882 376 3954 leredo
391 3905 464 3953 reos
480 3886 563 3952 dicti
579 3885 732 3966 criminis,
752 3885 862 3952 hostes
879 3887 1037 3970 publicos,
1052 3895 1196 3955 nostros-

75 4013 129 4076 que
144 3994 331 4078 proditores
347 3999 445 4079 atque
461 3992 599 4059 rebelles
615 3993 676 4060 hoc
693 3993 799 4060 edicto
811 3993 950 4061 decerta
966 4002 1080 4062 nostra
1096 3997 1197 4064 scien-

4 4111 5 4142 2
44 4161 47 4166 ,
73 4100 115 4165 tia
130 4102 341 4184 declarantes,
358 4106 391 4168 et
406 4123 467 4187 pro
483 4101 605 4168 talibus
630 4103 777 4186 reputari
793 4103 835 4169 ab
851 4104 1000 4170 omnibus
1017 4104 1196 4171 decernen-

5 4239 6 4246 ,
74 4213 127 4291 tes,
140 4211 173 4274 in
183 4209 343 4275 excidium
361 4215 395 4276 et
410 4208 639 4276 exterminium
649 4209 833 4291 eorundem,
849 4211 920 4295 ipso
936 4211 1080 4294 presenti
1090 4211 1196 4280 edicto

77 4322 179 4382 nostro
195 4316 332 4383 firmiter
348 4318 500 4398 ualituro,
517 4317 557 4382 dc
574 4322 665 4383 certa
690 4324 803 4384 nostra
823 4317 968 4402 scientia,
984 4320 1198 4388 incommuta·

5 4449 6 4516 }
76 4421 179 4492 bilitcr
194 4425 391 4506 ordinamus,
415 4446 453 4492 ac
479 4427 628 4493 omnibus
642 4433 675 4491 et
691 4425 830 4510 singulis
849 4423 1043 4510 Comitibus,
1058 4429 1198 4496 Baroni-

5 4519 6 4546 ³
76 4528 137 4613 bus,
161 4542 193 4602 et
218 4534 429 4620 Feudatarijs
458 4535 564 4602 nostri
579 4533 687 4621 Regni
704 4534 824 4618 Sicilie,
841 4535 1062 4622 cuiuscunque
1080 4543 1199 4619 status,
