3166 5256
348 339 389 399 50
713 356 929 403 uterouarmr
946 346 1114 402 ruiturae.

345 517 423 595 tam,
440 517 473 576 et
484 510 644 578 Comitem
660 516 729 580 eius
744 515 856 600 filium,
873 539 912 583 ac
926 519 998 584 loca
1014 539 1071 584 suu
1081 517 1224 584 habeant
1239 519 1475 599 commendata,

346 627 527 702 prestantes
558 623 679 688 eisdem
710 624 742 687 in
774 627 921 694 omnibus
946 625 1113 710 requisitis
1144 647 1202 710 per
1217 625 1475 691 Ambaxatorem

296 776 300 782 .
346 748 437 793 suum
455 729 607 811 quicquid
625 732 792 797 commode
823 739 977 819 poterunt
1004 733 1116 798 auxilii
1134 739 1166 798 et
1181 732 1310 799 favoris.
1326 732 1373 798 Et
1390 734 1476 797 insu-

345 855 404 917 per
420 837 587 901 mittemus
603 838 774 920 specialem
785 838 951 906 Nunoium
961 840 1146 906 Comitibus
1162 840 1291 924 Duymo
1309 846 1342 905 et
1356 840 1476 904 Barto·

345 942 387 1023 lo,
403 951 435 1008 et
452 947 550 1010 etiam
566 945 745 1012 Budislavo
761 953 795 1013 et
811 946 974 1032 Gregorio
991 947 1129 1013 condam
1139 946 1270 1012 Curiaei
1280 944 1425 1010 Cerberi
1435 946 1476 1010 ad

344 1052 567 1133 exponendum
584 1059 617 1119 et
632 1054 875 1137 procurandum
890 1077 950 1139 pro
966 1063 1063 1139 parte
1088 1062 1209 1134 nostra,
1233 1074 1295 1138 que
1310 1054 1408 1118 nobis
1425 1075 1477 1118 ex-

343 1157 456 1239 pedire
481 1159 676 1225 videbuntur
701 1182 761 1244 pro
787 1162 908 1228 honore
934 1169 1056 1242 nostre,
1081 1163 1166 1228 bono
1183 1169 1215 1226 et
1231 1161 1475 1226 conservatione

344 1264 429 1329 dicte
446 1259 572 1331 domine
589 1273 622 1331 et
639 1266 776 1332 Comitis
791 1269 816 1334 J
817 1270 966 1352 ohannis,
975 1269 1185 1352 locorumque
1201 1287 1341 1347 suorum,
1354 1275 1389 1331 et
1408 1287 1475 1331 ces-

344 1375 471 1438 satione
487 1376 640 1442 novitatis
664 1377 829 1460 predicte3
854 1399 914 1442 nee
938 1399 1004 1443 non
1029 1400 1088 1461 pro
1104 1377 1311 1442 restitutione
1327 1374 1475 1442 Morola-

342 1502 463 1565 corum,
480 1485 536 1565 qui
568 1482 630 1547 sibi
662 1481 815 1550 dicuntur
846 1486 984 1551 detineri
1011 1507 1070 1576 per
1097 1485 1258 1550 Comitem
1277 1483 1474 1566 Gregorium

450 1588 557 1673 Super
573 1613 610 1656 eo
628 1614 712 1673 vero,
729 1593 818 1674 quod
834 1595 966 1678 petitur,
992 1600 1028 1658 ut
1053 1593 1245 1658 mandemus
1278 1589 1473 1656 Rectoribus

341 1698 461 1761 nostris
478 1696 662 1780 Solanonie,
678 1705 715 1764 ut
736 1701 944 1783 recipientia
961 1699 1160 1768 Ciuitatibus
1193 1701 1262 1764 suis
1277 1699 1426 1764 homines
1444 1693 1475 1760 et

342 1806 499 1870 animalia
516 1805 595 1869 dicti
613 1803 770 1883 Comitis,
787 1807 1030 1890 respondeatur,
1061 1806 1157 1891 quod,
1174 1807 1259 1872 sicut
1284 1812 1398 1870 notum
1415 1811 1473 1875 est,

345 1910 504 1977 Ciuitates
519 1918 553 1977 et
568 1913 640 1979 loca
656 1920 779 1993 nostra,
797 1914 972 1978 existentia
1002 1914 1044 1979 ad
1061 1915 1206 1996 stanam,
1223 1935 1286 1979 non
1304 1920 1380 1978 sunt
1397 1918 1473 1994 apta

345 2020 390 2084 ad
406 2020 625 2103 recipiendum
642 2011 675 2086 et
703 2023 959 2087 conservandum
983 2009 1138 2087 animalia
1168 2021 1257 2087 ultra
1273 2043 1343 2100 sua,
1363 2020 1474 2086 taliter

346 2128 433 2208 quod
449 2129 521 2210 ipsa
536 2128 692 2193 animalia
719 2130 753 2192 in
778 2129 844 2193 illis
870 2136 958 2194 stare
983 2135 1016 2194 et
1032 2130 1137 2194 vivere
1154 2150 1219 2193 non
1234 2129 1401 2208 valerent3
1418 2126 1472 2191 sed

344 2236 372 2298 si
390 2255 471 2317 opus
488 2234 595 2314 fuerit,
626 2236 847 2301 ordinabimus
856 2235 1055 2301 Rectoribus
1080 2237 1211 2317 nostris,
1227 2243 1264 2300 ut
1278 2235 1427 2300 homines
1442 2240 1474 2298 et

346 2341 503 2407 animalia
520 2341 599 2406 dicti
617 2339 757 2407 Comitis
770 2344 973 2426 recipiantur
989 2344 1022 2406 in
1032 2342 1152 2407 Iusulis
1163 2345 1282 2407 nostris
1293 2341 1474 2428 Solemnis,

347 2451 431 2514 siout
447 2454 522 2516 sunt
538 2449 640 2514 insule
657 2448 752 2528 Arbi,
785 2451 890 2515 Ferre
907 2457 939 2514 et
964 2451 1081 2530 Braze,
1098 2452 1130 2514 in
1147 2450 1263 2534 quibus
1281 2450 1415 2532 quidem
1430 2449 1474 2516 iu·

347 2557 427 2622 aulis
459 2558 522 2641 ipsi
552 2559 702 2622 homines¹
731 2565 765 2622 et
781 2559 937 2624 animalia
963 2558 1125 2623 semodius
1141 2558 1253 2622 reduci
1269 2563 1424 2640 poterunt
1440 2562 1472 2621 et

346 2665 476 2731 salvari.
1056 2651 1057 2656 ἵ

454 2771 582 2854 Captet
595 2771 690 2856 Quod
707 2773 870 2838 scribatur
887 2771 1007 2838 Comiti
1024 2771 1153 2856 Spalati
1168 2773 1200 2836 in
1216 2772 1278 2836 bae
1294 2769 1416 2836 forma:

454 2880 537 2945 Cum
552 2880 781 2964 intelleximus,
797 2881 888 2963 quod
905 2881 1039 2964 quidam
1055 2881 1283 2970 disposuerunt
1298 2879 1473 2961 procedere

345 2987 389 3052 ed
405 2989 558 3052 damnum
575 2979 713 3071 Egregii
729 2989 790 3054 viri
803 2979 1126 3054 Comitis'Johennis
1152 2987 1221 3051 nati
1239 2986 1317 3051 olim
1334 2983 1473 3068 Neliptii
1575 2990 1581 3019 ²

346 3095 483 3160 Comitis
500 3095 617 3160 Tenini
633 3102 666 3160 et
682 3097 827 3161 locorum
845 3118 984 3177 suorum,
1001 3097 1088 3177 quod
1114 3096 1207 3161 nobis
1233 3115 1296 3158 non
1312 3095 1472 3158 medicum

346 3203 542 3285 displiceret,
559 3203 787 3270 affectantibus
804 3205 1095 3288 quamplurimum
1121 3203 1401 3268 conservationem
1417 3223 1471 3285 pa-

346 3310 429 3374 cifici
446 3316 551 3376 status
567 3312 721 3396 eiusdem,
746 3313 885 3378 maxime
914 3314 991 3397 quie
1017 3313 1095 3376 civis
1121 3317 1231 3376 noster
1248 3316 1304 3391 est,
1320 3317 1358 3375 ut
1375 3310 1474 3388 scitis,
1576 3370 1581 3392 ,

346 3423 380 3481 et
395 3418 473 3501 quia
499 3419 641 3500 quelibet
665 3421 803 3502 notitae,
828 3443 891 3504 que
917 3420 1022 3485 eidem
1050 3418 1152 3498 fieret,
1177 3419 1290 3483 cedere
1306 3426 1417 3500 posset
1441 3419 1472 3482 in

346 3526 498 3591 damnum
516 3533 549 3592 et
565 3528 794 3594 detrimentum
812 3536 953 3594 vestrum
985 3529 1150 3610 totiusque
1176 3531 1355 3604 contracte,
1373 3524 1473 3589 fideli·
1574 3518 1581 3555 ⁵

343 3634 406 3698 tati
423 3641 528 3698 vestre
545 3634 718 3700 scribimus
735 3645 768 3701 et
784 3638 983 3717 mandamus,
1010 3643 1172 3718 quatenus
1188 3634 1351 3698 dominam
1369 3632 1472 3699 Comi-

343 3746 459 3807 tissam
478 3749 614 3808 matrem
631 3742 710 3809 dicti
728 3745 873 3824 Comitis,
898 3767 936 3810 ec
954 3744 1114 3810 Comitem
1142 3740 1324 3825 predictum
1341 3741 1472 3824 eiusque

342 3851 549 3916 locahabere
567 3852 714 3917 debeatis
739 3853 772 3918 in
788 3876 865 3918 casu
892 3853 1039 3935 quolibet
1064 3851 1288 3918 favorabiliter
1313 3870 1472 3913 commen·

342 3959 446 4039 datos
462 3968 648 4043 prestantes
665 3963 785 4027 eisdem
814 3963 970 4046 quiequid
994 3961 1124 4038 favoris,
1150 3959 1277 4024 consilii
1301 3964 1334 4022 et
1360 3957 1472 4022 auxilii
1574 4028 1580 4043 Ι

343 4071 494 4149 poteritis
527 4093 600 4135 cum
632 4071 752 4135 honore
784 4078 896 4135 nostro
922 4076 954 4135 et
979 4069 1225 4134 conservatione
1242 4067 1353 4145 vestri,
1371 4064 1473 4129 notifi-
1574 4056 1580 4079 ¹

342 4176 445 4240 cando
461 4178 554 4243 nobis
572 4199 646 4262 sepe
664 4187 695 4243 et
723 4179 857 4258 solicite,
883 4198 1085 4262 quecumque
1106 4179 1138 4240 in
1155 4175 1310 4259 predictis
1326 4191 1473 4239 occurre-

340 4284 414 4364 rint,
431 4291 464 4349 et
479 4293 621 4352 vestrum
639 4288 809 4353 eonsilium
827 4309 922 4371 super
940 4287 1023 4352 inde.
1040 4275 1164 4351 Similis
1181 4282 1301 4349 Comiti
1318 4289 1352 4348 et
1378 4281 1472 4348 Judi·

341 4391 433 4456 cibus
449 4389 610 4477 Sybenici.
627 4393 751 4460 Similis
769 4397 890 4462 Comiti
902 4396 1065 4477 Tragurii.
1078 4393 1204 4459 Similis
1216 4392 1338 4458 Comiti
1355 4392 1380 4457 J
1382 4391 1470 4456 edre.

344 4498 466 4568 Similis
487 4499 607 4566 Comiti
638 4503 743 4569 None.
770 4502 893 4570 Similis
919 4503 1041 4570 Comiti
1056 4501 1151 4567 Arbi.
1167 4499 1288 4566 Similis
1305 4497 1473 4564 Potestati
