3110 5248
571 327 666 389 1347.
1129 327 1196 390 233-

2 565 5 588 ,
79 503 193 571 cederet
207 503 423 588 beneplacito,
438 524 498 588 per
511 509 640 570 nostros
657 503 815 570 solemnes
825 500 1067 571 Ambaxatores
1079 502 1194 570 libenti

2 593 3 684 l
77 613 170 676 animo
185 613 397 678 visitaremus.
411 613 458 680 Et
474 613 501 676 si
517 612 625 696 dictus
641 612 774 677 nuntius
791 612 924 693 rideret,
936 613 1022 693 quod
1039 612 1192 696 predicta

2 713 3 796 ᾗ
76 719 226 804 placerent
242 719 372 785 domine
387 717 516 811 Regino
537 717 693 803 predicte,
718 740 756 786 ac
772 719 869 784 etiam
886 718 1093 792 demissione
1110 714 1192 785 Am-

76 828 254 894 baxatorum
265 834 463 909 nostrorum
473 833 551 894 tunc
567 827 607 893 de
622 828 789 894 voluntate
805 827 909 911 ipsius
926 827 1055 892 domine
1065 824 1192 909 Regine

2 921 4 962 ³
75 935 162 1002 vadat
184 937 224 1002 ad
248 937 448 1020 presentiam
475 934 596 1000 domini
611 934 723 1018 Regis,
738 937 788 1000 cui
815 940 957 1019 exponat
973 934 1110 1002 similem
1127 953 1193 999 am·

2 1083 3 1096 ,
74 1041 227 1125 besstam3
251 1047 286 1110 et
312 1043 341 1108 si
366 1042 472 1109 dictus
488 1042 638 1109 dominus
653 1041 726 1109 Rex
750 1041 933 1110 consentiet
947 1042 1096 1108 missioni
1113 1039 1193 1106 Am·

2 1141 17 1186 ³¹
73 1152 254 1217 bustorum
278 1157 465 1217 nostrorum
490 1150 720 1235 predictorum,
745 1157 823 1217 tunc
839 1149 944 1216 dictus
968 1155 1079 1216 noster
1102 1147 1193 1216 Nun-

73 1259 131 1324 cins
139 1259 228 1324 nobis
237 1258 395 1325 velociter
405 1257 525 1324 scribat
540 1279 600 1342 per
615 1259 744 1323 litteras
764 1279 840 1323 snas
856 1258 977 1341 omnia,
992 1277 1055 1340 que
1072 1256 1193 1324 habuc·
1236 1279 1239 1284 ·

2 1344 5 1361 ⁸
72 1366 147 1433 rita
169 1365 304 1432 domina
329 1365 461 1450 Regina
485 1372 519 1432 et
541 1365 633 1450 Rege
649 1367 815 1450 predictis,
842 1372 875 1431 et
890 1366 1022 1432 interim
1037 1371 1193 1450 procuret

72 1471 177 1538 babere
198 1473 331 1539 litteras
348 1473 535 1540 securitatis
561 1494 621 1558 pro
648 1473 742 1538 dictis
758 1473 880 1538 nostris
898 1468 1189 1552 Ambaxatoribus,

72 1599 121 1662 per
136 1599 221 1676 ‚quas
246 1599 366 1646 secure
390 1582 439 1644 ire
464 1577 591 1665 possint
614 1582 657 1647 ad
681 1581 805 1646 dictum
815 1579 981 1646 dominum
995 1578 1131 1662 Regem,
1157 1586 1191 1646 ct

74 1686 172 1768 redire,
195 1694 229 1753 et
254 1709 313 1754 eas
339 1707 412 1754 cum
438 1687 643 1755 solicitudine
668 1688 761 1754 nobis
787 1687 908 1771 mittet,
929 1708 997 1776 ¹non
1012 1686 1192 1753 recedendo

74 1794 130 1859 sine
144 1800 257 1862 nostro
273 1795 413 1880 speciali
428 1795 592 1862 mandato.
609 1793 734 1862 Verum
751 1795 779 1860 si
795 1794 882 1861 dicto
908 1792 1051 1860 Notario
1069 1795 1191 1861 videbi·

71 1907 123 1984 tur,
137 1902 222 1986 quod
237 1902 331 1969 dicto
349 1903 480 1970 domino
490 1902 575 1987 Regi
591 1924 656 1968 non
672 1903 827 1986 placeret,
844 1901 933 1984 quod
948 1902 1053 1970 nostri
1067 1899 1191 1968 Amba·

12 2007 17 2016 “
72 2015 187 2074 ratores
203 2009 246 2075 ad
263 2031 341 2076 eum
357 2010 557 2089 accederent,
581 2007 739 2078 Venetias
763 2013 957 2076 revertatur.

139 2154 173 2217 (A
192 2157 339 2210 velenczei
353 2154 484 2226 »Secreta
497 2154 614 2208 Consilii
627 2156 885 2222 Rogstorums-bol.
899 2156 954 2208 cit.
969 2156 1003 2206 Α.
1016 2158 1070 2206 vol.
1088 2161 1109 2205 1.

546 2315 705 2326 u—-na—-a

598 2575 670 2638 223.

103 2730 130 2792 Ι.
146 2732 248 2817 Lajos
267 2754 415 2820 mappas·
434 2733 548 2821 kirtly
565 2735 597 2799 ds
613 2733 692 2800 Colo
709 2732 747 2799 di
762 2734 884 2799 Rieczo
899 2735 1008 2799 romei
1024 2733 1144 2799 tribua.

578 2843 672 2907 1347.

161 2996 381 3065 sanctissime
396 2999 498 3066 Pater
514 3006 548 3066 et
562 3000 714 3066 Domine.
731 3000 820 3066 Deus
845 3001 927 3066 mihi
950 3001 1078 3066 tribuat
1100 2999 1191 3064 audi·

64 3111 168 3186 torem,
183 3111 219 3170 et
234 3103 438 3171 desiderium
453 3127 559 3172 meum
577 3107 790 3190 Omnipotens
814 3107 937 3188 audiat,
952 3115 990 3173 ut
1015 3105 1191 3174 Sanctitati

63 3205 174 3278 Vestre
199 3233 270 3279 non
301 3197 367 3278 sint
392 3215 507 3296 gravia
531 3214 631 3281 verba
646 3236 719 3282 mea
735 3215 796 3281 stb.
813 3214 910 3281 Nova
927 3236 1003 3283 vero
1018 3214 1121 3282 Urbis
1137 3215 1190 3280 de·

63 3320 138 3383 cresi
153 3319 259 3386 etiam
276 3317 398 3386 Vestro
415 3319 597 3388 Clementis
613 3323 784 3402 intimare,
800 3321 957 3403 videlicet,
984 3321 1071 3404 quod
1086 3343 1190 3406 nuper

62 3421 314 3496 Ambassatores
339 3427 441 3514 Regis
467 3430 615 3514 Ungarie
640 3438 799 3496 venerunt
824 3431 866 3497 ad
890 3429 1006 3496 urbem
1031 3429 1140 3496 adme
1157 3435 1191 3494 et

11 3567 16 3574 ·
61 3530 241 3602 Romanum
258 3535 424 3618 populum,
449 3537 516 3601 tria
541 3537 576 3601 in
599 3539 803 3622 parlamento
831 3536 962 3621 publico
977 3536 1189 3621 postulantes.

34 3637 166 3707 ,Primo
192 3643 287 3727 quod
319 3663 379 3726 per
403 3665 454 3709 me
480 3649 513 3710 et
537 3644 820 3731 populumnrbis,
845 3645 953 3727 patrie
977 3644 1039 3712 toti
1069 3644 1190 3709 mundo

61 3751 233 3815 communis
261 3749 304 3814 de
319 3749 450 3835 lugubri
465 3757 571 3818 morte
587 3753 769 3818 innocentis
788 3751 893 3837 Regis
908 3749 1047 3817 Andree
1060 3750 1189 3836 justitie

61 3851 155 3938 fieret,
172 3863 206 3923 et
222 3863 417 3940 patratores
432 3859 516 3926 tenti
534 3858 665 3924 sceleris
678 3859 771 3944 justa
787 3859 950 3926 sententia
975 3857 1189 3941 condempna-

60 3970 174 4029 rentur.
193 3961 394 4046 Secundum,
409 3966 498 4050 quod
514 3988 586 4032 cum
601 3966 675 4031 Rex
691 3968 758 4051 ipse
774 3967 827 4049 sit,
852 3973 885 4032 et
900 3965 1124 4050 progenitores
1140 3963 1190 4029 sni

61 4091 179 4155 semper
205 4070 333 4137 fuerint
359 4070 471 4140 fideles
498 4071 617 4140 Sancte
630 4073 780 4140 Romane
805 4073 962 4154 Ecclesie,
987 4079 1021 4138 et
1046 4070 1190 4136 amiciet

63 4175 163 4245 devoti
179 4179 336 4246 Romano
346 4179 477 4264 populo,
491 4181 636 4264 placeret
651 4182 732 4247 mihi
749 4185 782 4247 et
797 4179 948 4247 Romano
964 4179 1096 4264 populo,
1105 4179 1188 4246 velle

61 4289 91 4357 el
105 4293 283 4372 acceptare
298 4287 478 4354 amicitiam
494 4294 527 4355 et
542 4288 642 4372 ligam
656 4294 849 4374 perpetuam
865 4287 948 4358 dicti
962 4287 1065 4372 Regis
1079 4288 1186 4353 volen-

62 4393 101 4458 tis
116 4392 159 4460 ad
175 4391 266 4459 idem
284 4393 367 4460 velle
391 4401 424 4460 et
448 4394 534 4463 idem
549 4395 636 4462 nolle
660 4417 788 4480 semper
804 4416 996 4463 concurrere
1012 4415 1136 4460 mecum
1155 4403 1188 4459 et

59 4495 204 4568 Romano
220 4500 346 4592 populo
361 4501 537 4590 prelibato.
553 4502 710 4591 Tertium,
726 4504 813 4590 quod
828 4525 893 4571 non
909 4504 1061 4572 obstante
1078 4499 1188 4586 prohi-
