3214 5260
498 413 501 420 '
617 399 710 460 1352.
1154 394 1219 460 421

97 573 158 638 stili
174 594 262 638 more
280 573 562 658 persequentibus,
578 572 771 639 accedentes
796 571 840 638 ad
864 573 977 639 domos
1002 571 1220 640 habitationis

94 680 290 766 prefatorum
318 681 548 765 exponentium
563 680 597 744 in
614 681 744 764 prelata
760 679 866 746 Terra
882 679 995 746 Sancti
1010 676 1146 749 Audree
1163 699 1219 762 po-

93 791 176 868 sitas,
192 793 225 854 et
241 789 425 873 asportatis
451 787 570 854 abinde
595 787 760 872 predones
784 807 875 854 more
891 809 964 854 cnm
978 787 1077 854 certis
1094 785 1219 852 mobili-

92 898 146 964 bus
160 895 253 962 bonis
278 895 425 980 repertis
449 895 581 976 ibidem,
596 891 813 962 existentibus
829 914 893 960 non
910 894 1030 961 modici
1045 894 1144 978 preeij
1163 913 1219 959 seu

91 1005 213 1083 valoris,
240 1002 359 1070 domos
384 1003 514 1069 easdem
540 1003 625 1088 ignis
642 1001 792 1069 incendio
809 1007 1067 1082 concremarunt,
1083 1003 1218 1068 arbores

90 1109 318 1178 nichilominus
334 1110 497 1176 oliuarum
524 1115 557 1174 et
581 1109 739 1175 viridaria
772 1110 1001 1194 exponentium
1016 1109 1217 1194 prefatorum

89 1219 120 1283 in
133 1219 318 1284 tenimento
336 1219 422 1284 dicte
435 1225 527 1284 terre
542 1218 675 1292 sistente
691 1237 864 1301 perperam
879 1218 1051 1299 incidente,
1067 1218 1102 1283 in
1117 1218 1217 1283 dicto-

89 1347 155 1391 rum
170 1326 409 1411 exponentium
424 1325 528 1391 totale
543 1324 831 1409 depauperationis
857 1325 1062 1409 dispendium
1078 1330 1111 1390 et
1126 1323 1217 1392 deso-

87 1434 238 1500 lationem
256 1442 449 1515 extremam;
459 1435 570 1517 sicque
580 1438 780 1517 exponentes
795 1433 937 1516 predicti
946 1433 1059 1501 taliter
1069 1432 1217 1516 dampni-

88 1541 170 1606 ficati
186 1547 221 1608 et
235 1542 318 1623 lesi,
344 1539 540 1608 (lelsitudini
567 1541 691 1608 Nostre
708 1541 973 1625 supplicauerunt
988 1539 1163 1619 humiliter,
1179 1545 1216 1604 ut

88 1669 155 1714 curn
178 1649 312 1715 inuasio
327 1649 395 1715 iam
413 1648 575 1714 dictorum
591 1647 736 1714 hostiurn
755 1653 890 1732 propter
904 1649 1050 1732 ipsorum
1064 1671 1085 1714 a
1100 1647 1217 1731 Regno

88 1755 225 1822 discessu
249 1757 320 1824 iam
345 1757 551 1836 concesserit,
577 1760 610 1820 et
635 1755 723 1822 facte
746 1777 806 1840 per
830 1777 885 1821 eos
905 1757 1079 1839 occupatio
1096 1755 1141 1820 sit
1157 1776 1214 1838 per

89 1883 283 1950 romaquens
307 1869 472 1942 reuocata,
498 1861 587 1947 qnod
611 1864 852 1930 restitutionem
876 1863 1039 1948 integram
1055 1862 1216 1946 predicto·

87 1991 153 2034 rum
169 1972 358 2038 ablatorum
382 1992 422 2038 ac
445 1970 664 2037 resarcionem
689 1971 886 2056 condignam
902 1977 934 2036 et
949 1969 1094 2036 debitam
1109 1967 1215 2034 illato-

90 2099 154 2144 rum
169 2077 391 2163 dampnorum
413 2099 509 2163 snper
532 2079 627 2145 bonis
652 2077 953 2163 dampnificantium
979 2099 1036 2145 sen
1061 2078 1215 2143 exceden-

88 2183 161 2250 tium
186 2186 449 2270 subscriptorum
473 2185 520 2252 eis
544 2185 614 2253 fieri
638 2185 748 2252 iubere
774 2186 951 2252 secundum
972 2185 1134 2271 justitiam
1168 2181 1215 2251 di·

90 2311 270 2373 gnaremur.
289 2291 359 2361 Nos
375 2292 431 2378 qui
447 2301 643 2378 exponentes
654 2295 786 2362 eosdem
805 2294 947 2361 zelantes
962 2293 1074 2359 taliter
1090 2293 1212 2361 cultum

88 2407 191 2466 nostre
217 2401 404 2469 denotionis
429 2408 463 2467 et
487 2399 564 2466 fidei
595 2400 714 2468 nedum
730 2403 763 2468 in
780 2423 893 2468 eorum
910 2401 1021 2467 debita
1037 2400 1215 2467 obtinenda

88 2505 207 2574 iustitia
223 2509 362 2595 specialj
379 2516 529 2574 tenemur
545 2509 783 2593 prosecutionis
799 2509 1021 2575 assistentiam
1035 2508 1215 2591 confouere,

90 2619 135 2680 set
147 2615 289 2698 proinde
304 2614 518 2681 retributione
534 2615 694 2700 condigna
710 2621 744 2681 et
759 2615 877 2682 merita
892 2615 1054 2700 premiere
1069 2615 1214 2698 ipsorum

89 2722 119 2786 in
141 2721 200 2790 hac
225 2730 332 2808 parte,
357 2723 650 2808 supplicationibus
666 2725 826 2808 inclinati,
842 2723 994 2792 fidelitati
1020 2731 1075 2788 tue
1095 2721 1213 2788 harum

26 2909 27 2912 Ἴ
90 2830 166 2896 serie
180 2831 418 2899 commistimus
443 2836 477 2898 et
501 2832 696 2900 mandamus
722 2853 883 2918 expresse,
899 2837 1062 2915 quatenus
1088 2829 1212 2896 vocatis

90 2939 269 3023 succendis,
285 2945 319 3006 et
334 2939 375 3006 de
390 2939 554 3025 premissis
581 2939 755 3007 summarie
772 2961 834 3024 que
850 2937 982 3025 expedit
1000 2935 1065 3003 fide
1082 2942 1213 3022 sumpta

91 3041 282 3133 subscriptos
299 3048 523 3114 commissores
548 3046 716 3114 illatorum
741 3047 957 3132 dampnorum
983 3067 1021 3112 ac
1045 3045 1213 3112 ablatores

90 3169 188 3218 rerum
213 3155 383 3222 mobilium
408 3154 640 3240 predictarum,
655 3163 724 3222 tam
749 3155 792 3221 ad
810 3155 1048 3221 restitutionem
1066 3155 1213 3238 ipsorum

91 3257 268 3330 ablatorum
284 3263 452 3330 mobilium
469 3264 497 3328 si
507 3269 630 3345 extant,
647 3269 680 3329 et
696 3264 725 3327 si
739 3284 805 3328 non
821 3267 936 3328 extant
952 3260 1163 3346 competentis
1179 3266 1212 3326 et

90 3367 289 3438 rationabilis
306 3372 408 3457 precij
425 3371 611 3455 eorundem,
621 3371 810 3436 memoratis
825 3371 1060 3455 exponentibus
1070 3369 1214 3453 integra·

93 3469 161 3540 liter
176 3477 370 3561 taciendam,
396 3485 430 3544 et
454 3479 496 3544 ad
523 3479 781 3544 satisfactionem
798 3499 855 3544 seu
871 3479 1088 3544 resarcionem
1103 3475 1213 3544 condi-

32 3597 39 3606 “
92 3600 179 3660 gnam
194 3593 227 3653 et
243 3586 389 3653 debitam
405 3587 621 3670 dampnorum
638 3586 804 3653 illatorum
814 3587 970 3671 predictis
981 3587 1123 3670 dampna
1138 3606 1211 3668 pas·

92 3685 140 3772 sis,
162 3715 232 3759 cum
258 3695 421 3779 perceptis
438 3693 599 3760 fructibus
625 3693 731 3760 uredio
757 3701 903 3778 tempore
927 3715 983 3759 seu
1008 3715 1072 3776 que
1087 3691 1211 3777 percipi

93 3797 196 3867 exinde
213 3809 392 3889 potuerunt
408 3824 505 3887 super
520 3801 614 3867 bonis
632 3824 753 3884 eorum,
772 3803 859 3869 enini
875 3825 939 3886 qna
957 3800 1108 3884 expedire
1125 3799 1212 3864 vide·

90 3906 130 3969 ris
145 3917 216 3977 arta
232 3918 265 3977 et
280 3910 452 3977 fauorabili
462 3911 665 3977 districtione
677 3911 860 3995 compellam
876 3913 923 3976 ita
933 3910 1021 3992 quod
1035 3929 1100 3972 non
1116 3928 1211 3993 expe-

93 4008 155 4082 diat
169 4019 301 4088 vlterius
317 4019 432 4087 exinde
448 4019 510 4086 tibi
520 4018 629 4087 scribi.
645 4018 789 4085 Noniina
799 4041 877 4084 uero
888 4019 1050 4084 dictorum
1061 4014 1210 4100 dampni·

90 4117 243 4195 iuncum
269 4127 329 4193 hec
353 4149 422 4194 esse
438 4134 620 4213 ponuntur3
647 4126 798 4192 videlicet
829 4124 1058 4192 Corradus
1092 4120 1210 4189 Guil-

92 4225 200 4302 lelmi
233 4243 318 4303 teste
350 4234 517 4302 Antonius
543 4233 674 4318 Nicolaj
703 4231 811 4314 Greci,
843 4231 1045 4300 ,lacobus
1077 4237 1120 4296 et
1142 4229 1168 4297 J
1178 4253 1210 4296 ο·

92 4333 246 4412 hannes
270 4343 418 4409 frater
441 4340 975 4426 eius,RobertusAugeii
999 4337 1210 4406 Oaracec·

94 4463 140 4529 ct,
172 4453 405 4520 Johannes
438 4449 633 4532 Nicolai,
658 4457 699 4516 et
729 4448 961 4515 dohannes
995 4447 1131 4516 (lanis
1160 4449 1209 4514 de

93 4562 290 4636 predicta
314 4559 454 4627 Terra
480 4557 833 4626 SanctiAndrce
856 4559 899 4622 in
923 4553 1118 4642 Stagnis.
1143 4553 1209 4629 Da-
