3110 5248
381 323 444 385 298
732 339 968 388 urruouaczmr
984 326 1151 383 cucusum

379 517 502 580 eorum,
517 497 605 566 dicto
621 495 743 562 comiti
759 495 875 580 Paulo,
885 498 936 565 vel
951 517 1063 564 eorum
1074 498 1298 564 extimacione
1312 497 1357 563 Et
1372 496 1450 564 lacto
1462 504 1488 562 et

377 603 508 672 firmato
532 603 707 670 concordio
723 625 797 670 cum
813 604 902 670 dicto
919 601 1048 671 Comite
1063 603 1180 684 Paulo,
1196 603 1340 671 debeant
1355 602 1486 670 diutino

379 711 440 777 stri
456 707 603 777 Comites
617 711 786 796 ponereiu
796 711 902 780 rochis
918 719 951 778 et
966 711 1129 779 tortiliciis
1145 711 1308 779 dictorum
1324 714 1488 778 castrorum

378 818 419 886 de
435 824 533 903 gente
549 824 663 886 nostra
687 817 855 904 perillum
872 819 1005 886 modum
1020 823 1054 886 et
1069 819 1103 885 in
1118 818 1489 906 aequantiumque
1554 783 1555 874 l

379 946 443 1012 que
459 926 521 994 sibi
536 925 699 994 videbitur
724 949 785 1013 pro
810 928 988 995 securitate
1013 929 1178 995 nostruin
1198 927 1296 994 dictis
1312 927 1440 1006 castrie;
1453 925 1489 992 a

379 1033 493 1102 ciendo
510 1040 544 1101 et
558 1033 768 1116 ostendendo,
793 1037 883 1121 quod
901 1041 1015 1120 gentes
1033 1043 1153 1120 nostre,
1169 1057 1234 1122 que
1248 1042 1346 1102 erunt
1359 1035 1394 1101 in
1408 1033 1489 1100 dictis

379 1142 490 1210 rochis
514 1150 548 1209 et
572 1141 744 1228 fortiliciis,
768 1144 958 1212 custodiant
976 1145 1048 1229 ipsa
1064 1149 1177 1211 castra
1193 1144 1253 1211 sub
1270 1143 1386 1210 vexillo
1401 1149 1432 1209 et
1445 1163 1490 1208 no·

377 1253 465 1319 mine
490 1251 572 1319 dicti
597 1249 738 1320 Comitia
763 1250 869 1336 Pauli,
885 1260 923 1319 ut
937 1252 1035 1334 lactc,
1051 1274 1114 1337 que
1128 1274 1214 1320 nunc
1229 1252 1386 1320 habemus
1399 1250 1490 1318 meare

379 1379 455 1428 cum
469 1359 562 1447 Rege
579 1359 736 1445 Vngeria
762 1363 797 1427 in
821 1361 935 1448 aliquo
950 1367 1084 1447 propter
1100 1362 1162 1429 hoc
1177 1361 1348 1428 sinistrum
1363 1365 1398 1427 et
1411 1356 1490 1424 dede

380 1473 471 1538 ctum·
483 1474 616 1554 portare
631 1490 698 1536 non
716 1471 855 1554 possint
1532 1463 1538 1471 “

521 1611 557 1675 (Δ
570 1611 710 1666 velenczci
725 1611 855 1666 »Secreta
866 1614 980 1666 consilli
998 1603 1248 1680 Rogatorumobtl
1261 1613 1316 1664 hit
1329 1613 1371 1676 B.)

898 1775 1024 1790 --ισυσ-ςι

908 2012 981 2076 263.

379 2167 409 2236 Α
430 2171 582 2237 ucleuczei
598 2171 944 2258 lcormdoylandccauk
958 2170 1124 2236 utaeitu'eu
1139 2171 1170 2236 Ι.
1186 2171 1289 2256 Lajoe
1303 2191 1438 2258 mappas·
1451 2169 1491 2231 lci-
1522 2191 1529 2204 ·

424 2339 429 2348 .
508 2279 642 2366 reipsa
658 2278 856 2366 Na‘polydaa
871 2278 940 2344 levo
955 2279 1076 2344 lucaei
1091 2281 1253 2344 eadmero.
1272 2281 1368 2344 1348.

484 2436 585 2504 Anno
600 2433 895 2506 MOOOXLVHI.
912 2437 964 2503 die
981 2435 1121 2504 XXIX.
1136 2437 1231 2504 Maii.
1242 2433 1401 2521 Capta:
1417 2433 1491 2520 Quia

378 2543 458 2610 lacit
482 2564 544 2629 pro
569 2543 663 2610 nobis
683 2543 861 2611 secundum
880 2551 1038 2628 tempora,
1054 2564 1118 2629 que
1134 2549 1321 2624 occurrunt,
1335 2542 1439 2610 facere
1453 2541 1493 2608 la·

378 2656 433 2718 cta
446 2657 577 2718 nostra:
593 2651 685 2719 vadit
699 2672 787 2735 pars,
797 2652 885 2735 quod
895 2650 1069 2718 mandetur
1087 2653 1211 2718 nostris
1222 2649 1493 2732 Ambaxatoribus,

379 2760 436 2842 qui
461 2767 537 2826 sunt
560 2758 704 2845 Neapoli
728 2781 788 2845 per
811 2781 928 2827 manus
947 2760 1143 2845 duplicatas,
1162 2783 1221 2844 per
1240 2763 1363 2843 primos
1378 2763 1492 2826 nostrm

378 2867 523 2949 nuncios,
538 2868 596 2951 qui
612 2867 785 2934 videantur
795 2867 946 2950 Domino,
961 2866 1159 2951 (loniliariis,
1175 2865 1349 2953 Capitibus
1364 2875 1396 2934 et
1410 2863 1493 2948 Sapi-

379 2973 516 3058 entibus,
542 2974 630 3060 quod
655 2976 744 3042 circa
767 2980 947 3042 tractatum
971 2976 1139 3043 concordii
1165 2999 1238 3043 cum
1268 2977 1397 3043 domino
1412 2973 1492 3055 Rege

378 3078 538 3163 Vngarie,
563 3087 721 3166 quantum
745 3083 781 3148 in
805 3081 893 3150 lacto
919 3082 1020 3150 dandi
1048 3082 1111 3149 sibi
1139 3084 1312 3167 pecuniam
1331 3084 1493 3158 annuatim,

379 3193 561 3270 sequantur
577 3187 717 3255 sormam
732 3209 789 3258 suc
799 3192 1053 3273 commissionis3
1069 3197 1102 3257 et
1117 3197 1155 3256 ut
1170 3190 1295 3257 factum
1311 3191 1410 3275 possit
1422 3186 1493 3253 reci·

378 3313 456 3377 pere
480 3294 577 3362 finem
594 3317 652 3380 per
669 3297 794 3363 dictmn
812 3299 945 3365 modum
966 3299 1066 3364 dandi
1081 3300 1253 3383 pecuniam
1269 3298 1439 3376 annuatim,
1453 3293 1494 3360 ia

380 3401 477 3484 cient,
502 3408 540 3467 ut
555 3404 602 3468 eis
619 3404 846 3486 commisimus,
866 3411 899 3471 et
913 3406 954 3472 de
970 3406 1179 3490 providencia
1194 3427 1255 3472 sua
1270 3423 1442 3490 speremus
1457 3397 1491 3466 Si

379 3526 456 3574 vero
481 3528 540 3591 per
564 3508 687 3577 dictum
712 3511 845 3578 modum
861 3533 914 3578 ree
930 3534 994 3580 uon
1009 3519 1121 3597 posset
1137 3511 1287 3580 effectum
1303 3514 1452 3597 recipere,
1464 3512 1494 3573 et

378 3620 551 3699 propterea
577 3622 740 3684 venissent
766 3641 823 3685 seu
841 3622 908 3685 iam
926 3620 1101 3700 venissent,
1123 3619 1300 3688 dummodo
1318 3618 1414 3686 nichil
1428 3635 1493 3701 pro

378 3722 545 3790 misissent
570 3724 621 3791 vel
635 3725 820 3794 firmassent
845 3749 944 3812 super
969 3735 1091 3813 puncto
1111 3749 1167 3794 sue
1182 3728 1415 3794 commissionis
1428 3745 1495 3791 oon·

378 3832 504 3899 tinente
520 3831 561 3900 de
579 3833 687 3900 dando
703 3837 814 3902 statim
831 3839 1048 3920 quantitatem
1064 3837 1277 3923 pecuniarum
1292 3837 1495 3922 specificatam

378 3938 412 4002 in
438 3937 525 4005 dicta
550 3961 610 4006 sua
636 3944 870 4024 commissione,
895 3945 1069 4012 mandetur
1094 3947 1150 4026 eis,
1176 3944 1265 4029 quod
1290 3941 1491 4031 superdicto

380 4053 502 4128 puncto
529 4068 593 4113 non
619 4050 799 4132 procedant
823 4051 867 4117 ad
893 4052 1087 4120 firmandum
1107 4075 1164 4119 seu
1179 4053 1429 4137 promittendum
1443 4047 1496 4114 ali·

380 4153 459 4234 quid
474 4156 597 4239 absque
613 4165 724 4224 nostro
741 4158 875 4243 speciali
891 4160 1057 4246 mandato,
1074 4161 1131 4228 sed
1146 4159 1284 4227 trahant
1300 4167 1334 4228 et
1350 4159 1495 4237 sanciant,

381 4261 538 4346 quioquid
563 4263 672 4332 lacere
697 4273 861 4351 poterunt,
887 4273 920 4334 et
944 4268 1035 4335 nobis
1051 4269 1232 4336 rescribant
1248 4276 1281 4334 et
1296 4288 1386 4335 suum
1399 4262 1495 4330 eonsi-

381 4365 469 4448 lium,
496 4377 529 4435 et
554 4379 703 4438 nostrum
716 4380 898 4465 expectent
913 4373 1112 4457 mandatum,
1139 4377 1241 4443 nichil
1265 4373 1419 4443 firmando
1443 4391 1494 4438 nec

383 4475 607 4558 promittendo
634 4502 730 4565 super
756 4482 843 4551 dicto
869 4483 984 4550 ultimo
999 4491 1119 4570 puncto
1135 4489 1248 4552 statim
1263 4485 1362 4554 dandi
1376 4481 1495 4568 quanti-
