3214 5260
631 259 725 328 1352.
1057 350 1061 361 ,
1178 265 1244 330 423

123 443 167 508 rie
181 440 395 522 innoscendo;
413 437 499 524 quod
510 418 806 526 namquo'ediuum
824 441 978 525 postsolij
991 441 1112 510 dictum
1124 463 1245 508 assum·

73 568 78 577 ·
124 557 207 636 ptum
222 570 354 633 pernes
371 549 505 632 Regalis
523 549 645 616 Throni
656 548 824 634 fastigium
835 555 869 614 et
877 549 979 634 apicis
989 549 1171 634 Dyademe,
1185 571 1245 634 per

125 657 276 741 quoddam
301 662 450 724 nostrum
473 655 617 724 edictum
642 656 733 724 aliud
753 676 826 722 cum
842 655 1080 724 deliberatione
1096 657 1246 724 consulta

123 763 366 832 modificandum
382 763 763 846 duximus,declarantes
779 763 821 831 ad
836 764 911 831 illos
922 787 961 831 ex
971 765 1051 850 ipsis
1067 764 1245 831 rebellibus

122 872 229 938 debere
244 871 370 938 dictem
395 871 595 939 remissionis
618 873 760 956 gratiam
776 893 811 938 se
827 872 967 955 extendi,
984 873 1040 956 qui
1057 872 1143 940 inira
1158 894 1246 940 men·

121 1001 178 1046 sem
203 1002 223 1048 a
246 979 300 1046 die
326 981 415 1046 lacte
438 987 550 1047 nostre
575 979 809 1047 Coronationis
834 981 1086 1065 computandum
1112 982 1246 1048 inantea

119 1088 329 1174 personaliter
354 1087 398 1155 ad
423 1089 643 1156 obedientiam
668 1090 827 1171 uenirent,
852 1091 1022 1172 ipsamque
1047 1091 1244 1156 remissionis

118 1195 249 1280 gratiam
274 1201 445 1280 peterent;
467 1195 593 1262 aliusue
618 1198 752 1281 insuper
776 1195 892 1263 fideles
912 1203 1035 1264 ceteros
1051 1197 1174 1282 gradus
1191 1220 1246 1266 cu·

115 1304 300 1386 iuscunque,
317 1309 425 1370 status
451 1305 505 1370 uel
529 1303 725 1370 conditionis
742 1305 925 1388 existentes,
940 1303 1183 1374 Vniuersitates
1198 1307 1245 1371 in-

55 1454 60 1464 ·
118 1433 207 1496 super
222 1419 393 1480 terrarum
410 1419 442 1478 et
457 1411 603 1478 locorum
613 1411 752 1479 aliorum
762 1412 871 1498 Regni
880 1413 1023 1479 eiusdem
1040 1433 1245 1496 quoruncun-

116 1539 182 1603 que,
198 1520 256 1602 qui
273 1526 309 1586 et
326 1542 390 1604 que
406 1521 477 1604 ipso
495 1520 630 1587 turbato
647 1541 765 1604 guerre
780 1529 928 1604 tempore
938 1521 971 1586 in
981 1521 1243 1588 nostrafidelite·

54 1628 64 1681 l
116 1627 154 1691 tis
169 1631 363 1694 constantia
386 1629 601 1712 perstiterunt
616 1624 712 1712 (igy),
722 1629 764 1694 ob
781 1628 872 1710 quod
886 1629 974 1712 apud
989 1649 1047 1695 nos
1064 1629 1243 1714 gratiarum

41 1763 42 1766 ¹
118 1733 264 1818 profecto
281 1734 441 1822 rependia
464 1741 664 1818 meruerunt,
689 1736 731 1801 ab
757 1734 901 1803 eiusdem
915 1736 1174 1804 mansuetudinis
1188 1757 1244 1802 no-

115 1847 177 1907 stre
193 1844 375 1928 participio
392 1843 536 1911 volentes
553 1842 645 1908 exfici
661 1863 725 1909 non
741 1851 899 1928 expertes,
913 1865 972 1928 per
988 1845 1093 1928 ipsum
1103 1843 1244 1910 edictum

115 1951 203 2018 aliud
217 1951 259 2018 de
276 1953 458 2022 commissis
482 1952 672 2020 criminibus
698 1953 850 2038 omnibus
875 1952 1062 2036 generalem
1086 1953 1246 2020 remissio-

114 2062 302 2128 nemetiam
318 2061 471 2143 fecimus3
488 2061 672 2142 dummodo,
688 2066 723 2126 rt
746 2061 938 2144 predicitur,
955 2060 998 2127 ad
1014 2062 1119 2146 ipsam
1136 2061 1246 2130 obedi·

115 2170 232 2234 entiam
248 2170 405 2236 uenirent
420 2175 454 2236 et
468 2175 628 2254 peterent,
653 2172 753 2252 prout
768 2169 801 2234 in
818 2168 935 2235 edictis
951 2168 1070 2234 eisdem
1086 2171 1246 2253 premissa

114 2279 219 2342 emnia
242 2279 347 2345 latius
371 2276 609 2344 describuntur.
626 2275 765 2342 Nouiter
782 2295 861 2342 uero
878 2275 1052 2360 subscripti
1069 2275 1110 2343 de
1127 2274 1245 2346 Castro

33 2379 34 2382 ’
113 2381 231 2452 Abatis
249 2382 382 2452 Gasalis
398 2381 578 2468 Aquarelle
593 2381 750 2468 partiales
760 2382 1015 2450 etMalandreni
1025 2382 1112 2450 inira
1122 2385 1245 2454 dictum

114 2493 290 2560 terminum
307 2491 488 2559 stabilitum
505 2499 539 2557 et
554 2512 697 2558 mensem
713 2489 756 2556 ad
773 2497 919 2556 nostram
944 2491 1143 2575 presentiam
1159 2495 1246 2562 reni·

30 2649 32 2658 ,
114 2608 202 2669 entes
217 2601 393 2670 Maiestati
409 2599 532 2668 Nostra
558 2599 827 2685 supplicauerunt
841 2621 914 2666 cum
930 2599 1048 2684 spiritu
1063 2599 1245 2669 deuotionis

114 2715 252 2793 actente,
267 2715 305 2776 ut
329 2730 401 2775 cum
427 2711 498 2792 ipso
524 2708 662 2775 durante
687 2727 804 2791 guerre
829 2713 975 2792 tempore
995 2713 1028 2772 et
1043 2713 1120 2773 ante
1145 2708 1245 2776 etiarn

113 2820 241 2902 tempus
257 2837 374 2901 guerre
389 2815 534 2882 eiusdem
549 2813 742 2882 effrenatum
758 2816 965 2899 insequentes
975 2815 1158 2898 appetitum
1169 2837 1245 2900 pro·

112 2926 217 3008 prium
237 2932 271 2993 et
285 2924 508 2992 inordinatum
517 2923 704 3006 voluntatis,
715 2928 913 3008 exponentes
931 2943 964 2990 se
980 2922 1087 3007 lapsui
1102 2929 1171 2989 tum
1187 2945 1245 3007 per

113 3032 331 3116 partialitatis
355 3031 525 3097 dissidium
550 3037 620 3096 tum
642 3032 750 3096 etiam
775 3051 834 3116 per
860 3029 1072 3113 delinquendi
1097 3037 1130 3096 et
1154 3052 1246 3098 exce·

114 3139 211 3207 (leudi
237 3139 370 3206 modum
394 3138 496 3205 alium
512 3138 609 3222 plura
627 3138 848 3204 commiserint
863 3139 1009 3205 enormia
1025 3139 1172 3224 crimina,
1187 3139 1245 3206 ho·

113 3248 253 3332 mioidia,
268 3267 427 3327 excessus,
443 3245 684 3312 disrobationes
702 3252 888 3326 stratarum,
897 3245 1079 3328 violentias,
1095 3246 1246 3314 incendia

114 3357 337 3440 percussiones
363 3362 422 3420 etc.
446 3359 523 3434 etc.;
549 3353 635 3437 quod
660 3351 872 3436 dignaremur
897 3374 969 3418 cum
995 3354 1042 3419 eis
1067 3353 1246 3421 misericor·

113 3462 199 3530 diter
225 3484 331 3547 agere,
356 3462 509 3547 ipsosque
533 3462 577 3527 ad
604 3461 725 3528 dictam
751 3460 947 3528 remissionis
979 3463 1121 3544 gratiam
1154 3463 1245 3528 iuxta

115 3570 195 3637 dicti
211 3570 345 3636 secundi
370 3569 470 3636 edicti
495 3575 640 3637 tenorem
667 3567 877 3635 admictcndc
904 3569 1025 3634 eisdem
1040 3591 1099 3654 per
1115 3576 1245 3635 nostras

113 3679 325 3748 relaxationis
340 3679 473 3746 lieteraa
498 3678 673 3762 indulgere.
698 3679 769 3745 Nos
794 3679 907 3760 itaque
923 3700 962 3742 ex
979 3699 1018 3744 ea
1033 3700 1095 3762 que
1113 3678 1245 3761 premit

115 3788 195 3855 titur
211 3790 331 3854 virtute
356 3785 524 3852 clementie
551 3787 758 3869 disponentes
774 3787 808 3852 in
823 3788 887 3853 hec
912 3793 1006 3870 parte
1033 3787 1085 3869 pie
1101 3785 1246 3851 lenitatis

115 3896 239 3962 cultum
262 3895 423 3980 prosequi,
446 3892 666 3959 misericordie
696 3895 831 3978 januam
858 3894 954 3959 dictis
985 3892 1245 3976 supplicantibus

115 4005 245 4088 aperire
261 4003 404 4086 ipsorum
430 3999 667 4085 supplieatione
693 4023 764 4066 cum
781 4002 889 4084 gratia
905 3999 1076 4082 benignius
1093 3999 1247 4066 exaudita

116 4110 309 4195 subscriptis
333 4109 480 4175 omnibus
505 4117 536 4174 et
562 4129 674 4175 eorum
699 4110 833 4176 cuilibet
858 4114 916 4174 etc.
933 4113 993 4174 etc.
1018 4128 1130 4172 omnes
1146 4106 1246 4174 otien-

117 4239 169 4285 sas
195 4223 229 4282 et
252 4217 365 4300 culpas
390 4223 450 4281 etc.
477 4221 536 4281 etc.
562 4215 602 4280 de
630 4222 720 4282 certa
746 4224 860 4282 nostra
886 4217 1024 4282 scientia
1049 4221 1082 4281 et
1108 4215 1244 4300 speciali

118 4327 227 4411 gratia
240 4326 332 4391 iuxta
347 4323 466 4410 prefati
482 4324 581 4391 edicti
599 4324 748 4408 formam,
763 4331 906 4392 mantem
922 4332 954 4390 et
971 4325 1087 4392 seriem
1103 4323 1245 4410 benigne

118 4435 315 4504 remictimus
330 4439 364 4502 et
388 4433 642 4504 misericorditer
661 4435 844 4504 relaxamus
870 4440 929 4503 etc.
946 4441 1004 4504 etc.
1022 4431 1147 4502 Datum
1158 4433 1246 4506 Nea·
