3166 5256
384 362 447 430 126
567 415 569 423 Α
723 369 1128 434 omnouaoamumnbnnu.

382 550 482 628 pro'ut
498 539 543 610 eis
559 543 711 626 expedire
728 549 762 608 et
777 545 947 609 convenire
973 531 1147 622 uidebitur,
1174 541 1382 608 considerata
1406 543 1498 606 condi-

382 653 473 718 cione
493 657 527 716 et
543 651 702 735 qualitate
718 673 941 735 personarum,
958 672 1020 734 que
1036 652 1170 718 exirent.
1297 723 1301 728 ⁸

490 757 588 844 Quod
600 759 752 825 mittatur
769 756 959 841 Capituneis
975 759 1083 824 Maris
1100 763 1133 824 et
1149 756 1251 824 Terre
1263 765 1295 823 et
1307 755 1498 824 Gubernato-

383 869 484 948 ribus‚
509 866 598 951 qnod
622 866 656 932 in
682 865 744 932 hoc
768 866 945 932 adhibeant
969 886 1064 931 omne
1091 864 1269 932 remedium
1296 872 1330 930 et
1353 864 1497 930 cautelam

384 997 482 1060 quam
498 981 650 1060 possunt,
667 997 707 1040 me
724 983 839 1041 exeant
854 975 1040 1041 huiusmodi
1049 995 1196 1058 persone,
1206 974 1359 1040 terrendo
1375 993 1426 1038 eas
1436 993 1497 1036 cum

380 1086 477 1150 minis
493 1089 527 1148 et
542 1083 616 1148 aliis
631 1083 746 1167 modia,
764 1083 880 1166 quibus
897 1082 1049 1165 expedire
1065 1081 1230 1149 videbunt.

595 1249 630 1310 (A
643 1247 768 1297 »Secreta
781 1247 894 1297 Consilii
907 1246 1098 1310 Rogatorum«
1109 1246 1165 1295 Lis,
1179 1246 1211 1295 Δ.
1228 1248 1282 1295 vol.
1296 1246 1330 1306 I.)

865 1447 1027 1457 -—--

912 1821 984 1883 116.

464 1984 490 2046 Ι.
509 1985 609 2068 Lajos
625 2005 765 2070 mopyor
782 1981 896 2066 kirtly
912 1981 1028 2045 kdvetct
1045 1979 1127 2044 ktild
1143 1979 1316 2046 Sicilicibo.
1336 1981 1425 2046 1345.

487 2141 587 2209 Anno
603 2140 843 2210 MOCCXLV.
859 2142 912 2208 die
929 2139 1086 2212 XXVII.
1102 2140 1306 2206 Decembris.
1328 2139 1356 2205 O
1372 2163 1391 2206 a
1406 2164 1425 2225 p
1440 2149 1453 2206 t
1466 2163 1496 2218 a:

381 2250 479 2337 Quod
493 2252 728 2335 respondeatur
745 2249 865 2316 Comiti
881 2248 977 2330 Arbi‚
993 2248 1286 2316 recommendando
1297 2271 1369 2314 eum
1386 2250 1424 2314 de
1438 2271 1496 2314 om-

380 2359 484 2438 nibus,
501 2381 563 2442 que
579 2359 656 2424 fecit
672 2364 706 2424 et
731 2365 886 2442 procurat
910 2359 944 2423 in
971 2357 1148 2423 honoribus
1173 2359 1304 2440 nostris,
1321 2366 1354 2424 et
1370 2357 1408 2422 de
1423 2357 1496 2422 solli.

380 2467 525 2532 citudine
542 2474 574 2533 et
592 2466 766 2552 prudentia
783 2467 936 2533 continua
964 2473 997 2532 et
1023 2465 1280 2554 commendabili
1299 2489 1394 2550 quam
1411 2467 1495 2532 habet
1554 2521 1570 2532 .,

378 2577 412 2640 im
429 2576 587 2654 omnibns¹
604 2582 636 2640 et
660 2577 693 2641 in
718 2576 889 2641 scribendo
915 2575 1009 2640 nobis
1035 2577 1152 2656 omnia,
1178 2576 1357 2640 secundum
1373 2574 1492 2658 quodin
1568 2577 1570 2644 ἶ

379 2685 444 2749 suis
460 2684 577 2749 litteris
595 2685 776 2749 continetur
802 2685 842 2749 de
873 2683 1015 2767 quodam
1031 2681 1161 2748 Nunnio
1187 2682 1310 2748 domini
1326 2683 1431 2766 Regis,
1445 2681 1491 2763 qui

379 2797 450 2859 erat
467 2789 596 2875 Segnia,
612 2798 645 2856 et
659 2790 792 2856 volebat
806 2792 853 2856 ire
870 2793 903 2855 in
915 2788 1041 2874 Apulia
1052 2789 1257 2856 cumlitteris
1274 2797 1305 2854 et
1317 2787 1490 2856 Ambaxata
1568 2785 1569 2792 '

379 2899 459 2965 dieti
484 2899 596 2984 Regis,
620 2897 708 2983 quod
732 2899 880 2982 libenter,
906 2900 933 2964 si
957 2905 1078 2981 posset,
1102 2897 1200 2964 vellet
1224 2897 1347 2964 habere
1370 2898 1489 2973 litteras,
1568 2941 1569 2944 ,

379 3029 459 3091 quas
475 3013 586 3090 portat
602 3011 681 3087 etc.;
696 3006 775 3071 licet
799 3007 948 3085 sciamus,
974 3004 1063 3088 quod
1089 3006 1150 3070 hoe
1176 3006 1263 3071 dicat
1279 3025 1319 3070 ex
1336 3010 1404 3070 tota
1418 3005 1489 3069 bona
1566 3025 1568 3094 j

377 3115 451 3196 lide,
468 3115 551 3181 sieut
568 3136 694 3198 semper
725 3117 908 3181 consuevit:
925 3123 1037 3181 tamen
1063 3116 1219 3198 quiahoc
1235 3115 1489 3184 videreturinho·

376 3228 503 3287 nestum
519 3229 552 3287 et
566 3222 636 3288 fore
652 3223 864 3307 preiudiciale
881 3244 940 3306 pro
956 3223 1043 3288 facto
1060 3223 1138 3290 dicti
1170 3223 1281 3307 Regis,
1297 3247 1361 3290 non
1378 3226 1487 3290 videtur

375 3329 479 3413 nobis,
495 3330 582 3412 quod
597 3331 755 3414 impediat
780 3332 814 3396 in
839 3331 948 3416 aliquo
966 3331 1090 3396 dietum
1106 3331 1281 3414 Nummum,
1298 3335 1348 3400 vel
1364 3355 1431 3399 suas
1446 3331 1488 3394 lit-
1563 3358 1567 3366 ·

376 3442 475 3519 teras,
493 3438 550 3503 sed
565 3439 592 3503 si
609 3438 707 3503 aliter
722 3444 832 3523 potest
847 3439 1012 3523 inquirere
1030 3446 1063 3504 et
1079 3437 1163 3505 scire
1174 3440 1214 3504 de
1224 3443 1312 3507 omui
1328 3441 1487 3508 intentione

379 3551 411 3610 ot
427 3547 612 3612 conditione
629 3547 763 3614 honesto
781 3548 886 3629 modo,
903 3548 964 3614 hoc
980 3548 1074 3614 nobis
1090 3547 1242 3632 placebit.
1267 3551 1313 3616 Et
1330 3551 1372 3616 sit
1387 3545 1488 3614 sollici·
1566 3629 1567 3634 ἵ

377 3660 430 3720 tus
447 3656 481 3719 iu
499 3654 658 3721 mittendo
675 3661 709 3719 et
733 3655 927 3740 inquirendo
945 3656 984 3720 de
1000 3655 1152 3721 habendo
1170 3677 1284 3724 novam
1304 3658 1344 3724 do
1361 3653 1488 3742 partibus

377 3760 550 3842 Hungarie
567 3768 600 3828 et
616 3761 757 3848 aliunde,
774 3765 859 3830 sicut
876 3764 1035 3829 hactenus
1052 3766 1225 3832 consuevit.

593 3927 628 3989 (Α
644 3925 772 3978 »Secreta
785 3928 899 3979 Consilii
910 3927 1102 3994 negatorum«
1116 3927 1173 3980 Lit.
1188 3931 1223 3981 A.
1232 3930 1288 3982 rol.
1302 3931 1335 3996 1,)
