3134 5252
405 379 467 448 146
763 385 980 442 otenounsrnr
997 371 1166 436 aurnuns.

511 557 587 623 Hoc
603 558 704 622 etiam
720 555 932 622 communiter
949 553 1062 632 fertur,
1071 547 1159 635 quod
1175 547 1248 613 Rex
1265 543 1434 628 Hungarie
1456 541 1512 610 dis·

402 667 512 751 posuit
522 672 671 748 potenter
681 687 752 731 oum
771 664 956 746 aliquorum
966 658 1106 724 aliorum
1125 653 1263 724 brachio
1279 652 1430 719 invadere
1443 651 1519 734 Reg-

401 796 479 840 num
490 770 620 857 Apulie,
630 771 686 837 sed
702 792 760 854 per
776 791 857 852 quas
872 775 984 852 partes
995 767 1195 832 transiturus
1207 762 1258 842 sit,
1272 761 1455 845 ignoramus
1469 757 1519 823 hn-

402 902 531 965 cusque.
541 881 672 946 Dicitur
682 887 801 962 tamen,
810 876 898 961 quod
908 875 1079 959 requisivit
1094 873 1268 938 transitum
1278 891 1299 934 a
1308 869 1435 935 domino
1450 865 1520 931 Pat-

402 990 535 1055 riarcha
550 986 776 1070 Aquilegensi,
793 985 851 1069 qui
865 984 1016 1049 dominus
1032 979 1241 1058 Patriarcha‚
1256 979 1284 1042 si
1300 977 1444 1052 voluerit,
1459 974 1521 1057 plu·

402 1097 520 1161 nimum
542 1095 698 1178 impedire
721 1094 825 1178 possit
847 1092 1023 1157 transitum
1039 1095 1072 1155 et
1087 1088 1299 1152 intentionem
1322 1083 1402 1149 dicti
1423 1081 1522 1166 Regis

403 1205 449 1268 Et
465 1203 593 1284 scimus,
610 1200 695 1284 quod
712 1200 847 1283 quidam
862 1198 1014 1266 Marchio
1030 1195 1178 1263 eiusdem
1194 1193 1317 1260 domini
1333 1189 1523 1267 Patricrche,

403 1330 608 1375 commorans
624 1310 657 1374 in
673 1309 783 1391 Istria,
806 1315 838 1373 ot
861 1306 993 1392 quidun
1009 1305 1094 1372 alius
1117 1304 1204 1369 filius
1221 1300 1345 1368 domini
1367 1295 1523 1364 Fcederid

404 1416 444 1482 dc
462 1415 679 1501 Sourignam,
704 1415 826 1482 subditi
850 1415 953 1499 ipsius
978 1412 1101 1480 domini
1125 1410 1331 1492 Patriarche
1356 1427 1452 1492 nuper
1466 1405 1523 1470 ise·

404 1531 481 1590 runt
498 1523 540 1589 ad
556 1524 721 1589 dominum
738 1523 865 1606 Regem
880 1522 1072 1605 predictum.
1297 1511 1298 1514 '

568 1685 604 1747 (A
619 1686 749 1736 »Secreta
761 1685 873 1736 Consilii
891 1681 1140 1749 negatorum-ool
1152 1681 1207 1732 Lis.
1220 1681 1254 1730 Α.
1268 1678 1325 1728 vol.
1342 1681 1377 1741 1.)

893 1863 1054 1874 .....-.--—

939 2063 1011 2125 141.

408 2223 602 2292 LJohacoa
613 2223 741 2288 sicilici
750 2222 903 2309 kircilyne'
912 2223 1085 2287 telchines
1096 2224 1127 2288 c's
1138 2219 1415 2308 alattuolditse'rjs
1425 2214 1525 2304 Eodrr

408 2333 522 2419 kiroly
545 2331 862 2418 meppyilkolo‘sa'bao
880 2331 1140 2396 artatlanokoak
1163 2330 1414 2417 opilatkoatatja
1440 2327 1524 2392 1346.

516 2491 539 2556 J
542 2491 674 2556 ohanna
690 2499 749 2556 etc.
766 2492 926 2558 uniuersis
942 2511 1074 2573 presens
1090 2490 1255 2556 indultum
1270 2489 1460 2573 inspecturis
1474 2492 1526 2551 etc

409 2598 574 2666 Robertns
591 2597 655 2665 Dei
680 2601 790 2682 gratia
814 2595 980 2681 Daspotus
1005 2598 1176 2681 Romania,
1200 2596 1339 2682 thaye
1355 2604 1389 2664 et
1403 2593 1527 2662 Tarenti

410 2707 587 2791 Princeps3
611 2707 750 2772 Carolus
766 2705 843 2772 Dux
868 2706 1013 2791 Duratij,
1038 2707 1149 2790 Regni
1179 2705 1324 2773 Albanio
1342 2728 1381 2774 ac
1396 2702 1527 2772 Honoris

410 2814 534 2880 Montis
561 2811 675 2878 Sancti
702 2814 825 2895 Angeli
842 2813 1021 2894 Dominus;
1044 2814 1228 2880 Ludovicus
1244 2820 1277 2879 et
1292 2813 1456 2880 Robertus
1471 2811 1527 2875 fra-

409 2927 475 2986 tres
492 2923 552 3000 sui,
569 2923 728 2987 carissimi
743 2921 865 2986 fratres
882 2923 995 2986 nostri.
1006 2920 1096 2987 Dum
1111 2921 1314 3006 pervenisset
1331 2922 1375 2988 sd
1391 2919 1527 2994 notitiam

410 3029 594 3108 eorundem,
626 3031 712 3110 quod
738 3031 777 3094 de
802 3052 881 3094 nece
905 3030 995 3095 clare
1021 3033 1175 3095 memorie
1202 3031 1326 3096 domini
1352 3026 1528 3095 Andreede

411 3135 595 3218 Hungaria,
620 3138 806 3203 Jerusalem
822 3144 854 3202 et
872 3137 983 3204 Sicilie
1000 3138 1103 3222 Regis
1120 3135 1275 3220 illustris,
1291 3137 1355 3203 viri
1371 3136 1470 3203 nostri
1485 3155 1529 3200 os

413 3243 534 3308 rissimi
551 3251 583 3309 et
600 3245 722 3310 domini
739 3247 915 3327 reverendi,
925 3247 1033 3330 alique
1044 3268 1183 3331 persone
1194 3253 1289 3312 erant
1303 3247 1434 3330 puplice
1449 3241 1529 3310 diffa-

413 3357 498 3415 mate
515 3359 548 3416 ot
565 3360 723 3436 suspecte,
749 3376 788 3418 ex
803 3355 959 3420 aviditate
977 3355 1124 3436 vindicte,
1141 3376 1239 3437 quam
1256 3354 1428 3438 cupiebant
1443 3359 1474 3418 et
1486 3372 1529 3414 cu·

415 3459 509 3543 piunt
526 3461 566 3525 de
592 3483 670 3525 nece
694 3463 843 3544 predicta
868 3463 994 3528 vinculo
1014 3463 1191 3547 sanguinis,
1209 3483 1272 3546 quo
1289 3463 1395 3528 eidem
1413 3461 1529 3527 domino

412 3568 481 3633 uiro
498 3574 611 3632 nostro
628 3575 662 3632 et
678 3569 771 3634 nobis
786 3569 1017 3651 iungebantur,
1033 3575 1145 3653 preter
1157 3570 1240 3652 juris
1256 3570 1405 3636 ordinem
1416 3570 1448 3634 in
1458 3566 1531 3648 Ray·

416 3675 572 3739 mundum
589 3675 628 3740 de
640 3673 803 3742 Cothonis
819 3677 964 3758 militem,
975 3679 1080 3744 nostri
1097 3678 1232 3762 hospitii
1243 3676 1474 3757 senescallum,
1483 3672 1531 3757 qui

416 3785 513 3849 certis
540 3784 735 3866 conjecturis
760 3786 1026 3868 precedendibuS,
1044 3786 1130 3872 sicut
1141 3786 1309 3865 asseritur,
1334 3792 1450 3850 contra
1471 3801 1532 3846 eum

415 3897 585 3975 suspectus
596 3892 711 3956 exinde
728 3913 786 3974 per
803 3913 857 3956 eos
868 3893 1071 3974 credebatur,
1081 3914 1197 3958 manus
1213 3894 1366 3977 injecere,
1378 3895 1531 3977 ipsumque

415 3999 586 4063 tormentis
602 4004 635 4064 et
652 3999 876 4079 questionibus
893 4021 1055 4082 exponere
1072 4005 1275 4079 curaverunt,
1292 4000 1446 4084 dictoque
1460 3998 1532 4078 Rsp-

415 4106 535 4170 mundo
561 4107 771 4172 consensante
796 4127 829 4170 ss
855 4106 1014 4189 prescium
1033 4107 1122 4173 necis
1140 4108 1292 4188 eiusdem,
1309 4109 1353 4174 ad
1378 4109 1476 4191 idque
1490 4105 1533 4170 de·

416 4213 502 4278 disse
519 4234 612 4295 opem
628 4219 662 4278 et
677 4235 810 4297 operam
827 4236 889 4279 una
906 4236 978 4280 cum
995 4217 1091 4281 certis
1107 4216 1201 4300 alijs;
1217 4215 1338 4300 prefati
1354 4215 1476 4282 fratres
1489 4233 1533 4277 no

417 4320 475 4383 stri
508 4317 765 4403 Neapolitanum
797 4323 951 4406 populum
984 4325 1156 4389 convocari
1189 4323 1345 4404 fecerunt,
1377 4325 1532 4408 ipsumque

416 4424 647 4508 Raymnndum
674 4436 861 4495 statuerunt
885 4432 1016 4515 puplice
1041 4453 1152 4496 coram
1177 4453 1224 4514 ec,
1249 4438 1281 4497 et
1297 4433 1532 4516 prefatamcon·

417 4532 592 4602 sessionem
618 4559 708 4602 suam
734 4558 842 4604 coram
862 4538 950 4605 dioto
976 4540 1197 4624 Neapolitano
1213 4539 1335 4625 populo
1349 4542 1496 4622 iterante,
1508 4541 1532 4600 et
