3166 5256
571 347 667 409 1345.
916 347 922 362 '
1147 355 1189 414 69

1 508 2 511 ¹
64 520 155 586 irutre
165 519 481 604 ComitisDonimoy,
497 517 630 588 Obrsde
645 522 713 588 filio
724 523 765 588 de
777 521 891 588 Milite
907 523 1067 604 Manche,
1084 525 1188 592 Pran-

1 667 2 672 κ
63 627 130 692 diuo
144 627 263 694 Pisano
277 628 445 694 nominato
460 629 604 709 Nesimo,
624 636 658 695 et
673 629 746 695 eliis
762 627 912 713 pluribus
928 632 1055 714 rogatis
1072 639 1106 697 et
1131 653 1187 700 vo·

61 735 134 800 cetis
149 735 294 802 testibus.

1 932 2 936 Ἰ
156 841 208 928 (P.
230 843 292 930 H.)
309 841 386 926 Ego
400 841 534 909 Morcus
551 843 644 910 Zone
660 844 700 910 de
716 843 901 925 Beruardo,
917 846 1087 928 Imperioli
1104 865 1179 913 auc-

60 951 179 1015 toritate
202 947 374 1032 Notarius,
399 955 432 1016 et
457 951 605 1017 Ducatus
631 949 851 1017 Veuecisrum
876 949 1000 1032 Scriba,
1020 953 1179 1035 predictis

60 1057 194 1122 omuibus
208 1057 354 1140 interfui,
369 1062 403 1122 et
416 1064 552 1140 rogatus
568 1057 693 1141 scripsi.

152 1217 188 1279 (n
211 1218 315 1283 ›oopu
340 1219 375 1268 ue
394 1199 604 1272 commosin»
626 1217 1171 1284 czlmuvelenczeiuuumkonyvbor1v

57 1307 106 1357 un.
118 1307 140 1356 1.
152 1323 174 1358 r.
188 1309 247 1359 ero.
270 1307 311 1359 su.
325 1307 367 1368 u)

581 1812 633 1872 68.

94 1973 124 2034 A
135 1972 289 2038 celenczei
304 1971 514 2056 kdztdrsosdy
531 1969 766 2054 k'o'zbeojdrdso
782 1991 803 2032 a
821 1964 947 2033 Ctissai
960 1963 1079 2051 qrdsolc
1096 1965 1129 2030 dc

201 2079 344 2166 Spoloto
360 2083 451 2142 odros
467 2077 552 2141 bosri
568 2071 1013 2163 epyenetleoedpekbcn.1345.

146 2232 246 2304 Anno
276 2235 409 2302 Domini
440 2231 677 2303 MCCOXLV.
709 2232 761 2297 die
792 2229 857 2296 IX.
887 2229 980 2296 Maii.
1007 2229 1172 2312 Cupis:

56 2340 149 2425 Super
161 2344 344 2410 nmbsxsto
358 2342 478 2410 Ducsli
503 2340 660 2406 Dominio
683 2343 837 2422 porrecto
852 2359 911 2421 per
927 2334 1172 2402 Amboxotores

54 2446 187 2532 Comitis,
203 2448 395 2516 Communis
411 2455 445 2515 et
458 2449 626 2514 hominum
651 2445 789 2529 Spoleti,
813 2445 957 2510 fidelium
973 2450 1172 2528 nostrorum,

53 2557 213 2640 sopientes,
229 2557 397 2623 intellectu
413 2556 501 2621 dicta
517 2556 703 2636 ambsxoto,
718 2551 831 2620 ondita
847 2551 989 2637 quadam
1007 2549 1170 2616 sententia

25 2732 29 2740 ,
53 2662 201 2746 arbitrali,
218 2685 281 2748 que
297 2666 385 2730 inter
401 2663 561 2730 Comitem
577 2658 755 2744 Georgium
771 2659 908 2726 condam
924 2664 1053 2740 patrem
1063 2653 1170 2722 Comi-

1 2819 2 2830 ,
52 2767 86 2832 b's
101 2769 267 2837 Muladiui
299 2771 340 2837 de
368 2770 485 2853 Clisso,
510 2775 543 2835 et
558 2767 729 2850 Comitem,
753 2765 931 2833 Commune
957 2770 990 2830 et
1018 2761 1168 2828 homines

54 2869 171 2958 Spaluli
186 2877 273 2943 alios
288 2877 351 2943 luit
375 2876 453 2944 doto
477 2882 510 2942 et
525 2875 654 2941 firmate
678 2897 737 2958 per
761 2873 848 2938 viros
873 2871 995 2938 nobiles
1021 2868 1167 2936 dominos

53 2979 230 3068 lodoycum
239 2983 438 3051 Mauroceno
454 2988 487 3048 et
497 2980 683 3048 ‚Iohannem
692 2978 881 3048 Credonioo
897 2983 1011 3044 contra
1020 2973 1168 3042 Comites

52 3083 192 3174 Trugurii
209 3098 244 3157 et
259 3089 398 3174 Spoleti,
413 3096 446 3155 st
470 3087 704 3173 subsequenter
729 3087 916 3153 examinate
932 3083 1031 3150 etiam
1047 3081 1165 3146 unione

52 3198 79 3256 et
93 3196 272 3276 concordia,
296 3218 358 3279 que
383 3197 588 3280 postmodum
612 3217 671 3279 per
701 3195 824 3260 dictum
849 3190 1008 3258 Comitem
1025 3185 1168 3253 Maledi-

1 3299 2 3302 ’
51 3319 123 3382 uum,
147 3309 181 3368 et
208 3301 369 3369 Comitem
393 3311 427 3370 et
451 3303 630 3371 Commune
658 3301 795 3387 Spoleti,
818 3299 1025 3366 rutificantes
1043 3293 1165 3360 dictum

52 3411 233 3477 seutentiam
251 3410 452 3493 arbitralem,
478 3410 538 3479 fuit
563 3407 919 3485 t1·actotoetfirmsta;
937 3426 975 3470 ac
990 3401 1164 3468 intellectis

51 3514 134 3580 certis
149 3516 446 3600 protostocionibus
472 3523 506 3583 et
535 3515 703 3601 scripturis
720 3516 869 3581 ordinate
885 3512 1011 3597 posit-ie,
1026 3529 1086 3576 uec
1101 3529 1165 3573 non

50 3619 95 3702 eis,
114 3643 177 3707 que
203 3623 285 3690 dicti
310 3623 539 3692 amboxatores
563 3625 736 3692 voluerunt
759 3623 868 3688 dicero
894 3625 927 3686 et
942 3617 1107 3699 conqueri,
1131 3621 1164 3679 et

50 3744 131 3808 Super
154 3730 237 3814 ipsis
261 3729 410 3800 omnibus
435 3732 533 3817 pleno
558 3731 674 3798 habito
699 3729 936 3797 deliberatione
952 3730 986 3790 et
1001 3721 1163 3790 examino-

49 3832 132 3918 bone,
145 3836 317 3920 reperiunt
332 3835 503 3921 Sapientes
519 3859 578 3922 per
595 3839 815 3918 ambustum,
825 3836 1012 3919 scripturos,
1027 3829 1163 3898 uniones

49 3945 76 4002 el
89 3942 237 4022 querelas
268 3943 444 4027 predictos,
474 3945 563 4030 quod
595 3943 719 4028 Comes,
751 3943 931 4011 Commune
962 3948 995 4006 et
1019 3938 1163 4006 homines

49 4041 163 4130 Spoleti
177 4050 328 4134 graviter
344 4057 378 4116 et
393 4052 512 4119 iniuste
529 4052 661 4120 fuerunt
675 4059 709 4119 et
724 4059 800 4118 sunt
817 4047 1018 4118 damnificati
1034 4052 1068 4111 et
1083 4043 1164 4108 iniu-

31 4152 112 4234 ¹riuti
127 4162 195 4222 tum
219 4157 253 4222 in
278 4158 533 4242 possessionibus
557 4159 732 4242 hominum,
757 4161 982 4227 Ecclesiarum
1000 4161 1033 4219 et
1047 4151 1163 4217 Mona·

49 4262 207 4332 siculorum
224 4265 312 4332 dicte
328 4271 415 4333 terre
431 4266 560 4353 Spoleti
576 4290 635 4353 per
661 4270 783 4335 dictum
800 4266 959 4333 Comitem
976 4259 1161 4330 Mlodinum

48 4363 174 4438 detentis
189 4379 222 4439 et
238 4374 307 4439 eius
323 4380 463 4458 gentem,
477 4383 546 4443 tam
561 4377 596 4442 iu
611 4377 794 4444 redditibus
826 4377 970 4460 ipsarum
987 4368 1162 4458 possessio·

1 4479 2 4502 l
48 4492 121 4562 num,
133 4482 201 4548 tom
215 4480 251 4549 in
266 4484 478 4569 occupatione
494 4490 597 4554 strete
614 4483 728 4580 Clisso,
743 4506 803 4572 per
820 4506 919 4573 quam
935 4503 1029 4553 nemo
1045 4489 1154 4572 potest
