3134 5252
281 337 287 345 “
365 327 429 396 182
727 339 942 385 nmcounzur
957 325 1123 384 armenas.

363 503 475 585 quirat
490 502 560 567 fieri
576 503 738 578 unionem,
756 519 819 580 que
835 498 974 582 petitur;
990 505 1040 561 set
1065 497 1097 560 in
1115 515 1269 579 processu
1285 497 1444 579 temporis,
1457 497 1480 561 si

1550 307 1554 404 l

1552 463 1554 482 r

1551 493 1554 524 l

362 609 473 692 aliqua
497 609 537 674 de
561 629 644 673 novo
676 611 889 690 emergerent,
921 604 1085 688 provideri
1110 617 1217 686 posset
1249 602 1420 668 seeundum
1441 625 1480 668 ea,
1553 597 1554 604 '

361 738 425 799 que
450 719 651 796 occurerent,
678 715 761 778 sicut
775 731 837 798 pro
862 713 946 778 bono
963 712 1132 795 utriusque
1148 711 1256 793 partis
1273 709 1386 775 melius
1402 710 1476 775 vide·
1552 753 1554 780 ᾗ

362 829 464 889 retur.

524 948 560 1009 (A
576 949 704 1000 »Secreta
719 949 834 1000 Consilii
847 949 1036 1014 Rogatorumr
1045 947 1110 998 -btl
1124 947 1172 998 Lit
1184 945 1218 998 A.
1232 947 1288 996 vol.
1304 947 1338 1008 1.)

894 1360 967 1421 180.

363 1518 392 1583 A
411 1521 564 1586 velomazai
580 1521 861 1607 lcttzto'rsosdpaolr
877 1519 1040 1584 prasimae
1050 1521 1073 1584 I
1074 1568 1080 1582 .
1097 1521 1197 1606 Lajoa
1213 1543 1353 1607 m-apyar
1369 1517 1477 1604 pirate

613 1631 669 1693 lroz
685 1629 810 1694 kttlrlb'tt
827 1629 948 1692 levaret·
966 1633 1129 1693 azdmdra.
1146 1629 1240 1693 1346.

471 1783 571 1852 Anno
595 1784 833 1854 MCCCXLV.
852 1787 905 1852 die
921 1782 1040 1854 XVII.
1057 1783 1213 1872 Augusti.
1230 1787 1389 1870 Capta:
1405 1783 1474 1849 Cum
1553 1791 1554 1794 ’

361 1893 544 1958 commissio
575 1891 837 1960 Ambaxatorum
868 1895 1029 1958 iturorum
1054 1894 1096 1958 ad
1122 1893 1247 1977 Regem
1273 1891 1414 1977 Vngarie
1428 1911 1475 1973 per

363 1997 535 2082 Sapientes
551 2008 663 2068 notata
688 2004 731 2066 sit
748 1999 945 2067 sufficienter
973 2007 1006 2066 et
1032 2000 1075 2066 ad
1100 2000 1240 2083 plenum,
1256 2007 1290 2066 et
1314 2022 1373 2084 pro
1387 1999 1474 2062 inten-

361 2105 453 2172 cione
493 2115 604 2174 nostra
629 2107 732 2174 faeiat
763 2130 827 2174 non
859 2108 992 2175 differre
1023 2108 1159 2175 ulterius
1190 2106 1312 2174 tactum
1343 2104 1473 2174 commis-

362 2213 478 2295 sionis;
724 2208 727 2214 ’

468 2321 582 2406 Oapt
596 2344 632 2388 a:
659 2322 755 2406 Quod
778 2325 812 2389 in
837 2325 966 2389 nomine
983 2321 1117 2388 Domini
1143 2324 1248 2388 nostri
1265 2325 1348 2390 Jesu
1363 2321 1470 2388 Christi

361 2428 531 2496 salvatoris
548 2431 884 2498 nostricommittatur
901 2429 1180 2496 Ambaxatoribus
1197 2432 1320 2498 nostris
1335 2431 1422 2496 ituris
1436 2427 1471 2493 ad

360 2537 523 2602 dominum
540 2539 664 2622 Regem
679 2538 834 2622 Vngarie,
852 2539 940 2622 quod
956 2539 1114 2622 premissa
1130 2538 1335 2605 salutacione
1350 2536 1471 2617 decenti,

359 2653 532 2728 exponant,
556 2646 643 2728 quod
670 2647 790 2712 mundo
812 2647 941 2711 notoria
961 2667 1031 2712 esse
1046 2651 1154 2729 potest
1168 2665 1290 2727 magna
1306 2644 1471 2711 benivolen-

360 2752 408 2816 tia
424 2758 456 2816 et
481 2753 618 2836 devotio,
645 2776 741 2836 quam
758 2751 937 2819 Commune
953 2752 1171 2819 Veneciarum
1187 2753 1303 2818 habuit
1318 2751 1359 2817 ad
1373 2771 1471 2837 proge-

361 2861 485 2926 nitores
502 2861 682 2943 suos,ipsos
697 2862 731 2924 in
747 2881 867 2944 magna
884 2861 1068 2927 reverentia
1084 2880 1212 2942 semper
1228 2858 1379 2943 gerendo,
1389 2857 1472 2922 etim·

359 2966 530 3050 pendendo
556 2968 693 3032 servicia
717 2967 780 3034 sibi
806 2976 909 3050 grata,
936 2974 969 3032 et
984 2967 1047 3032 hoo
1072 2965 1157 3032 idem
1184 2965 1431 3032 desideravimus
1444 2968 1471 3026 et

360 3073 579 3138 desideramus
605 3095 734 3138 servare
760 3095 832 3139 eum
849 3074 979 3140 domino
996 3074 1088 3158 Rege
1103 3073 1255 3157 presenti.
1279 3071 1337 3138 Set
1352 3071 1470 3137 multum

360 3183 532 3247 habuimus
558 3203 690 3247 causam
715 3182 944 3248 admirationis
969 3183 1010 3247 de
1036 3183 1193 3261 novitate,
1210 3179 1366 3264 adquam
1380 3185 1469 3244 molus

360 3290 467 3353 extitit
491 3297 605 3355 contra
630 3311 691 3355 nos
716 3289 886 3354 occasione
913 3285 1065 3354 Civitatis
1081 3296 1191 3354 nostre
1206 3288 1321 3369 Jadre,
1338 3307 1435 3372 quem,
1449 3285 1469 3348 si

359 3405 479 3461 utrem
496 3405 644 3462 nostram
659 3415 853 3481 recuperare
871 3396 1093 3478 studebamus,
1108 3417 1167 3461 uec
1177 3397 1217 3478 ei,
1225 3416 1285 3462 nec
1301 3393 1405 3460 alterii
1418 3411 1472 3456 mo·

359 3504 476 3569 lestnm
493 3505 612 3570 debeat
628 3525 809 3588 occurrere,
826 3506 966 3570 maxime
991 3526 1062 3570 cum
1079 3523 1245 3587 nunquam
1261 3503 1294 3567 in
1311 3523 1386 3568 casn
1401 3497 1470 3564 simi·

358 3612 381 3675 li
398 3611 466 3677 eius
493 3611 738 3695 predecessores
769 3633 802 3678 se
819 3613 853 3678 in
869 3612 934 3680 hiis
949 3612 1167 3676 intromittere
1199 3609 1376 3688 voluerunt,
1405 3615 1471 3671 tam·

358 3740 456 3802 quam
482 3720 537 3802 qui
562 3727 676 3802 aperte
701 3727 847 3787 nostram
873 3721 1037 3787 iusticiam
1053 3723 1282 3802 cognoverunt.
1298 3712 1470 3782 Nichilomi·
1552 3789 1554 3796 Α

358 3849 419 3893 nus
436 3835 547 3892 tamen
563 3827 709 3895 volentes
724 3829 832 3895 rivere
849 3829 883 3893 in
900 3829 985 3893 omni
1001 3849 1082 3911 pace
1093 3835 1126 3893 et
1136 3847 1247 3893 amore
1264 3848 1337 3892 cum
1353 3817 1469 3902 eodm·

358 3934 532 4001 baratores
560 3956 635 4000 suos
660 3935 767 4018 pridie
793 3935 835 4000 ad
851 3956 910 4001 nos
927 3938 1042 4000 missos
1059 3957 1156 4018 super
1171 3935 1339 4018 premissis
1356 3935 1471 4016 gratan-

359 4035 410 4106 ter
426 4043 607 4126 recepimus
633 4050 665 4107 et
690 4043 830 4108 vidimus
857 4065 896 4109 ac
921 4043 1160 4123 honoravimus,
1191 4042 1276 4106 siout
1293 4063 1352 4124 pro
1367 4039 1472 4103 honore

361 4149 548 4216 Maiestatis
575 4151 641 4218 Sue
669 4161 701 4218 et
716 4154 813 4220 modo
830 4156 1024 4220 conveniens
1041 4153 1114 4236 fuit,
1131 4159 1164 4217 et
1179 4153 1395 4219 intelleximus
1410 4143 1471 4210 dili·

358 4262 476 4337 genter
503 4279 549 4338 ea,
576 4282 638 4342 que
665 4261 774 4326 dicere
791 4261 971 4340 voluerunt,
987 4259 1195 4344 disponentes
1211 4265 1337 4324 mentes
1361 4259 1473 4321 nostras

358 4361 399 4426 ad
417 4366 532 4444 ontrria,
550 4390 611 4448 que
627 4368 762 4432 honeste
772 4375 805 4432 et
821 4367 974 4433 decenter
990 4365 1058 4430 lieri
1075 4375 1208 4450 possent
1222 4388 1283 4451 pro
1300 4367 1381 4433 bono
1396 4358 1470 4444 quie·

358 4470 400 4536 tis
418 4477 450 4535 et
470 4474 567 4560 pecie.
585 4473 649 4540 Sed
667 4497 730 4542 non
748 4475 893 4542 valentes
910 4497 982 4542 curn
1000 4476 1046 4540 eis
1063 4498 1134 4541 esse
1150 4477 1336 4568 concordes,
1347 4467 1468 4537 inaximo
