3134 5252
6 607 8 680 i

6 732 14 812 Ι,

500 539 502 544 “
584 534 658 598 170.

6 687 9 742 ¹»
129 690 262 779 LLajoa
277 717 420 780 mapyar
445 693 629 782 hirolpnak
650 695 767 759 booeteo'
787 691 1118 760 Velencziben.1346.

159 853 257 920 Anno
284 850 545 924 MOOOXLVI.
562 854 615 920 die
632 851 673 922 V.
697 853 791 920 Julii.
809 853 973 936 Capta:
991 851 1089 938 Quod
1105 853 1187 918 fiant

6 947 8 1048 ξ
75 981 193 1044 expense
203 961 242 1026 de
258 960 398 1045 pecunia
413 962 519 1027 nostri
536 957 724 1027 Communis
734 961 806 1026 istis
823 959 1104 1026 Ambaxatoribus
1121 961 1186 1026 Re·

75 1068 115 1150 gis
129 1067 302 1149 Hungarie,
318 1069 403 1134 siout
419 1069 568 1134 convenit
583 1089 643 1152 pro
660 1067 781 1133 honore
798 1075 922 1134 nostro.

157 1174 219 1240 Die
246 1175 303 1240 XI
327 1175 420 1242 Julii.
447 1173 607 1261 Capta:
633 1173 729 1260 Quod
755 1178 860 1243 nostri
878 1175 1050 1260 Sapientes
1068 1183 1101 1242 et
1117 1177 1185 1244 duo

73 1280 248 1364 Provisores,
273 1284 331 1366 qni
356 1291 514 1350 venerunt
544 1284 584 1351 de
600 1286 753 1365 exercitu,
771 1286 965 1350 conveniant
980 1291 1014 1360 et
1031 1285 1095 1349 sint
1115 1307 1186 1350 oum

73 1390 327 1458 Amboxatoribus
338 1391 459 1457 domini
474 1392 576 1476 Regis
592 1391 775 1476 Hungarie,
785 1399 819 1458 et
835 1392 987 1458 auditant
1003 1398 1036 1457 et
1051 1392 1187 1458 raoiooi·

71 1504 169 1564 nontm
194 1499 337 1584 semeia,
353 1501 491 1567 dicendo
511 1509 543 1566 et
559 1501 796 1584 respondendo,
812 1501 896 1565 siout
911 1500 1053 1566 uiderint
1071 1519 1186 1566 conve·

73 1606 128 1670 nire
140 1628 198 1689 pro
213 1608 335 1674 honore
352 1615 465 1674 nostro
482 1609 658 1676 seeundum
674 1609 889 1674 intencionem
913 1629 1035 1688 eorum,
1053 1629 1115 1690 que
1132 1607 1186 1672 fir·

72 1719 143 1778 nata
156 1719 247 1795 suni3
263 1721 387 1781 etcum
403 1737 449 1796 eo,
466 1716 553 1799 quod
569 1715 752 1798 habuerint,
767 1717 931 1781 veniemus
962 1715 1034 1796 huo,
1060 1721 1094 1780 et
1118 1714 1185 1796 fiet,

73 1822 139 1886 siout
151 1821 313 1889 ridebitur
328 1822 452 1905 melius,
467 1828 501 1889 et
516 1822 680 1890 solicitant
712 1822 949 1907 expeditionem
980 1821 1059 1889 faeti
1076 1843 1178 1906 quan-

73 1933 126 1990 tum
141 1937 282 2011 possunt.

162 2034 224 2101 Die
240 2036 342 2106 XIV·
366 2037 461 2104 Julii.
484 2037 644 2123 Capta:
663 2037 760 2123 Quod
784 2039 887 2104 nostri
905 2036 1075 2122 Sapientes
1091 2037 1185 2102 redo·

71 2149 117 2207 ant
130 2142 168 2208 od
185 2144 427 2210 Ambaxatores
452 2144 576 2212 domini
591 2147 694 2231 Regis
710 2146 892 2229 Hungarie,
908 2151 941 2210 et
956 2144 1076 2230 dicant,
1094 2145 1184 2228 quod

13 2288 17 2309 .
73 2249 131 2314 risa
144 2253 302 2336 scriptura
318 2274 386 2330 sua,
402 2251 522 2317 inimus
538 2253 765 2336 multiplieiter
790 2251 952 2332 admirati,
969 2257 1002 2316 et
1018 2252 1105 2336 quod
1121 2273 1185 2318 non

73 2362 132 2421 erat
145 2378 231 2442 opus,
247 2359 335 2442 quod
350 2368 527 2444 propterea
542 2364 688 2426 venirent
704 2359 876 2440 Venetiae,
892 2358 1046 2425 sioutiuit
1059 2361 1103 2424 eis
1120 2359 1187 2426 dio-

73 2469 132 2528 tum
145 2487 200 2548 per
215 2471 345 2531 nostros
360 2464 406 2530 ihi
420 2472 471 2546 3et
486 2469 573 2550 quod
585 2468 611 2534 si
622 2469 734 2534 volunt
744 2468 835 2533 aliud
851 2465 968 2548 dicere,
984 2465 1093 2550 parati
1110 2472 1187 2532 sunt

73 2592 118 2636 eos
132 2573 249 2639 andire.
267 2572 304 2639 Si
336 2595 411 2640 vero
432 2574 520 2641 eliud
537 2575 646 2642 dicere
676 2574 850 2654 noluerint,
882 2575 1001 2656 dicant,
1019 2571 1105 2656 quod
1121 2572 1186 2655 ipsi

72 2689 192 2762 possunt
216 2683 263 2748 ire
288 2689 321 2750 et
338 2689 427 2750 stare
443 2685 528 2751 siout
543 2687 589 2752 eis
608 2686 725 2770 placet.
742 2685 866 2754 Verum
884 2683 911 2750 si
928 2683 1018 2748 aliud
1034 2682 1187 2779 dixerint,

74 2788 148 2868 quod
175 2789 340 2856 rideretur
370 2792 541 2860 attendere
573 2792 616 2859 ad
631 2794 750 2861 bonum
774 2791 854 2858 facti
870 2792 984 2871 nostri,
998 2791 1128 2856 venient
1143 2790 1186 2854 ad

72 2914 131 3066 pos,
152 2905 268 2962 etcum
295 2919 343 2980 eo,
360 2901 446 2983 quod
462 2900 648 2988 habuerint,
664 2903 784 2970 erimus
796 2900 857 2982 hio,
874 2899 988 2980 etsist,
1004 2900 1086 2966 siout
1101 2898 1187 2964 vide·

92 3003 156 3069 itur.

218 3171 255 3232 (A
270 3171 399 3223 »Secreta
411 3170 525 3225 Consilii
537 3171 790 3239 nugatorum-ool
803 3172 858 3224 Lit.
871 3171 904 3222 A.
919 3172 974 3222 vol.
991 3170 1026 3230 t.)

544 3342 706 3352 -—---—·--

589 3530 663 3591 171.

78 3681 260 3754 neaeman·
285 3689 493 3775 khztdroaoctq
519 3688 675 3753 tonante
700 3688 782 3753 huto
806 3689 837 3752 Ι.
862 3686 962 3772 Lojoa
981 3707 1124 3772 mappas·
1141 3683 1191 3746 ki-

501 3797 642 3898 rctlyhoz.
667 3798 761 3863 1346.

134 3973 138 3981 ·
169 3954 266 4024 Anno
284 3953 543 4042 MCOCXLVI.
563 3955 615 4023 die
625 3952 724 4022 XVI.
734 3952 759 4020 J
761 3953 827 4021 ulii.
845 3955 1005 4040 Capta:
1024 3949 1127 4037 siper
1144 3972 1193 4038 ea,

82 4077 132 4140 qne
155 4065 298 4145 audistis,
315 4065 446 4131 ridetur
463 4064 554 4131 vobis
571 4063 612 4129 de
635 4062 792 4130 mittendo
808 4064 1015 4130 ambaxatam
1033 4061 1076 4128 ad
1092 4059 1192 4126 domi-

81 4187 143 4236 num
157 4169 278 4256 Regem
295 4173 488 4256 Hungarie3
504 4178 538 4238 et
553 4171 738 4255 sioapietnr
749 4170 789 4237 de
800 4171 967 4252 mittendo,
984 4166 1190 4255 postmodnm

83 4278 285 4353 providebitur
303 4278 343 4344 de
358 4300 492 4346 numero
508 4280 769 4361 ambaxatorum,
786 4286 818 4344 et
834 4280 875 4346 de
890 4279 962 4360 hiis,
972 4299 1035 4364 quo
1046 4272 1190 4344 commit·

83 4366 167 4432 tenda
180 4369 383 4453 ridebuntur,
399 4369 483 4437 siout
498 4369 555 4436 isti
573 4368 718 4437 Consilio
736 4369 919 4454 apparebit.
1033 4375 1038 4385 ’

226 4534 260 4592 (Α
276 4533 405 4584 ’Secreta
417 4533 533 4585 consilii
544 4533 804 4598 nogatomme-ooi,
819 4534 867 4582 Lit
880 4535 913 4584 Α.
923 4535 978 4584 vol.
996 4537 1030 4594 1.)
