3220 5262
368 333 431 394 682
716 347 950 392 ursaonsczrar
977 334 1144 392 ennianum

368 509 472 576 edicto
488 506 657 590 imperiali
673 505 887 572 verbanimus.
897 505 1129 588 Decernentes,
1140 507 1228 590 quod
1243 505 1330 572 idern
1345 507 1498 576 Bernaba

367 623 401 684 et
416 616 465 682 sni
482 615 703 696 auxiliatores,
718 615 886 682 adiutores
912 621 945 680 et
969 613 1152 700 complices,
1168 619 1202 680 et
1222 615 1286 681 sibi
1302 616 1499 684 adherentes

366 725 514 810 predicti,
525 727 731 811 quicumque,
742 724 832 792 errius
858 724 960 790 etiarn
984 730 1098 808 status,
1125 725 1258 810 gradus,
1283 726 1430 792 nationis
1445 747 1501 792 seu

367 834 563 902 conditionis
588 833 740 913 existant,
766 837 802 897 vt
825 831 1037 917 premittitur,
1061 830 1212 898 omnibus
1244 832 1360 916 feudis,
1392 855 1456 917 que
1479 857 1500 900 a

368 944 471 1012 Sacro
487 951 599 1010 tenent
623 943 781 1027 Imperio,
797 947 831 1007 et
846 940 997 1008 omnibus
1015 942 1208 1026 priuilegijs,
1225 943 1350 1026 gratiis,
1365 941 1500 1010 liberta·

365 1054 461 1136 tibus,
476 1075 538 1138 qne
554 1059 587 1118 et
604 1073 686 1135 quas
703 1051 745 1118 ab
762 1049 875 1117 eodem
893 1047 1107 1115 obtinuerunt
1121 1047 1275 1134 Imperio,
1299 1071 1339 1114 ex
1364 1053 1499 1118 nuncin

367 1167 467 1226 antea
483 1160 549 1225 sint
558 1159 693 1242 indigni,
703 1157 814 1241 eisquc
830 1162 965 1223 careant
975 1156 1105 1222 omuino
1116 1158 1284 1240 perpetuis
1293 1159 1498 1242 temporibus

366 1265 528 1333 affuturis.
538 1266 636 1332 Hunc
645 1271 795 1350 preterea
804 1271 953 1331 nostram
962 1283 1150 1348 processum
1160 1270 1194 1330 et
1202 1263 1416 1348 Imperialem
1426 1287 1498 1332 sen-

365 1376 504 1442 tentiam
517 1375 552 1440 in
569 1381 678 1442 notam
704 1373 871 1441 dedecoris
888 1371 1046 1457 sepedicti
1061 1372 1267 1439 Bernabonis
1301 1395 1360 1458 per
1384 1397 1497 1442 omnes

366 1485 530 1552 Ciuitates
550 1479 732 1567 Alemanie,
758 1490 791 1549 et
807 1483 889 1549 alias
904 1484 1056 1567 regiones
1073 1479 1240 1547 subiectas
1256 1481 1401 1566 Imperio
1417 1484 1498 1568 pub·

365 1593 461 1660 licari
478 1593 683 1677 precipimus,
702 1598 737 1657 et
762 1591 822 1656 sub
837 1589 1024 1674 Imperialis
1040 1588 1229 1656 Maiestatis
1245 1587 1370 1657 Nostre
1387 1592 1514 1677 sigillov

365 1700 470 1766 ualuis
485 1701 702 1784 palladiorum
718 1701 752 1764 in
768 1697 904 1783 singulis
920 1697 1054 1764 urbibus
1064 1694 1242 1763 Alamanie
1257 1697 1349 1784 affigi
1359 1695 1498 1770 notorie,

365 1814 401 1873 rt
414 1810 449 1874 in
465 1829 581 1892 penam
598 1808 660 1874 sibi
676 1808 719 1872 sit
735 1827 794 1872 sua
809 1809 986 1888 temeritas,
1005 1827 1071 1890 qua
1087 1811 1120 1869 et
1134 1805 1499 1891 imperialiamandata

366 1925 602 2001 contempnere,
618 1923 649 1980 et
664 1937 685 1981 a
701 1913 868 2000 promissis
885 1916 953 1981 suis
976 1915 1127 1980 recedere
1153 1936 1218 1981 non
1235 1919 1386 2000 expauit,
1408 1920 1498 1985 talis·

366 2047 428 2108 que
454 2047 513 2091 sua
537 2024 738 2109 presumptio
763 2029 876 2106 pateat
903 2022 1080 2087 multorum
1106 2023 1231 2105 notit-ie,
1263 2028 1297 2089 et
1327 2027 1497 2092 vexatione

364 2132 615 2216 intelligentiam
641 2131 702 2197 sibi
728 2132 826 2198 dante
851 2130 884 2194 in
910 2131 1084 2213 semetipso
1116 2137 1299 2216 cognoscat,
1325 2155 1423 2218 quam
1455 2136 1496 2200 sit

366 2240 521 2305 decenter
552 2241 731 2323 superioris
761 2238 918 2304 mandato
949 2239 1138 2322 parendum,
1169 2245 1204 2305 et
1236 2241 1354 2324 quibus
1378 2242 1497 2308 debeat

365 2346 551 2431 imperialis
567 2345 738 2413 Celsitudo
754 2346 946 2412 reuerentiis
956 2347 1129 2429 honorari3
1144 2346 1188 2414 ad
1203 2348 1271 2414 alia
1287 2348 1496 2417 nichilomina

366 2455 530 2537 grauiora,
554 2457 582 2521 si
610 2455 689 2522 dicti
714 2455 922 2522 Bernabonis
947 2458 1117 2522 temeritas
1141 2455 1225 2522 illud
1250 2458 1405 2541 exegerit,
1422 2481 1490 2525 sua·

366 2563 462 2630 dente
477 2564 603 2631 institia
618 2566 812 2648 processuri.
828 2564 1032 2630 Presentium
1050 2570 1109 2630 etc.

473 2709 507 2772 (A
524 2711 653 2762 »Summa
676 2711 865 2762 (lancellariae
888 2709 1060 2764 0a1·01i1v.«
1075 2712 1163 2762 ozimd
1186 2711 1351 2774 kdziratbdl,
1365 2729 1383 2764 a
1397 2714 1494 2781 pragai

364 2799 499 2866 kdptalan
510 2799 744 2866 kdnyvtirdban.)

850 2925 1012 2934 -μο-ιι

364 3267 525 3348 Eratis,
545 3270 643 3332 addai
658 3267 770 3332 latoria
788 3289 928 3355 mappas·
943 3269 1073 3357 berczeg
1098 3271 1285 3356 lecinyrinuk
1311 3275 1497 3362 hdzassa'qo

462 3376 571 3460 Futop
587 3378 747 3440 czimzetes
764 3377 1067 3465 konstaatindpolyi
1082 3382 1280 3446 cedszdrrol.
1301 3385 1396 3446 1370.

469 3529 625 3602 Vrbanus
664 3537 847 3621 Episcopus
888 3543 947 3602 etc.
990 3539 1157 3604 carissimo
1197 3541 1232 3604 in
1264 3539 1398 3609 Christo
1428 3544 1496 3612 filio

363 3641 517 3726 Philippo
534 3641 736 3726 Imperatori
753 3641 1128 3729 Constantinopolitano
1140 3653 1172 3712 et
1181 3645 1300 3713 dilecte
1315 3649 1349 3713 in
1360 3647 1495 3718 Christo

362 3750 429 3815 filie
455 3750 556 3816 nobili
581 3743 709 3817 mulieri
740 3749 913 3818 Elizabeth
939 3753 1104 3838 quondam
1131 3752 1294 3838 Stephani
1324 3755 1385 3822 filii
1407 3759 1496 3826 clare

362 3860 517 3924 memorie
532 3855 642 3925 Caroli
659 3859 760 3945 Regis
776 3860 923 3945 Vngarie
948 3868 1035 3944 nate,
1061 3861 1199 3928 salutem
1224 3870 1283 3930 etc.
1309 3865 1385 3932 Etsi
1408 3869 1494 3935 inter

361 3967 444 4050 illos,
461 3969 516 4050 qui
532 3971 681 4051 proxima
691 3969 985 4052 consanguinitatis
994 3969 1081 4036 linea
1091 3972 1227 4038 invicem
1238 3980 1312 4038 sunt
1321 3977 1494 4058 coniuncti,

362 4096 527 4142 sacrorum
544 4095 704 4140 canonum
720 4076 874 4141 instituta
889 4079 1163 4144 matrimonialem
1187 4081 1336 4164 copulam
1360 4085 1494 4150 interdi-

361 4191 455 4266 eant;
472 4181 626 4250 Summus
637 4190 746 4250 tamen
757 4184 911 4250 Pontifex
928 4207 967 4253 ex
977 4188 1178 4270 plenitudine
1194 4194 1379 4275 potestatis,
1395 4214 1493 4276 quam
1599 4225 1606 4233 ·

362 4313 428 4358 non
445 4293 486 4359 ab
502 4293 630 4358 bomine
647 4291 782 4372 obtinet,
798 4292 856 4358 sed
879 4313 900 4358 a
923 4293 1007 4380 Deo,
1022 4316 1254 4382 nonnunquam
1277 4320 1493 4383 personarum

362 4406 395 4464 et
420 4405 602 4483 temporum
627 4399 787 4486 qualitate
811 4407 959 4485 pensata,
982 4403 1124 4486 rigorem
1154 4407 1288 4488 iustitie,
1320 4411 1492 4492 presertim

361 4505 448 4572 circa
464 4527 618 4592 personas
629 4507 783 4591 illustres
798 4511 1045 4577 mansuetudine
1061 4518 1232 4598 temperat,
1249 4521 1282 4582 et
1292 4517 1381 4602 quod
1396 4526 1491 4602 negat
