3214 5260
366 341 431 420 500
716 367 953 420 umacusozrsr
969 323 1137 422 manser.

365 531 488 599 militer
503 538 649 600 tractare
665 539 698 599 ct
711 532 887 617 procedere
912 541 984 600 erat
1001 535 1035 600 in
1051 539 1195 602 tractatu
1219 539 1368 618 paratus,
1384 541 1418 600 et
1434 529 1499 601 alia

365 642 536 727 responsio
553 640 669 708 haberi
685 662 751 706 non
767 643 886 726 potuit.

473 749 581 816 Erant
596 751 682 816 enim
698 749 821 816 domini
838 749 959 818 Veneti
974 751 1009 816 in
1024 773 1145 836 magna
1160 751 1377 836 preplesitatc
1394 753 1501 836 positi,

367 861 445 944 quia
460 855 533 924 finis
549 864 763 942 treuguarum
781 859 936 942 instabat,
952 865 985 924 et
1000 881 1115 943 pacem
1131 877 1197 926 non
1212 861 1389 941 habebant
1405 866 1440 925 et
1455 862 1500 926 in·
1604 889 1605 894 ¹

366 974 418 1034 tar
433 989 489 1034 eos
505 968 614 1052 opinio
631 974 702 1034 erat
728 968 906 1053 divulgata,
925 970 1014 1053 quod
1030 968 1284 1038 Ambaxiatores
1300 969 1425 1037 domini
1441 969 1502 1034 Re·

367 1075 417 1160 gis
433 1098 499 1143 non
515 1078 678 1143 venissent
694 1097 793 1144 causa
808 1077 961 1144 firmandi
971 1099 1094 1163 pacem,
1105 1079 1160 1145 sed
1172 1099 1273 1144 causa
1280 1075 1502 1160 investigandi

368 1185 408 1250 de
424 1185 590 1252 voluntate
605 1186 761 1270 ipsorum.
778 1184 825 1251 Et
839 1185 904 1251 hoc
919 1207 958 1250 ex
974 1187 1115 1270 quadam
1134 1185 1399 1270 presupositione
1415 1192 1502 1250 tenc-

367 1291 449 1358 bant
473 1299 608 1378 propter
633 1293 746 1358 modos
772 1300 917 1360 serratos
943 1315 1070 1378 semper
1084 1295 1119 1360 in
1135 1294 1200 1359 isto
1216 1299 1365 1359 tractatu
1381 1292 1503 1374 ubique

368 1422 428 1484 per
450 1407 578 1486 partem
603 1401 805 1467 dominorum
830 1401 1082 1484 Huugarorum3
1104 1403 1255 1486 pluribus
1271 1403 1358 1466 enim
1375 1401 1501 1468 vicibus

369 1516 589 1576 convenerant
604 1515 717 1593 partes
733 1510 775 1575 ad
791 1509 1012 1591 tractandum,
1030 1511 1111 1575 etin
1127 1511 1287 1594 principio
1304 1530 1432 1594 semper
1448 1509 1505 1576 illa
1603 1543 1605 1554 ¹

369 1639 428 1702 per
443 1617 591 1683 dominos
608 1615 786 1698 Hungaros
802 1617 1008 1700 petebantur,
1025 1636 1088 1698 que
1104 1616 1252 1682 sciebant
1268 1615 1333 1681 sibi
1348 1637 1416 1680 non
1433 1637 1505 1682 con·

370 1724 451 1809 cedi,
476 1730 509 1790 et
534 1745 597 1808 quc
622 1722 755 1790 fuerant
770 1743 898 1806 semper
914 1722 1098 1804 denegata3
1114 1728 1147 1787 at
1160 1722 1239 1787 licet
1253 1723 1288 1789 in
1303 1722 1503 1789 tractatibus

371 1834 451 1919 ipsis
476 1834 665 1898 descensum
689 1830 790 1897 fuerit
815 1831 858 1896 ad
883 1831 1040 1898 articulos
1066 1837 1100 1896 et
1115 1831 1249 1914 species,
1264 1831 1292 1896 si
1307 1832 1341 1895 in
1357 1852 1424 1898 uno
1440 1836 1504 1897 tra

371 1947 462 2008 ctatn
478 1945 615 2024 propter
631 1945 737 2005 certas
762 1938 970 2004 differencias
994 1959 1060 2004 non
1076 1937 1319 2020 conveniebant,
1336 1944 1370 2003 et
1385 1944 1505 2004 tracta-

372 2057 426 2116 tus
442 2051 513 2132 ipse
530 2045 783 2115 continuabatur
800 2069 898 2132 super
914 2045 1118 2127 differenciis,
1134 2047 1200 2130 ipsi
1213 2046 1337 2112 domini
1353 2046 1504 2132 Hungari

371 2159 405 2223 in
421 2158 582 2241 principio
608 2161 769 2222 tractatus
796 2177 860 2222 non
876 2177 911 2222 sc
927 2157 1091 2239 ponebant
1106 2154 1151 2220 ad
1167 2154 1431 2220 concordandum
1448 2154 1504 2221 dis·

373 2265 539 2345 ferencias,
558 2265 615 2330 sed
625 2263 782 2348 petebant
799 2283 820 2328 a
834 2265 996 2347 principio
1012 2286 1051 2330 ac
1067 2264 1095 2328 si
1111 2284 1144 2328 se
1160 2262 1507 2346 nunquamvidiasent·

372 2377 420 2443 Et
436 2374 483 2440 sic
499 2371 620 2440 domini
646 2372 767 2441 Veneti
791 2370 892 2438 talem
917 2371 1101 2455 opinionem
1117 2371 1276 2437 habentes
1293 2371 1504 2438 crediderunt
1604 2455 1605 2458 Ἴ

373 2505 459 2550 nunc
475 2482 589 2546 ultimo
615 2480 649 2545 in
673 2478 761 2546 facto
787 2480 880 2545 istius
906 2479 1028 2559 cedula,
1044 2481 1127 2544 sicut
1143 2477 1356 2545 crediderunt
1371 2481 1407 2543 in
1423 2479 1505 2558 aliis,
1604 2473 1605 2554 ξ

375 2591 519 2656 dicentes
535 2611 542 2651 ε
559 2589 587 2653 si
612 2586 878 2672 respondebimus
905 2588 947 2652 ad
973 2585 1122 2652 cedulam
1144 2586 1345 2652 articulatim
1361 2593 1505 2654 nostram
1603 2665 1605 2682 λ

374 2697 594 2775 intentionem,
619 2694 682 2778 ipsi
707 2715 820 2779 pacem
835 2714 900 2760 non
915 2694 1102 2775 firmabunt,
1119 2699 1152 2757 et
1167 2692 1243 2757 ideo
1261 2693 1361 2758 aliter
1378 2715 1507 2778 respon·
1604 2715 1605 2720 ¹

259 2867 270 2888 ,
376 2807 452 2872 dere
468 2805 652 2884 noluerunt,
668 2824 767 2886 quam
783 2807 938 2886 utsupra
954 2802 1077 2868 dictum
1094 2807 1151 2868 est.
1166 2799 1219 2866 Da
1237 2820 1301 2882 quo
1314 2823 1381 2868 non
1393 2802 1506 2868 dubito
1604 2867 1605 2876 ,

375 2914 540 2992 dolebunt,
555 2912 619 2976 imo
636 2912 702 2975 iam
718 2910 847 2992 dolent3
863 2912 942 2996 quia
959 2911 986 2974 si
1003 2901 1258 2994 respondissent,
1277 2910 1397 2975 saltem
1413 2931 1508 2994 super
1603 2899 1605 3010 ff

376 3017 621 3106 principalibus,
647 3038 745 3101 super
770 3016 890 3101 quibus
915 3021 964 3082 est
990 3017 1069 3082 satis
1095 3015 1223 3082 modica
1240 3014 1437 3100 differentia,
1453 3025 1507 3083 aut
1603 3011 1605 3014 ’

376 3127 630 3196 Ambaxiatorcs
656 3124 777 3190 domini
802 3122 906 3206 Regis
931 3122 1115 3189 firmassent
1139 3142 1261 3206 pacem,
1276 3130 1336 3188 aut
1351 3130 1507 3208 treuguas
1603 3123 1605 3186 j

377 3239 618 3322 prorogasscnt,
635 3253 803 3315 quousque
828 3239 963 3316 uterque
988 3232 1132 3316 ipsorum
1153 3230 1265 3296 ivisset
1281 3231 1325 3296 ad
1342 3235 1508 3299 consulen-

378 3346 456 3410 dum
472 3350 505 3409 et
523 3340 763 3425 subgerendum
779 3337 909 3406 domino'
925 3341 1010 3423 Regi
1027 3341 1066 3404 de
1082 3359 1171 3424 pace.

485 3429 586 3516 Dicta
602 3449 771 3532 responsio
796 3448 886 3515 sacta
901 3470 960 3532 per
977 3448 1141 3514 dominum
1158 3443 1284 3512 Ducem
1300 3447 1345 3512 ad
1361 3448 1507 3514 cedulam

379 3560 634 3644 suprascriptam
658 3558 723 3624 fuit
747 3560 846 3624 missa
867 3558 961 3624 dictis
977 3556 1279 3637 Ambaxiatoribus,
1295 3558 1352 3640 qui
1368 3564 1463 3624 erant
1476 3557 1509 3620 in

380 3666 584 3747 Oorneglanc
600 3666 705 3749 ipsam
723 3671 940 3750 expectentes,
957 3665 1015 3746 qui
1030 3686 1088 3747 per
1104 3685 1180 3730 suas
1197 3663 1326 3729 litteras
1339 3665 1510 3748 responde·
1603 3665 1605 3684 ⁴

379 3780 465 3855 runt,
477 3774 565 3858 quod
576 3775 703 3858 gratias
713 3772 786 3838 Deo
797 3774 992 3854 referebant,
1013 3773 1101 3856 quod
1117 3771 1206 3838 dicta
1222 3773 1367 3840 evenisse
1383 3774 1510 3856 dignos·
1603 3765 1605 3816 ἕ

380 3885 539 3949 cebantur
549 3882 594 3946 sic
605 3879 672 3966 (ut)
683 3882 745 3965 ipsi
757 3883 990 3965 cogitaverant,
1006 3886 1179 3964 postquam
1190 3880 1231 3945 de
1244 3879 1396 3947 Venetiis
1410 3901 1511 3947 recca·
1603 3925 1605 3956 ρ

381 3997 501 4073 serant,
517 3990 595 4074 quia
610 3989 700 4055 lacta
725 3989 926 4059 Venetorum
943 4012 1008 4055 non
1024 3995 1099 4055 erat
1113 3990 1176 4054 nisi
1193 3988 1341 4053 seduccio
1356 3989 1511 4074 temporis
1604 4003 1605 4008 ’

381 4105 414 4187 et
430 4098 569 4164 delusio
582 4097 760 4163 amborum.
786 4095 865 4162 Ideo
891 4097 981 4162 aliud
1007 4116 1072 4160 non
1088 4095 1333 4180 respondebant
1349 4096 1413 4162 nisi
1428 4095 1515 4182 quod

382 4227 454 4271 cum
470 4205 707 4272 acceleratione
724 4206 788 4270 iter
804 4213 969 4288 arreptum
984 4211 1178 4288 peragentes
1186 4203 1258 4269 Deo
1275 4203 1375 4271 dante
1393 4206 1512 4271 exitum

382 4313 429 4376 rei
446 4309 518 4378 Dec
534 4345 576 4359 -·
593 4351 636 4360 —-
652 4351 696 4362 -—
712 4313 948 4397 permittentes.
976 4315 1022 4378 Et
1047 4312 1107 4377 hec
1131 4312 1298 4396 responsio
1324 4334 1384 4395 per
1410 4315 1513 4380 dictos

383 4415 638 4492 Ambaxiatores,
663 4421 743 4486 data
766 4420 829 4486 fuit
854 4421 906 4486 die
931 4424 1044 4505 quinta
1061 4422 1182 4486 mensis
1200 4420 1327 4505 Aprilis
1342 4420 1376 4485 in
1394 4421 1516 4517 Corne·-
