3254 5260
623 379 716 440 1342.
1208 379 1226 438 5

114 550 239 616 habilius
255 573 288 616 se
305 553 499 637 disponant3
517 556 616 618 ceteri
641 559 760 630 eutem,
787 552 843 633 qni
868 551 911 616 sd
929 551 1051 617 dictum
1069 551 1225 618 festiuum

10 703 12 726 .
113 660 270 723 conuenire
301 661 474 740 noluerint,
504 661 666 725 intrantes
698 662 732 722 in
758 659 883 722 domini
901 660 949 722 sui
967 660 1098 740 gaudie,
1116 660 1224 724 saltim

10 843 12 852 ἦ
114 770 174 829 tum
186 768 375 832 rniuersalis
391 775 424 834 et
440 770 618 834 communis
636 766 838 851 hylariminis
849 765 1033 830 efficiantur
1048 766 1227 848 participes

10 887 12 942 l
113 879 140 935 et
170 881 335 940 consortes.
376 876 417 940 In
447 878 538 940 cuius
568 875 617 940 rei
647 874 867 940 testimonium
899 880 1067 956 presentes
1094 873 1226 937 lioteras

10 1021 14 1090 ,
113 979 211 1044 exinde
231 981 311 1065 fierj,
335 989 368 1047 et
393 983 547 1067 pendenti
573 982 760 1048 Maiestatis
786 979 908 1044 Nostre
940 981 1049 1063 sigillo
1074 981 1226 1045 iussimus

10 1091 12 1168 ζ
113 1089 293 1172 communirj.
306 1090 399 1156 Dete
430 1091 571 1173 Neapoli
588 1111 673 1155 anno
689 1087 824 1152 Domini
841 1085 896 1150 M⁰
914 1085 1016 1153 0000
1034 1087 1156 1152 XLII⁰
1173 1086 1226 1150 die

10 1173 12 1232 ἶ
114 1192 221 1258 XlHI.
249 1191 393 1279 Augusti
420 1197 470 1262 X.
483 1197 669 1262 indictionis
703 1195 894 1278 Regnorum
918 1200 1125 1259 nostroruum
1141 1214 1226 1257 anno
1254 1291 1257 1298 Ι

10 1315 12 1362 t
113 1299 287 1367 ΧΧΧΗΠ
295 1313 312 1367 ⁰.

10 1515 12 1538 Ι
206 1461 240 1521 (A
253 1463 392 1527 ›Registri
406 1463 556 1527 Angioini«
576 1465 606 1514 B.
621 1467 682 1514 325.
701 1479 738 1513 uz.
757 1463 825 1526 sog.
844 1463 960 1514 Roberti
973 1463 1006 1515 Il.
1020 1460 1165 1512 hemmbol
1178 1465 1219 1510 87.

10 1541 12 1634 i
113 1550 170 1614 lcr.;
185 1563 216 1600 ez
228 1553 297 1602 olsnz
311 1552 364 1603 hir.
380 1553 490 1610 Grande
504 1552 694 1604 Areniviobnn
707 1552 893 1616 Nepolyban.)

645 2027 674 2085 2.

10 2273 12 2286 ,
113 2173 296 2244 doelenrzei
312 2181 655 2267 rornrunyrooocsnok
680 2185 886 2260 hotdrozotu,
917 2180 1063 2266 rrclylyel
1080 2181 1225 2265 Frange·

112 2291 173 2370 prio
187 2289 358 2372 Doymnak
375 2289 566 2376 clhulosztjc
583 2315 604 2354 a
621 2295 774 2354 ozrtrndro
800 2290 931 2353 krrrrzeu
947 2287 1149 2374 orepjelenc'ri
1168 2288 1226 2350 ho·

524 2401 689 2482 tdrnupot.
703 2397 797 2462 1342.

10 2639 12 2646 ‚
208 2568 301 2636 Anno
340 2573 476 2638 Domini
514 2569 757 2638 MOGCXLIL
804 2571 857 2638 die
897 2571 1001 2637 XIX.
1019 2570 1223 2638 Novembris.

114 2673 258 2759 Capta:
289 2677 385 2762 Quod
416 2679 656 2761 respondeatur
689 2677 811 2745 Comiti
843 2678 973 2763 Duymo
999 2685 1033 2744 e't
1057 2679 1223 2763 Episcopo

113 2782 207 2866 Vegle
221 2784 345 2852 Nunnio
360 2807 429 2867 suc,
445 2786 532 2868 quod
562 2786 732 2852 molestum
764 2794 797 2852 el
829 2807 925 2868 grave
949 2785 1107 2852 hebemus
1124 2807 1225 2868 quan-

112 2895 172 2956 tum
187 2915 349 2976 possumus
365 2902 399 2958 et
414 2893 569 2960 debemus
585 2895 625 2960 de
642 2917 690 2978 ec,
713 2895 801 2978 quod
833 2917 899 2960 non
917 2895 1005 2960 venit
1021 2893 1064 2958 ad
1079 2900 1224 2958 nostram

112 3001 294 3079 presentium
325 3002 370 3068 ed
392 3001 578 3068 faciendum
611 3004 829 3070 iuramentum
854 3003 1031 3085 fidelitatis,
1056 3022 1156 3084 quom
1181 3008 1226 3067 to·

112 3115 199 3172 netur
225 3109 329 3176 lucere
360 3132 418 3194 per
447 3109 585 3176 formam
617 3111 844 3194 concessionis,
877 3113 961 3176 sicut
992 3109 1143 3175 iecerunt
1174 3111 1226 3174 sni

111 3213 349 3299 predecessores,
381 3239 463 3300 quos
495 3239 622 3301 semper
663 3221 842 3285 invenimus
883 3218 1015 3284 devotos
1056 3223 1090 3282 et
1120 3216 1229 3282 obedi·

111 3327 191 3386 entes
219 3331 326 3390 nostro
342 3324 517 3404 Dominio,
549 3331 583 3390 et
612 3345 723 3390 amore
748 3345 879 3389 suorum
914 3323 1180 3408 predecessorum
1195 3330 1230 3390 et

112 3447 162 3491 suo
176 3429 389 3514 elongavimus
407 3432 437 3496 ei
453 3433 644 3512 terminum,
662 3437 695 3496 et
720 3431 821 3498 nichil
851 3431 983 3514 profuit,
1000 3452 1064 3496 nou
1081 3431 1226 3496 curando

112 3537 216 3618 ronne,
230 3545 262 3602 et
277 3539 323 3602 sic
348 3560 515 3622 possemus
546 3539 637 3603 licite
654 3544 687 3602 et
711 3540 796 3604 iuste
813 3541 929 3622 exequi
945 3539 1082 3604 formem
1098 3559 1227 3604 conces-

116 3643 210 3725 sionis,
225 3645 332 3711 dando
349 3643 549 3712 Comitatum
567 3646 635 3728 ulii,
651 3647 735 3712 sicut
751 3645 831 3710 dicit
847 3648 1032 3728 concessio;
1049 3653 1082 3711 et
1097 3645 1227 3710 voleba-

113 3771 172 3816 mus
187 3751 219 3816 id
234 3752 340 3818 fucere
357 3758 391 3818 et
407 3757 524 3837 exequi
541 3775 600 3837 pro
616 3754 740 3818 honore
757 3761 869 3818 nostro
886 3761 921 3819 et
935 3755 1073 3820 iusticie.
1092 3751 1158 3818 Sed
1175 3774 1226 3817 ve-

114 3859 153 3922 nit
166 3859 265 3926 dictus
280 3861 466 3945 Episcopus
483 3883 543 3944 pro
568 3867 662 3944 perte
688 3882 757 3938 suo,
777 3883 835 3945 per
852 3882 947 3943 quem
964 3861 1161 3944 supplicavit
1177 3861 1221 3922 in-

113 3971 222 4033 stanter
245 3977 424 4036 terminum
456 3971 628 4054 ellongari,
654 3974 848 4056 promittens
868 3975 1000 4038 omnino
1016 3973 1126 4039 venire
1144 3973 1228 4038 sicut

111 4077 238 4158 tenetur3
255 4087 392 4162 propter
410 4079 498 4162 quod
530 4079 676 4146 videntes
712 4081 909 4147 oblationem
934 4103 1025 4146 suem
1040 4082 1086 4146 sio
1102 4082 1144 4146 ed
1160 4082 1228 4164 ple-

111 4201 183 4264 num,
197 4191 229 4249 et
244 4193 424 4268 sperantum,
449 4187 538 4270 quod
563 4187 714 4268 servabit,
739 4194 776 4254 ut
792 4189 889 4270 dicit,
914 4188 953 4254 de
968 4187 1080 4271 gratia
1095 4188 1229 4270 speciali

110 4288 325 4374 ellongevimus
343 4294 405 4360 sibi
438 4298 613 4360 terminum
644 4297 897 4380 peremptorium
930 4317 1031 4380 usque
1053 4295 1096 4360 ed
1111 4293 1231 4360 festum

112 4392 305 4468 Ascensionis
322 4402 470 4486 proxime
496 4411 668 4470 venturum
694 4403 754 4468 sub
781 4425 865 4490 peno
890 4404 1116 4483 concessionis,
1132 4425 1230 4492 quum
