3220 5262
1427 3 1597 338 d

368 543 530 610 Maiestas
555 551 724 627 tamquam
749 543 831 608 bene
857 542 1016 628 disposita
1042 544 1085 610 ad
1116 543 1273 610 honorem
1307 549 1341 608 et
1376 547 1491 610 statum
1595 509 1597 554 ἦ

370 364 435 431 644
725 371 956 430 nurcouacntar
972 365 1142 430 tundnau.

368 657 525 734 nostrum,
540 673 693 736 expresse
711 651 848 718 dederat
864 652 898 716 in
914 651 1078 718 mandatis
1094 653 1243 718 omnibus
1259 653 1359 718 terris
1369 658 1402 716 et
1420 651 1491 717 locis
1586 713 1591 720 .

369 763 445 848 suia,
470 761 558 846 quod
583 762 668 829 rives
691 768 724 828 et
747 767 945 828 mercatores
962 760 1177 830 Venetiarum
1192 761 1273 827 bene
1289 768 1323 827 et
1338 760 1492 826 favorabi-

368 871 445 936 liter
469 877 711 950 tractarentur3
736 871 777 936 de
804 892 869 954 quo
896 872 1117 952 regratiamur
1149 877 1187 935 nt
1219 870 1399 954 plurimum
1432 867 1491 934 Sue

367 979 548 1064 Maiestati,
572 987 804 1064 cognoscentes
837 1000 897 1063 per
934 977 1085 1046 effectum
1119 980 1238 1047 bonam
1272 987 1304 1045 et
1339 979 1490 1043 sinceram

369 1088 615 1173 dispositionem
639 1109 731 1154 suam
757 1107 837 1173 erga
861 1109 920 1153 nos
946 1095 980 1154 et
1005 1095 1142 1171 nostros,
1158 1088 1280 1154 utendo
1295 1086 1360 1152 biis
1376 1093 1410 1151 et
1424 1086 1492 1152 aliis

368 1197 484 1280 verbis,
510 1217 573 1280 que
598 1195 658 1264 tibi
683 1197 781 1263 utilia
806 1198 1012 1265 videbuntur.
1032 1197 1172 1282 Insuper
1188 1220 1260 1264 cum
1277 1197 1442 1264 Baldesar
1456 1195 1491 1260 de

369 1305 476 1374 Sorba
500 1306 679 1374 Januensis
704 1304 912 1373 Ambaxator
942 1303 1001 1372 Sui
1027 1303 1185 1372 Culminis
1208 1328 1280 1372 cum
1297 1305 1405 1372 verbis
1421 1304 1492 1370 ami·
1595 1329 1597 1338 ⁴

368 1413 528 1482 cubilibus
544 1414 704 1500 acceperit
726 1415 964 1481 excusationem
980 1421 1012 1480 et
1028 1416 1207 1495 emendam,
1223 1417 1252 1481 si
1267 1414 1336 1479 ullo
1351 1419 1488 1498 tempore
1595 1417 1597 1426 ⁴

369 1524 504 1590 dixisset
528 1524 579 1590 vel
604 1524 760 1590 movisset
784 1543 893 1589 coram
909 1530 1022 1590 nostra
1039 1524 1206 1608 presentia
1222 1523 1322 1589 verba
1338 1523 1447 1606 aliqua
1461 1523 1490 1586 in
1595 1553 1597 1568 =

369 1634 481 1716 aliquo
498 1639 574 1698 actu
589 1652 653 1698 non
669 1631 760 1697 licito
776 1653 835 1697 nec
850 1632 996 1712 honesto,
1013 1630 1132 1713 dicens,
1142 1632 1248 1715 ipsam
1258 1631 1487 1697 excusationem

369 1748 480 1826 petere
506 1741 546 1806 de
569 1740 725 1806 mandato
741 1741 843 1824 ipsius
859 1739 983 1805 domini
999 1738 1118 1824 Regis;
1139 1740 1238 1806 etiam
1256 1739 1296 1804 de
1312 1739 1376 1806 hoc
1390 1759 1490 1823 regra-

369 1852 493 1918 tiarum
519 1846 585 1916 Sue
610 1849 781 1914 Maiestati
800 1855 960 1933 quantum
975 1849 1049 1934 plus
1064 1869 1245 1934 possumus,
1260 1855 1491 1932 cogrroscentes,

370 1959 434 2024 ista
458 1957 634 2044 procedere
659 1979 680 2022 a
705 1957 882 2024 iustissimo
907 1957 1062 2042 Principe
1090 1959 1247 2042 diligente
1277 1958 1431 2024 honorem
1460 1963 1488 2020 et
1595 1993 1597 2022 r

370 2074 492 2133 statum
518 2072 673 2132 nostrum.
698 2063 946 2149 Subsequenter
970 2087 1117 2150 expones,
1137 2065 1224 2152 quod
1257 2063 1488 2132 Ambaxatores

370 2173 509 2258 predicti
534 2175 663 2240 nomine
688 2172 754 2240 Sue
779 2175 883 2258 Regia
908 2175 1098 2242 Maiestatis
1125 2180 1290 2260 petierunt
1313 2197 1334 2240 a
1348 2176 1440 2242 nobis
1453 2174 1488 2239 de
1595 2165 1597 2180 ‘

371 2280 530 2366 possendo
556 2302 685 2349 armare
711 2282 793 2348 duas
818 2283 929 2368 galeas
956 2305 1061 2367 usque
1085 2285 1227 2368 quinque
1242 2285 1277 2349 in
1293 2283 1438 2352 Venetiis
1451 2282 1488 2347 ad

371 2411 446 2456 suas
472 2410 630 2474 expensas
651 2411 710 2475 per
727 2413 783 2456 sex
799 2413 934 2471 menses,
950 2391 1104 2474 dicentes,
1121 2413 1192 2458 csse
1208 2393 1417 2458 intentionem
1431 2389 1487 2456 Sue

370 2499 574 2566 Excellentie
599 2498 639 2563 de
666 2499 773 2565 eundo
798 2499 1017 2583 personaliter
1041 2521 1114 2566 cum
1139 2519 1256 2584 magno
1281 2499 1423 2564 exercitu
1438 2516 1488 2580 per

371 2611 498 2673 terram
524 2614 559 2673 et
583 2629 642 2691 per
666 2628 757 2673 mare
783 2607 816 2672 iu
843 2606 1022 2674 subsidium
1046 2605 1182 2691 Imperii
1207 2607 1370 2672 Romanis
1385 2613 1488 2672 contra

371 2715 530 2798 Turchos,
555 2723 589 2780 et
614 2715 702 2800 quod
728 2715 816 2781 istud
843 2721 915 2781 erat
941 2715 982 2780 de
1008 2715 1219 2798 requisitione
1244 2721 1278 2780 ot
1293 2714 1486 2798 beneplacito
1594 2713 1596 2798 f

370 2823 492 2892 domini
503 2823 719 2908 Imperatoris
730 2820 1042 2907 Constantinopolis
1053 2821 1192 2908 Insuper
1207 2823 1358 2890 dixerunt
1377 2822 1488 2888 Amba·
1594 2889 1596 2918 ι

370 2941 500 2999 satores
517 2933 566 2997 sui
581 2932 731 3016 predicti,
748 2932 837 3016 quod
851 2932 988 2997 intentio
1007 2931 1132 2998 domini
1146 2930 1249 3018 Regis
1263 2933 1410 3018 predicti,
1425 2953 1487 2998 eua-
1594 2919 1596 2990 i

370 3043 496 3108 minata
519 3041 702 3119 conditione
729 3040 999 3123 Christianitatis,
1020 3041 1109 3106 nullo
1128 3042 1224 3107 modo
1241 3047 1314 3107 erat
1329 3041 1370 3108 de
1394 3041 1489 3108 eundo

371 3150 415 3214 ad
444 3155 556 3233 partes
582 3147 676 3234 Syrie
701 3156 733 3215 et
758 3149 885 3233 Egipti,
901 3155 1035 3234 propter
1050 3149 1193 3234 dampna
1208 3149 1359 3231 maxima,
1374 3172 1434 3236 que
1449 3171 1490 3214 se

373 3265 549 3341 querentur
574 3259 636 3322 toti
664 3257 792 3338 mundo,
808 3259 835 3322 si
860 3259 1077 3325 mercationes
1094 3267 1127 3325 et
1141 3259 1330 3325 exercitium
1348 3260 1490 3324 martium
1595 3261 1596 3264 ’

371 3363 526 3433 deberent
549 3366 663 3432 taliter
687 3367 871 3448 devastari;
887 3367 1125 3452 concludentes,
1151 3367 1237 3452 quod
1265 3368 1403 3433 intentio
1433 3366 1491 3434 Sue
1593 3445 1596 3468 ⁴

370 3472 475 3558 Regie
502 3474 690 3542 Maiestatis
714 3482 795 3558 erat,
820 3473 942 3542 habere
960 3476 1065 3542 dictas
1081 3476 1192 3560 galeas
1208 3477 1241 3541 in
1257 3476 1341 3542 mari
1365 3484 1493 3561 paratas

370 3583 413 3650 ad
437 3590 546 3668 partes
563 3584 689 3652 Satalie
713 3590 747 3650 et
762 3585 805 3650 ad
819 3585 970 3650 Buchum
986 3584 1028 3650 ad
1044 3585 1250 3666 turbandum,
1266 3586 1355 3670 quod
1375 3585 1491 3650 Turclri
1593 3599 1596 3646 l

370 3714 436 3757 non
461 3699 593 3776 possent
618 3691 810 3759 descendere
837 3693 875 3758 de
899 3691 1048 3776 partibus
1064 3690 1184 3760 Greoie
1200 3715 1299 3779 supra
1315 3693 1494 3760 Turchiam.
1593 3681 1595 3742 ἕ

374 3799 448 3886 Quo
474 3801 618 3884 capitulo
644 3801 821 3887 intellecto,
845 3802 999 3882 volentes,
1025 3801 1113 3885 quod
1130 3800 1199 3868 Sua
1214 3801 1321 3885 Regia
1340 3802 1496 3868 Maiestas
1594 3857 1595 3892 3

373 3908 461 3976 clare
477 3909 665 3976 decerneret
681 3910 802 3976 bonam
819 3909 1020 3976 voluntatem
1037 3919 1069 3975 et
1084 3911 1330 3995 dispositionem
1346 3917 1496 3990 nostram,
1593 3895 1595 3938 i

374 4018 592 4101 disposuimus
616 4024 649 4083 te
674 4017 717 4084 ad
743 4018 812 4083 eius
838 4020 1036 4102 presentiam
1061 4018 1225 4086 destinare
1249 4019 1292 4086 ad
1316 4019 1496 4086 faciendum

376 4128 437 4192 sibi
462 4133 574 4193 notam
601 4127 789 4211 placibilem
815 4127 1012 4193 oblationem
1038 4135 1192 4211 nostram,
1219 4149 1281 4212 que
1300 4131 1401 4195 estin
1417 4131 1497 4195 hune
1594 4121 1595 4132 ’

370 4236 519 4300 modum:
546 4234 706 4319 videlicet,
731 4237 819 4321 quod
844 4256 902 4320 pro
928 4237 1087 4321 singulari
1107 4259 1226 4321 amore,
1243 4258 1340 4321 quem
1360 4241 1497 4321 gerimus

372 4339 548 4409 Serenitati
574 4342 649 4428 Sue,
675 4366 785 4411 sumus
808 4346 961 4428 contenti,
976 4344 1191 4412 consideratis
1206 4345 1364 4430 predictis
1379 4353 1413 4411 et
1429 4368 1497 4412 san-
1593 4411 1595 4432 ,

375 4455 428 4514 cto
456 4454 625 4534 proposito
650 4476 717 4534 suo,
742 4475 781 4519 ac
807 4453 974 4520 offerimus
999 4451 1065 4521 Sue
1088 4455 1257 4528 Maiestati
1272 4455 1305 4519 in
1320 4454 1409 4520 dicto
1424 4477 1498 4521 casu
1593 4459 1595 4524 ῗ

375 4557 457 4626 duas
484 4565 515 4625 et
542 4565 611 4626 tres
636 4583 739 4644 usque
766 4563 910 4646 quinque
929 4565 1041 4644 galeas
1058 4570 1203 4631 armatas
1218 4564 1365 4631 omnibus
1380 4567 1498 4634 nostris
