3134 5252
747 377 982 423 nmiounczrnr
999 361 1166 424 amanus.

924 669 996 728 208.

434 903 439 910 ι
476 825 583 891 Konta
600 827 719 892 Milatos
735 827 913 892 sodoma
929 827 1088 914 lcdldb'ttje
1108 829 1324 895 Veleaczdbea.
1342 826 1434 893 1347.

499 982 599 1052 Anno
639 982 919 1053 MOOCXLVII.
960 986 1012 1053 die
1044 989 1187 1054 secunda
1218 987 1358 1074 Aprilis.
1389 985 1504 1070 Capta:

394 1088 492 1174 Quod
507 1092 746 1175 respondeatur
760 1091 979 1159 Ambaxatori
990 1091 1129 1161 Comitis
1146 1094 1294 1162 Palatini
1310 1117 1383 1162 cum
1397 1094 1505 1179 pulcris

393 1205 428 1262 et
447 1199 655 1280 generalibus
679 1200 793 1280 verbis,
808 1201 989 1267 recedendo
1007 1202 1047 1268 ab
1062 1203 1264 1285 impetitione
1293 1225 1363 1283 sua,
1378 1209 1410 1268 et
1424 1203 1503 1267 itati-

392 1303 521 1370 ficando
537 1305 658 1372 lactum
683 1314 839 1389 nostrum,
864 1309 949 1374 sicut
973 1308 1137 1376 videbitur
1151 1309 1303 1391 Domino,
1319 1309 1509 1378 Consiliariis

396 1420 428 1480 et
445 1412 627 1497 Capitibus.

563 1559 598 1620 (A
613 1559 739 1614 »Secreta
752 1561 867 1614 Consilii
878 1562 1129 1626 Rogaeomm‹-bol
1141 1563 1196 1613 Iait
1210 1563 1243 1611 A.
1258 1563 1313 1613 vol.
1329 1563 1363 1624 1.)

878 1725 960 1731 —-—
967 1724 1038 1732 ———-·

393 2116 589 2184 Accienczei
611 2121 771 2208 bormdny
787 2124 966 2208 tdmopaty'a
993 2121 1049 2186 VI.
1066 2122 1216 2186 Kelamen
1239 2123 1388 2207 pdpciactl
1405 2121 1506 2185 Ietudo

395 2227 540 2292 domnici
571 2228 701 2292 tonnas
727 2227 859 2308 teresse,
885 2230 965 2314 kopp
990 2251 1030 2292 aa
1051 2229 1164 2292 ottoni
1194 2227 1384 2292 aaronitas
1408 2225 1510 2314 popolo

548 2335 683 2401 tultam
698 2335 963 2421 leedcczmc'apden
982 2335 1255 2401 ra'saeaittcsscnclo.
1276 2338 1371 2401 1347.

503 2491 602 2559 Anno
617 2492 897 2564 MOOOXL'VII.
914 2494 966 2559 die
982 2493 1050 2560 III.
1075 2467 1212 2578 Aprilis.
1236 2495 1431 2578 Exemplum
1444 2515 1511 2576 sup·

397 2602 609 2685 plicationum
634 2604 903 2686 porrigendamm
935 2602 1068 2668 domino
1108 2602 1200 2686 Pape
1239 2606 1370 2668 nomine
1401 2601 1511 2668 domini

395 2707 482 2776 Bani
496 2710 618 2776 Bcsnis
633 2713 804 2777 missarum
820 2709 969 2777 Amadec
988 2709 1128 2776 Notario
1143 2712 1177 2775 in
1194 2711 1296 2776 Curia
1311 2709 1465 2776 Romana.

503 2817 673 2901 Significat
697 2817 878 2885 sanctitati
902 2815 1023 2886 Vestre
1048 2818 1180 2885 humilis
1205 2825 1238 2883 et
1279 2819 1414 2884 devotus
1437 2816 1513 2883 lilius

396 2931 502 2991 vester
519 2923 706 3008 Stephanus
721 2927 835 2992 Banus
851 2923 1037 3006 Bosnensis,
1054 2926 1140 3009 quod
1155 2925 1326 3010 religiosus
1351 2927 1401 2991 rir
1418 2926 1511 2991 frater

396 3033 596 3118 Peregrinus
611 3034 652 3100 de
668 3032 814 3100 Saxonis
829 3032 1003 3100 Generalis
1028 3034 1181 3100 Minister
1207 3031 1343 3099 Ordinis
1358 3033 1512 3100 Minorum

396 3142 430 3207 in
447 3143 559 3210 Bosna
575 3140 730 3211 Vicarius
747 3144 870 3222 devote,
885 3141 1038 3220 fideliter,
1057 3147 1090 3206 et
1106 3141 1268 3208 instanter
1283 3141 1318 3205 in
1334 3140 1445 3207 Bosna
1459 3160 1511 3222 pro

397 3248 460 3315 fide
491 3249 663 3317 Catholica
695 3257 728 3316 et
758 3250 941 3314 animarum
967 3246 1260 3329 salute-laborans,
1286 3269 1409 3338 paucos
1424 3245 1514 3311 habet

396 3365 625 3442 cooperatores
642 3346 820 3424 secundum
830 3356 1028 3440 exigentiam
1038 3362 1071 3422 et
1080 3357 1321 3422 multitudinem
1333 3357 1513 3431 animuum

395 3472 531 3550 propter
548 3467 636 3550 qnod
650 3466 817 3550 negotium
834 3462 910 3530 fidei
926 3485 991 3530 non
1006 3464 1168 3531 modicum
1192 3463 1392 3530 retardatur.
1412 3461 1513 3547 Quare

396 3595 468 3641 cum
484 3573 609 3655 absque
621 3573 815 3640 sanctitatis
825 3572 945 3639 Vestra
955 3573 1064 3656 gratia
1079 3593 1144 3637 non
1154 3574 1258 3655 possit
1271 3571 1388 3638 haberi
1399 3569 1512 3647 modus,

395 3702 454 3765 per
470 3702 565 3764 quem
580 3678 686 3746 dictus
702 3678 858 3747 Vicarius
876 3678 999 3746 habere
1014 3680 1124 3745 valeat
1140 3685 1371 3762 cooperatores
1387 3680 1421 3744 in
1443 3676 1513 3744 fidei

396 3789 545 3855 doctrina
560 3789 684 3871 peritos
700 3795 734 3853 et
759 3786 869 3870 lingue
885 3784 1075 3852 sclavonice
1091 3807 1155 3852 non
1171 3787 1314 3870 ignaros,
1331 3788 1382 3853 vel
1408 3786 1514 3852 saltem

375 3905 376 3912 ’
396 3898 439 3963 ad
456 3895 691 3962 addiscendum
715 3903 826 3978 aptos;
843 3894 1005 3978 supplicat
1019 3895 1106 3960 idem
1131 3893 1253 3974 Banna,
1279 3894 1366 3978 quod
1382 3896 1418 3960 in
1433 3892 1514 3960 obse

396 4005 507 4088 quium
532 4003 677 4089 ejusdem
700 4002 778 4068 fidei
803 3999 993 4068 Orthodoxe
1019 4006 1053 4067 et
1078 4003 1218 4069 salutem
1244 4004 1437 4084 animarum,
1462 4019 1515 4084 que

395 4133 481 4178 nunc
497 4118 574 4177 sunt
590 4116 622 4176 et
636 4109 745 4176 future
761 4109 885 4174 suntin
900 4110 998 4174 terris
1015 4110 1082 4174 suis
1097 4108 1224 4192 prefato
1243 4107 1387 4191 Vicario,
1412 4116 1445 4174 et
1468 4105 1516 4188 qni

395 4239 456 4300 pro
486 4224 632 4302 tempore
656 4217 690 4281 in
715 4213 821 4282 officio
848 4215 911 4280 erit
942 4215 1079 4280 vocandi
1104 4219 1301 4284 anctoritate
1330 4213 1516 4300 Apostolica

396 4320 514 4388 fratres
545 4325 595 4389 sui
635 4331 670 4390 et
706 4325 845 4390 aliorum
883 4322 1140 4407 approbatorum
1180 4325 1350 4407 Ordinum,
1376 4330 1410 4390 et
1435 4339 1516 4390 occu·

396 4428 496 4514 pandi
521 4449 575 4494 eos
598 4431 633 4494 in
659 4430 812 4513 obsequio
838 4435 1027 4510 memorato,
1054 4437 1087 4496 et
1114 4431 1367 4515 inquibuslibet
1391 4432 1434 4497 ad
1464 4431 1516 4494 hoc

397 4537 581 4606 accomodis
597 4538 749 4626 operibus
780 4537 924 4622 pietatis,
940 4537 1119 4606 concedere
1134 4539 1316 4625 dignemini
1326 4537 1516 4616 facultatem,
