3110 5248
343 398 348 410 ,
377 337 442 400 244
730 350 965 418 orruouaczmr
980 339 1148 400 emanans.

484 511 644 597 Capta:
670 510 707 578 Si
728 533 803 578 vero
835 511 984 579 dominus
1015 511 1089 578 Rex
1119 518 1244 596 peteret
1276 512 1491 580 transitumn

376 621 470 687 nobis
488 621 522 686 in
538 618 697 705 Apuliam
714 642 787 687 cum
804 621 908 705 galeis
934 627 967 686 et
994 622 1132 706 navigiis
1148 623 1286 704 nostris;
1311 620 1493 706 respondea-

377 737 440 810 tur,
464 734 502 794 ut
518 729 601 794 alias
617 727 741 794 factum
768 737 827 809 est,
854 727 942 811 quod
967 729 1112 796 conditio
1138 728 1247 813 patrie
1272 734 1385 794 nostre
1401 727 1496 811 exigit,

377 836 464 921 quod
480 843 678 903 mercatores
700 837 802 902 nostri
835 837 976 919 possint¹
994 836 1120 922 absque
1150 837 1336 920 suspicione
1368 834 1491 901 ubilibet

377 943 566 1026 conuersari
594 951 627 1010 ct
657 943 763 1010 faeere
798 942 997 1009 mercantias
1034 965 1127 1024 suas3
1160 943 1247 1008 unde
1278 964 1352 1009 cum
1383 942 1443 1026 ipsi
1469 943 1496 1022 in

376 1051 494 1136 Regno
525 1049 671 1135 Aupulie
702 1072 776 1118 cum
815 1071 926 1118 eorum
969 1051 1060 1118 bonis
1103 1050 1266 1135 copiosius
1309 1056 1443 1116 utantur
1470 1053 1498 1113 et

377 1161 451 1239 sint,
474 1159 692 1242 periculosum
724 1157 820 1225 valde
852 1163 939 1222 essct
969 1157 1026 1239 eis,
1057 1178 1116 1224 nos
1141 1159 1364 1224 intromittere
1391 1157 1425 1221 in
1447 1154 1498 1220 hcc

377 1267 473 1348 factm
499 1272 534 1331 et
558 1287 631 1331 cum
656 1266 720 1330 hiis
747 1271 780 1330 et
795 1264 869 1331 aliis
885 1263 1011 1332 idoneis
1027 1264 1134 1332 verbis
1150 1287 1185 1332 se
1201 1265 1357 1350 elongent
1378 1272 1412 1332 et
1426 1283 1498 1330 rece

378 1373 460 1440 dant
476 1372 519 1439 ad
535 1373 605 1440 hoc.

485 1477 611 1564 Capta:
645 1479 770 1549 Verum
802 1480 830 1547 si
862 1480 1012 1546 dominus
1043 1480 1118 1548 Rex
1148 1480 1282 1565 diceret,
1307 1480 1335 1547 si
1366 1481 1401 1546 in
1424 1499 1498 1560 casu,

380 1609 444 1673 quc
460 1588 530 1672 ipse
546 1588 597 1654 vel
628 1607 710 1673 gens
743 1609 801 1654 sua
833 1587 973 1654 transire
998 1587 1096 1654 vellet
1120 1588 1154 1654 in
1169 1584 1329 1672 Apuliam
1345 1607 1405 1671 per
1419 1607 1495 1653 mare

292 1739 293 1746 κ
380 1695 431 1762 rel
454 1717 513 1781 per
538 1703 669 1777 terram,
693 1703 803 1762 utrum
826 1702 1050 1780 presturemus
1075 1695 1137 1764 sibi
1163 1695 1430 1780 impedimentum
1455 1693 1498 1763 rel

383 1802 608 1885 obstaculum
631 1802 880 1886 respondeatur,
904 1804 991 1887 quod
1020 1810 1194 1888 postquam
1218 1805 1341 1870 erimus
1368 1806 1403 1871 in
1427 1803 1501 1870 bona

379 1931 457 1995 pace
474 1931 591 1996 secum,
614 1912 813 1978 intendimus
838 1910 929 1978 illam
955 1933 1014 1996 pro
1040 1918 1135 1996 parte
1152 1918 1263 1980 nostra
1279 1911 1502 1979 inviolabiliter

379 2019 562 2103 observare,
586 2018 761 2086 dummodo
786 2041 846 2104 pro
872 2025 967 2104 parte
994 2018 1060 2086 Sue
1078 2020 1267 2087 Maiestatis
1288 2022 1385 2088 nobis
1401 2019 1499 2086 simili·

379 2135 430 2193 ter
455 2128 667 2208 observetur,
691 2133 724 2193 et
749 2148 845 2211 super
876 2128 937 2192 hcc
961 2134 1081 2212 puncto
1105 2129 1236 2210 instent,
1267 2135 1444 2214 procurent
1472 2134 1499 2192 et

380 2236 505 2304 iaciant
520 2235 774 2318 Ambaxatores,
798 2244 956 2321 quantum
971 2244 1137 2322 poterunt,
1161 2237 1252 2321 quod
1276 2239 1425 2305 dominus
1437 2236 1500 2303 Rex

380 2349 419 2415 de
451 2351 660 2435 responsione
692 2349 878 2415 huiusmodi
910 2352 951 2414 sit
983 2355 1164 2416 contentus.
1189 2349 1255 2416 Sed
1280 2351 1309 2416 si
1326 2351 1452 2417 omnino
1473 2349 1501 2409 et

378 2456 523 2523 finaliter
542 2458 623 2564 spire
640 2457 739 2523 vellet
764 2457 886 2522 clarius
912 2458 1124 2524 intentionem
1140 2463 1288 2524 nostram
1305 2479 1404 2540 super
1426 2456 1500 2530 hoc3

379 2572 456 2631 tunc
480 2564 708 2649 respondeant,
733 2564 822 2648 quod
847 2566 931 2631 sicut
956 2568 1023 2631 iam
1047 2566 1196 2651 diximus,
1219 2565 1417 2632 intendimus
1444 2581 1501 2647 pro

378 2681 473 2758 parte
503 2681 618 2742 nostra
641 2673 763 2740 habere
789 2677 823 2740 in
848 2696 926 2742 casu
951 2675 1098 2758 quolibet
1129 2696 1202 2741 cum
1233 2676 1414 2742 Maiestate
1431 2669 1500 2737 vSua

379 2781 638 2848 benevolentiam
663 2786 695 2847 et
727 2802 888 2860 amorem3
923 2787 1100 2866 propterea
1133 2780 1282 2865 diximus,
1307 2781 1395 2866 quod
1423 2784 1502 2864 past

379 2911 480 2974 quam
511 2890 630 2956 erimus
661 2891 695 2954 in
727 2889 902 2956 concordia
928 2896 961 2956 ct
985 2911 1095 2956 amore
1121 2911 1240 2974 secum,
1263 2895 1298 2955 et
1313 2890 1395 2955 Eius
1412 2887 1503 2956 Maie-

381 3005 458 3081 stas,
483 2999 567 3064 sicut
598 3003 630 3064 et
662 3019 719 3064 nos
750 2996 859 3064 facere
884 2998 1092 3078 intendimus
1116 2997 1337 3082 perseverabit
1369 2999 1402 3062 in
1431 3013 1502 3079 pace

380 3105 538 3190 predicta,
562 3127 619 3170 nos
647 3126 710 3171 non
736 3106 949 3190 impediemus
974 3128 1032 3172 nos
1056 3107 1090 3170 in
1115 3104 1210 3172 lactis
1227 3104 1360 3186 alienis;
1384 3109 1416 3168 et
1436 3100 1503 3167 ideo

380 3212 582 3279 transeundo
607 3214 730 3299 absque
754 3213 876 3280 lesione
902 3219 1027 3296 nostra,
1049 3215 1181 3299 poterit,
1196 3213 1283 3280 sicut
1298 3211 1440 3290 voluerit,
1459 3207 1503 3274 la·

382 3342 455 3386 cere
470 3319 561 3388 facta
578 3343 645 3388 sua.

491 3429 552 3496 Ser
577 3431 735 3498 Nicolaus
765 3433 876 3498 Leone
894 3429 1130 3498 Consiliarius:
1155 3431 1251 3496 Licet
1270 3428 1497 3514 exquirendum

381 3539 424 3604 sit
440 3561 497 3622 per
514 3559 642 3605 omnem
658 3540 745 3606 viam
771 3546 804 3606 et
828 3540 959 3606 modum
976 3537 1016 3604 de
1041 3539 1177 3605 vivendo
1193 3539 1228 3605 in
1251 3560 1333 3624 pace
1351 3545 1384 3606 et
1398 3537 1494 3621 quiete

381 3668 454 3712 eum
479 3647 635 3726 omnibus
660 3649 799 3713 maxime
834 3669 908 3714 cum
940 3646 1150 3730 Principibus
1176 3646 1308 3725 mundi;
1332 3655 1439 3713 tamen
1465 3642 1496 3706 in

384 3753 529 3838 quolibet
545 3775 622 3819 casu
647 3754 811 3837 agendum
828 3761 878 3821 est
902 3753 946 3835 id,
969 3754 1057 3839 quod
1073 3756 1116 3820 sit
1141 3758 1252 3819 noster
1268 3752 1375 3819 honor
1394 3760 1424 3820 et
1437 3771 1502 3817 con-

383 3863 525 3928 servatio
542 3867 654 3928 nostre
670 3861 905 3930 iurisdictionis
922 3870 956 3929 et
972 3867 1088 3928 status.
1111 3861 1195 3928 Cum
1220 3868 1332 3928 autem
1347 3862 1432 3928 ultra
1445 3877 1502 3924 cm·

384 3971 439 4036 nia
454 3971 559 4036 nostri
575 3970 701 4054 antiqui
729 3977 762 4038 et
777 3994 835 4037 nos
862 3991 990 4055 semper
1015 3990 1071 4036 cor
1088 3977 1120 4036 et
1145 3975 1285 4036 mentem
1302 3969 1499 4037 habuerimus

384 4079 427 4144 ad
443 4078 663 4145 defensionem
680 4086 714 4145 et
731 4080 942 4147 securitatem
967 4078 1089 4164 Oulphi
1115 4079 1229 4159 nostri,
1252 4081 1288 4144 in
1304 4101 1371 4164 quo
1395 4074 1500 4164 pendet

384 4190 491 4250 totum
521 4193 669 4252 nostrum
700 4188 817 4254 bonum
849 4193 882 4253 ct
913 4193 1044 4271 statum,
1068 4193 1101 4253 et
1132 4185 1308 4254 cericedere
1340 4188 1500 4253 transitum

384 4292 460 4357 huic
475 4291 618 4360 Domino
638 4294 684 4359 sic
715 4317 875 4380 expresse,
898 4297 954 4378 qui
982 4316 1054 4360 cum
1071 4300 1166 4360 tanta
1197 4295 1343 4360 nouitate
1374 4292 1500 4360 transire

384 4400 452 4466 vult
467 4421 527 4484 pro
544 4401 740 4485 acquirendo
757 4403 909 4488 Regnum
931 4403 1064 4487 Apulie,
1087 4425 1152 4470 non
1170 4404 1212 4468 sit
1229 4403 1355 4489 absque
1371 4397 1499 4487 periculo

384 4514 417 4572 et
434 4507 647 4591 derogatione
664 4510 894 4577 iurisdictionis
913 4517 1043 4577 nostre:
1067 4512 1156 4578 vadit
1173 4534 1258 4596 pars,
1282 4512 1369 4596 quod
1387 4512 1419 4575 in
1433 4526 1500 4574 casu
