3220 5262
383 363 448 424 634
739 376 955 423 nrruouuzmr
970 363 1140 422 sutrinus.
1543 9 1606 480 1

382 545 473 605 terra
497 539 609 606 Boane
625 537 746 604 turtius
766 536 896 602 sublato
912 535 1122 621 consignatas
1137 538 1262 602 tenoris
1279 535 1514 619 subsequentis,

383 645 604 732 supplicantes
628 643 752 712 Nostra
767 643 939 710 Maiestati
956 643 1124 711 humiliter
1139 651 1172 711 et
1187 644 1315 728 devote,
1331 649 1369 710 vt
1384 643 1513 710 easdem

382 755 423 820 ds
448 753 547 821 verbo
576 754 620 820 ad
643 752 777 819 verbnm
793 753 999 837 presentibus
1014 751 1207 819 transscribi
1223 759 1257 818 et
1271 752 1515 835 transsumpmi,

382 862 657 948 apposicioneque
673 861 750 926 noni
768 859 869 944 sigilli
888 860 992 926 nostri
1009 881 1068 944 pro
1084 860 1206 926 eisdem
1224 859 1352 926 ciuibus
1368 857 1515 943 dignare-

382 995 455 1038 mur
470 971 579 1038 facers
594 968 789 1036 confirmari.
807 966 956 1053 Quarum
970 975 1067 1034 tenor
1082 968 1160 1035 talis
1176 973 1243 1036 est:

488 1079 673 1146 Lodnvicus
697 1077 761 1144 Dei
786 1076 900 1158 gracia
925 1075 998 1142 Rex
1023 1075 1197 1161 Hungarie
1221 1076 1285 1142 stb.
1309 1074 1515 1161 (ltvetlrezilr

380 1189 408 1255 Ι.
431 1187 533 1273 Lajos
558 1185 732 1272 kirolynak
753 1182 889 1250 1344-Βί
906 1184 1075 1270 olrmtnya‚
1090 1185 1174 1250 mint
1189 1181 1322 1251 ientebb
1343 1187 1394 1252 50.
1409 1205 1454 1250 sz.
1470 1185 1516 1271 a.)

488 1296 561 1364 Nos
585 1296 687 1380 igitur
712 1294 805 1361 iustis
823 1300 858 1361 et
872 1293 1043 1378 legittimis
1059 1293 1353 1378 supplicacionibus
1368 1292 1514 1377 prelato·

380 1428 453 1472 rum
479 1403 569 1489 Olph
594 1403 753 1471 Pichman
771 1409 806 1468 et
820 1401 959 1487 Methye
975 1403 1010 1468 in
1026 1403 1092 1469 suis
1108 1409 1142 1469 et
1157 1402 1320 1468 dictorum
1336 1402 1461 1467 ciuium
1475 1400 1514 1466 de

380 1515 520 1582 Colonia
544 1513 694 1598 personis
718 1509 842 1578 antre
867 1511 1037 1578 humiliter
1064 1511 1226 1596 porrectis
1253 1509 1428 1578 Maiestati
1455 1533 1511 1595 per

381 1623 510 1689 eosdem
535 1619 766 1688 fauorabiliter
789 1619 949 1703 inclinati,
973 1625 1164 1704 pretaxatas
1179 1618 1310 1684 litteras
1325 1624 1460 1684 nostras
1476 1619 1513 1684 de

380 1731 480 1797 verbo
504 1729 548 1796 ad
573 1728 707 1796 verbum
735 1728 941 1812 presentibus
956 1726 1147 1794 transscribi
1163 1733 1197 1793 et
1212 1728 1444 1813 transsumpni,
1459 1750 1512 1812 ap-

379 1839 612 1924 posicioneque
637 1835 717 1902 dicti
741 1837 815 1902 novi
834 1835 936 1920 sigilli
952 1837 1058 1903 nostri
1074 1856 1134 1920 pro
1150 1835 1272 1902 eisdem
1288 1835 1426 1902 fecimus
1440 1857 1511 1902 oon-

380 1947 515 2014 firmari.
549 1943 675 2011 Datum
708 1944 804 2010 Bude
838 1943 978 2011 sabbato
1004 1945 1152 2029 proximo
1178 1949 1255 2010 ante
1281 1949 1419 2010 octauss
1442 1942 1513 2008 festi

381 2057 561 2122 Beatorum
577 2052 669 2119 Petri
685 2059 719 2118 et
735 2051 831 2119 Pauli
848 2051 1086 2136 Apostolorum
1104 2072 1190 2120 anno
1199 2051 1333 2119 Domini
1343 2050 1512 2118 millesimo

381 2165 605 2230 trecentesimo
624 2163 826 2248 sexagesimo
844 2162 969 2248 quinto.

489 2309 521 2370 (1.
545 2307 637 2360 bitria
658 2307 846 2373 kirtlyntnalr
871 2308 983 2360 last-ki
996 2307 1167 2375 megerbsltb
1180 2307 1429 2374 privilegiumthbl
1443 2307 1512 2357 Kbln
1605 2357 1606 2388 3

380 2398 462 2449 vairos
475 2397 692 2462 levtlttrtban.)

866 2539 1027 2550 ,ιιι-ις..-

912 2725 987 2786 472.

382 2885 419 2952 V.
433 2887 544 2951 Orbdn
550 2888 645 2972 popa
656 2886 688 2950 es
697 2883 759 2948 IV.
779 2885 906 2972 Kciroly
921 2888 1051 2952 osdazdr
1068 2885 1247 2968 szdndolsc,
1263 2888 1345 2973 bopy
1356 2910 1397 2950 aa
1412 2886 1511 2951 akkor

380 2993 657 3079 (llaszornzdpbcn
667 2991 1059 3081 e'sFrancztaorsznpoan
1069 2993 1219 3059 karczotct
1235 2995 1429 3060 condonari
1443 3019 1506 3058 osu·
1603 2989 1604 2998 ’

417 3102 534 3189 patok,
550 3126 572 3167 a
588 3101 721 3167 curket
737 3101 834 3168 ellani
849 3103 1037 3168 subrubea
1053 3103 1364 3168 bosznoiltassancls.
1382 3103 1476 3169 1365.

486 3261 641 3330 Vrbanus
665 3261 852 3348 Episcopus
878 3266 937 3327 etc.
965 3261 1086 3328 dilecto
1117 3261 1186 3328 filio
1216 3261 1396 3330 Andrnino
1426 3261 1510 3328 tituli
1601 3237 1603 3254 Ι

377 3368 490 3436 Sancti
499 3368 652 3436 Marcelli
668 3368 860 3436 Presbitero
871 3367 1054 3454 (lardinali,
1064 3367 1257 3456 Apostolice
1269 3369 1365 3438 Sedis
1376 3371 1510 3455 Legata,
1601 3363 1603 3432 ἕ

377 3476 516 3544 salutem
542 3482 603 3543 etc.
620 3477 687 3545 Per
703 3477 786 3545 alias
806 3479 935 3545 litteras
952 3484 1007 3545 tue
1024 3479 1308 3565 circumspectioni
1332 3481 1511 3559 scribimus
1598 3495 1603 3536 ¹

377 3585 533 3670 quodnos
549 3591 584 3651 et
599 3586 788 3652 carissimus
804 3589 838 3652 in
855 3583 989 3653 Christo
1006 3584 1092 3653 filius
1107 3594 1219 3655 noster
1236 3586 1376 3655 Carolus
1394 3588 1511 3654 Roma·
1600 3643 1602 3674 ὲ

375 3715 492 3762 norum
515 3694 702 3779 Imperator
735 3693 871 3781 Semper
905 3692 1079 3780 Augustus
1115 3696 1272 3763 adversus
1304 3695 1511 3763 detestabiles
1594 3693 1602 3782 ⁴3

376 3803 546 3871 comitivas
571 3803 777 3870 destruentes
794 3811 901 3870 terras
918 3804 1065 3870 Ecclesia
1083 3811 1116 3870 et
1131 3803 1269 3889 Imperii
1285 3805 1510 3870 Romanomm
1600 3801 1602 3832 ⁷

375 3910 509 3978 lecimus
537 3911 700 3995 unionem,
726 3918 760 3978 et
785 3912 872 3996 quod
897 3919 935 3978 tu
957 3933 1070 3980 omnes
1086 3913 1291 3979 dominantes
1307 3912 1340 3979 in
1356 3913 1456 3979 Italia
1470 3911 1512 3978 ad
1599 3933 1601 3966 ε

378 4020 559 4088 uniendum
586 4041 622 4086 se
646 4027 763 4088 contra
790 4022 959 4088 comitivas
985 4021 1122 4089 easdem
1147 4044 1207 4107 pro
1231 4029 1345 4091 nostra
1361 4031 1394 4088 et
1407 4023 1512 4107 Impe·
1598 3969 1601 4080 l

376 4129 499 4195 ratoris
531 4127 653 4212 prefati
684 4135 779 4214 parte
810 4130 978 4214 requirere
1009 4152 1074 4202 non
1111 4137 1290 4215 postponas
1324 4131 1374 4201 Vt
1405 4137 1510 4197 autem

375 4236 591 4303 intentionem
618 4237 833 4322 Imperatoris
859 4239 1004 4306 eiusdem
1030 4245 1100 4306 tam
1123 4239 1158 4304 in
1181 4239 1343 4306 comitiris
1360 4262 1423 4323 que
1438 4249 1510 4308 sunt

375 4341 410 4407 in
425 4343 541 4426 Regno
557 4344 708 4428 Francis,
725 4367 824 4429 quam
840 4347 873 4412 in
890 4347 999 4426 Italia,
1017 4355 1077 4414 tua
1095 4347 1272 4431 prudentia
1288 4369 1353 4413 uon
1367 4349 1511 4432 ignoret3
1598 4371 1600 4408 ι

377 4469 576 4534 reseramus,
601 4452 689 4536 quod
714 4453 901 4538 Imperator
926 4455 997 4539 ipse
1023 4455 1196 4540 nepotibus
1220 4456 1289 4522 suis
1306 4458 1346 4524 de
1362 4457 1510 4536 Franma

379 4556 531 4625 videlieet
555 4561 723 4628 carissimo
747 4561 780 4628 in
807 4561 939 4630 Christo
956 4563 1024 4632 filio
1040 4570 1152 4634 nostro
1171 4561 1292 4634 Oarolo
1307 4565 1391 4658 Regi
1407 4565 1509 4642 Frao·
1574 4570 1579 4587 '
