<?xml version="1.0" encoding="UTF-8"?>
<!DOCTYPE html PUBLIC "-//W3C//DTD XHTML 1.0 Transitional//EN"
    "http://www.w3.org/TR/xhtml1/DTD/xhtml1-transitional.dtd">
<html xmlns="http://www.w3.org/1999/xhtml" xml:lang="en" lang="en">
 <head>
  <title>
</title>
<meta http-equiv="Content-Type" content="text/html;charset=utf-8" />
  <meta name='ocr-system' content='tesseract 3.04.00' />
  <meta name='ocr-capabilities' content='ocr_page ocr_carea ocr_par ocr_line ocrx_word'/>
</head>
<body>
  <div class='ocr_page' id='page_1' title='image "./magyardiplomacz01wenzgoog_0666.png"; bbox 0 0 3220 5262; ppageno 0'>
   <div class='ocr_carea' id='block_1_1' title="bbox 720 363 1139 436">
    <p class='ocr_par' dir='ltr' id='par_1_1' title="bbox 720 363 1139 436">
     <span class='ocr_line' id='line_1_1' title="bbox 720 363 1139 436; baseline 0 -18"><span class='ocrx_word' id='word_1_1' title='bbox 720 375 953 436; x_wconf 73' lang='lat' dir='ltr'>nienousczrm</span> <span class='ocrx_word' id='word_1_2' title='bbox 972 363 1139 420; x_wconf 62' lang='lat' dir='ltr'>nunnus.</span> 
     </span>
    </p>
   </div>
   <div class='ocr_carea' id='block_1_2' title="bbox 899 667 975 728">
    <p class='ocr_par' dir='ltr' id='par_1_2' title="bbox 899 667 975 728">
     <span class='ocr_line' id='line_1_2' title="bbox 899 667 975 728; baseline 0 0"><span class='ocrx_word' id='word_1_3' title='bbox 899 667 975 728; x_wconf 83' lang='grc'><strong>466.</strong></span> 
     </span>
    </p>
   </div>
   <div class='ocr_carea' id='block_1_3' title="bbox 369 825 1595 914">
    <p class='ocr_par' dir='ltr' id='par_1_3' title="bbox 369 789 1595 914">
     <span class='ocr_line' id='line_1_3' title="bbox 369 825 1595 914; baseline 0 -22"><span class='ocrx_word' id='word_1_4' title='bbox 369 829 400 892; x_wconf 90' lang='lat' dir='ltr'>I.</span> <span class='ocrx_word' id='word_1_5' title='bbox 418 829 521 914; x_wconf 83' lang='lat' dir='ltr'>Lojoa</span> <span class='ocrx_word' id='word_1_6' title='bbox 536 850 677 914; x_wconf 78' lang='lat' dir='ltr'>mapyar</span> <span class='ocrx_word' id='word_1_7' title='bbox 693 826 876 914; x_wconf 74' lang='lat' dir='ltr'>lcirctlynak</span> <span class='ocrx_word' id='word_1_8' title='bbox 892 850 913 892; x_wconf 87' lang='lat' dir='ltr'>a</span> <span class='ocrx_word' id='word_1_9' title='bbox 929 827 1085 892; x_wconf 78' lang='lat' dir='ltr'>veleaczei</span> <span class='ocrx_word' id='word_1_10' title='bbox 1101 827 1384 914; x_wconf 75' lang='lat' dir='ltr'>korntdoytcadca.</span> <span class='ocrx_word' id='word_1_11' title='bbox 1408 832 1502 893; x_wconf 78' lang='lat'><em>1365.</em></span> <span class='ocrx_word' id='word_1_12' title='bbox 1593 825 1595 846; x_wconf 78' lang='lat'>¹</span> 
     </span>
    </p>
   </div>
   <div class='ocr_carea' id='block_1_4' title="bbox 303 985 1595 4670">
    <p class='ocr_par' dir='ltr' id='par_1_4' title="bbox 303 985 1595 4670">
     <span class='ocr_line' id='line_1_4' title="bbox 478 985 1594 1072; baseline 0.002 -18"><span class='ocrx_word' id='word_1_13' title='bbox 478 987 622 1055; x_wconf 91' lang='lat' dir='ltr'>Domino</span> <span class='ocrx_word' id='word_1_14' title='bbox 638 986 723 1072; x_wconf 84' lang='lat' dir='ltr'>Regi</span> <span class='ocrx_word' id='word_1_15' title='bbox 738 985 919 1071; x_wconf 88' lang='lat' dir='ltr'>Hungarie.</span> <span class='ocrx_word' id='word_1_16' title='bbox 1593 1049 1594 1056; x_wconf 74' lang='grc'>,</span> 
     </span>
     <span class='ocr_line' id='line_1_5' title="bbox 479 1093 1595 1182; baseline 0.004 -21"><span class='ocrx_word' id='word_1_17' title='bbox 479 1095 639 1181; x_wconf 83' lang='lat' dir='ltr'>Quamvis</span> <span class='ocrx_word' id='word_1_18' title='bbox 666 1093 893 1163; x_wconf 81' lang='lat' dir='ltr'>Cancellarius</span> <span class='ocrx_word' id='word_1_19' title='bbox 919 1101 1030 1163; x_wconf 89' lang='lat' dir='ltr'>noster</span> <span class='ocrx_word' id='word_1_20' title='bbox 1048 1097 1154 1182; x_wconf 83' lang='lat' dir='ltr'>pridie</span> <span class='ocrx_word' id='word_1_21' title='bbox 1170 1118 1191 1162; x_wconf 92' lang='lat' dir='ltr'>a</span> <span class='ocrx_word' id='word_1_22' title='bbox 1205 1097 1380 1182; x_wconf 82' lang='lat' dir='ltr'>presencia</span> <span class='ocrx_word' id='word_1_23' title='bbox 1395 1105 1505 1165; x_wconf 84' lang='lat' dir='ltr'>vestra</span> <span class='ocrx_word' id='word_1_24' title='bbox 1592 1121 1595 1144; x_wconf 64' lang='lat'><em>³</em></span> 
     </span>
     <span class='ocr_line' id='line_1_6' title="bbox 371 1191 1595 1290; baseline -0.003 -20"><span class='ocrx_word' id='word_1_25' title='bbox 371 1226 519 1271; x_wconf 82' lang='lat' dir='ltr'>reversus</span> <span class='ocrx_word' id='word_1_26' title='bbox 535 1204 640 1270; x_wconf 87' lang='lat' dir='ltr'>multa</span> <span class='ocrx_word' id='word_1_27' title='bbox 666 1205 760 1270; x_wconf 90' lang='lat' dir='ltr'>nobis</span> <span class='ocrx_word' id='word_1_28' title='bbox 786 1205 935 1271; x_wconf 90' lang='lat' dir='ltr'>retulerit</span> <span class='ocrx_word' id='word_1_29' title='bbox 949 1204 990 1272; x_wconf 88' lang='lat' dir='ltr'>de</span> <span class='ocrx_word' id='word_1_30' title='bbox 1006 1227 1126 1290; x_wconf 87' lang='lat' dir='ltr'>magna</span> <span class='ocrx_word' id='word_1_31' title='bbox 1148 1207 1339 1273; x_wconf 78' lang='lat' dir='ltr'>sinceritate</span> <span class='ocrx_word' id='word_1_32' title='bbox 1355 1209 1457 1273; x_wconf 88' lang='lat' dir='ltr'>animi</span> <span class='ocrx_word' id='word_1_33' title='bbox 1472 1215 1505 1273; x_wconf 84' lang='lat' dir='ltr'>ot</span> <span class='ocrx_word' id='word_1_34' title='bbox 1591 1191 1595 1266; x_wconf 70' lang='grc' dir='ltr'>ἶ</span> 
     </span>
     <span class='ocr_line' id='line_1_7' title="bbox 369 1315 1595 1408; baseline 0 -27"><span class='ocrx_word' id='word_1_35' title='bbox 369 1318 494 1401; x_wconf 86' lang='lat' dir='ltr'>optima</span> <span class='ocrx_word' id='word_1_36' title='bbox 509 1316 690 1396; x_wconf 81' lang='lat' dir='ltr'>voluntate,</span> <span class='ocrx_word' id='word_1_37' title='bbox 715 1337 815 1402; x_wconf 88' lang='lat' dir='ltr'>quam</span> <span class='ocrx_word' id='word_1_38' title='bbox 831 1317 865 1382; x_wconf 90' lang='lat' dir='ltr'>in</span> <span class='ocrx_word' id='word_1_39' title='bbox 882 1315 974 1382; x_wconf 81' lang='lat' dir='ltr'>vobis</span> <span class='ocrx_word' id='word_1_40' title='bbox 999 1318 1170 1383; x_wconf 75' lang='lat' dir='ltr'>invenerat</span> <span class='ocrx_word' id='word_1_41' title='bbox 1185 1337 1266 1401; x_wconf 88' lang='lat' dir='ltr'>erga</span> <span class='ocrx_word' id='word_1_42' title='bbox 1282 1338 1360 1398; x_wconf 89' lang='lat' dir='ltr'>nos;</span> <span class='ocrx_word' id='word_1_43' title='bbox 1384 1339 1424 1381; x_wconf 87' lang='lat' dir='ltr'>ex</span> <span class='ocrx_word' id='word_1_44' title='bbox 1441 1337 1505 1401; x_wconf 83' lang='lat' dir='ltr'>quo</span> <span class='ocrx_word' id='word_1_45' title='bbox 1593 1377 1595 1408; x_wconf 86' lang='lat'>:</span> 
     </span>
     <span class='ocr_line' id='line_1_8' title="bbox 369 1423 1595 1510; baseline 0.001 -21"><span class='ocrx_word' id='word_1_46' title='bbox 369 1424 446 1491; x_wconf 85' lang='lat' dir='ltr'>licet</span> <span class='ocrx_word' id='word_1_47' title='bbox 472 1431 570 1491; x_wconf 88' lang='lat' dir='ltr'>antea</span> <span class='ocrx_word' id='word_1_48' title='bbox 596 1426 678 1491; x_wconf 90' lang='lat' dir='ltr'>satis</span> <span class='ocrx_word' id='word_1_49' title='bbox 704 1445 847 1491; x_wconf 82' lang='lat' dir='ltr'>essemus</span> <span class='ocrx_word' id='word_1_50' title='bbox 864 1425 907 1491; x_wconf 91' lang='lat' dir='ltr'>ad</span> <span class='ocrx_word' id='word_1_51' title='bbox 922 1447 1048 1509; x_wconf 89' lang='lat' dir='ltr'>queque</span> <span class='ocrx_word' id='word_1_52' title='bbox 1070 1425 1276 1510; x_wconf 85' lang='lat' dir='ltr'>beneplacita</span> <span class='ocrx_word' id='word_1_53' title='bbox 1294 1423 1430 1508; x_wconf 85' lang='lat' dir='ltr'>Vestra,</span> <span class='ocrx_word' id='word_1_54' title='bbox 1446 1447 1505 1491; x_wconf 90' lang='lat' dir='ltr'>nos</span> <span class='ocrx_word' id='word_1_55' title='bbox 1593 1433 1595 1446; x_wconf 93' lang='lat'>&#39;</span> 
     </span>
     <span class='ocr_line' id='line_1_9' title="bbox 370 1532 1595 1618; baseline 0.002 -21"><span class='ocrx_word' id='word_1_56' title='bbox 370 1532 560 1599; x_wconf 82' lang='lat' dir='ltr'>reddidistis</span> <span class='ocrx_word' id='word_1_57' title='bbox 575 1533 694 1599; x_wconf 91' lang='lat' dir='ltr'>merito</span> <span class='ocrx_word' id='word_1_58' title='bbox 719 1535 960 1618; x_wconf 89' lang='lat' dir='ltr'>prompciores;</span> <span class='ocrx_word' id='word_1_59' title='bbox 983 1535 1069 1600; x_wconf 88' lang='lat' dir='ltr'>hanc</span> <span class='ocrx_word' id='word_1_60' title='bbox 1095 1541 1205 1600; x_wconf 89' lang='lat' dir='ltr'>tamen</span> <span class='ocrx_word' id='word_1_61' title='bbox 1221 1532 1423 1600; x_wconf 86' lang='lat' dir='ltr'>laudabilem</span> <span class='ocrx_word' id='word_1_62' title='bbox 1440 1535 1504 1600; x_wconf 87' lang='lat' dir='ltr'>dis·</span> <span class='ocrx_word' id='word_1_63' title='bbox 1593 1547 1595 1560; x_wconf 82' lang='grc'><em>’</em></span> 
     </span>
     <span class='ocr_line' id='line_1_10' title="bbox 370 1639 1594 1726; baseline 0.002 -20"><span class='ocrx_word' id='word_1_64' title='bbox 370 1643 570 1726; x_wconf 87' lang='lat' dir='ltr'>posicionem</span> <span class='ocrx_word' id='word_1_65' title='bbox 595 1639 752 1708; x_wconf 85' lang='lat' dir='ltr'>Vestram</span> <span class='ocrx_word' id='word_1_66' title='bbox 776 1641 866 1725; x_wconf 91' lang='lat' dir='ltr'>apud</span> <span class='ocrx_word' id='word_1_67' title='bbox 881 1664 940 1708; x_wconf 92' lang='lat' dir='ltr'>nos</span> <span class='ocrx_word' id='word_1_68' title='bbox 956 1641 1153 1709; x_wconf 90' lang='lat' dir='ltr'>mirabiliter</span> <span class='ocrx_word' id='word_1_69' title='bbox 1169 1641 1407 1708; x_wconf 86' lang='lat' dir='ltr'>confirmarunt</span> <span class='ocrx_word' id='word_1_70' title='bbox 1424 1641 1505 1708; x_wconf 82' lang='lat' dir='ltr'>Am·</span> <span class='ocrx_word' id='word_1_71' title='bbox 1593 1669 1594 1674; x_wconf 47' lang='lat'>¹</span> 
     </span>
     <span class='ocr_line' id='line_1_11' title="bbox 370 1749 1503 1835; baseline -0.002 -18"><span class='ocrx_word' id='word_1_72' title='bbox 370 1751 512 1817; x_wconf 84' lang='lat' dir='ltr'>baxator</span> <span class='ocrx_word' id='word_1_73' title='bbox 538 1755 644 1815; x_wconf 73' lang='lat' dir='ltr'>aester</span> <span class='ocrx_word' id='word_1_74' title='bbox 670 1749 816 1832; x_wconf 82' lang='lat' dir='ltr'>proxime</span> <span class='ocrx_word' id='word_1_75' title='bbox 843 1750 886 1815; x_wconf 89' lang='lat' dir='ltr'>ad</span> <span class='ocrx_word' id='word_1_76' title='bbox 911 1773 970 1816; x_wconf 91' lang='lat' dir='ltr'>nos</span> <span class='ocrx_word' id='word_1_77' title='bbox 996 1752 1123 1831; x_wconf 89' lang='lat' dir='ltr'>missus,</span> <span class='ocrx_word' id='word_1_78' title='bbox 1150 1751 1207 1834; x_wconf 91' lang='lat' dir='ltr'>qui</span> <span class='ocrx_word' id='word_1_79' title='bbox 1228 1750 1325 1835; x_wconf 85' lang='lat' dir='ltr'>plura</span> <span class='ocrx_word' id='word_1_80' title='bbox 1341 1753 1446 1816; x_wconf 91' lang='lat' dir='ltr'>eciam</span> <span class='ocrx_word' id='word_1_81' title='bbox 1461 1751 1503 1815; x_wconf 89' lang='lat' dir='ltr'>de</span> 
     </span>
     <span class='ocr_line' id='line_1_12' title="bbox 371 1856 1505 1942; baseline 0 -19"><span class='ocrx_word' id='word_1_82' title='bbox 371 1858 485 1923; x_wconf 89' lang='lat' dir='ltr'>eadem</span> <span class='ocrx_word' id='word_1_83' title='bbox 501 1857 641 1923; x_wconf 88' lang='lat' dir='ltr'>materia</span> <span class='ocrx_word' id='word_1_84' title='bbox 656 1857 753 1922; x_wconf 91' lang='lat' dir='ltr'>nobis</span> <span class='ocrx_word' id='word_1_85' title='bbox 778 1856 869 1941; x_wconf 79' lang='lat' dir='ltr'>dixit,</span> <span class='ocrx_word' id='word_1_86' title='bbox 885 1881 943 1924; x_wconf 90' lang='lat' dir='ltr'>nec</span> <span class='ocrx_word' id='word_1_87' title='bbox 959 1879 1025 1925; x_wconf 91' lang='lat' dir='ltr'>non</span> <span class='ocrx_word' id='word_1_88' title='bbox 1050 1857 1153 1942; x_wconf 86' lang='lat' dir='ltr'>Regio</span> <span class='ocrx_word' id='word_1_89' title='bbox 1172 1856 1294 1925; x_wconf 83' lang='lat' dir='ltr'>Vestra</span> <span class='ocrx_word' id='word_1_90' title='bbox 1310 1860 1422 1924; x_wconf 89' lang='lat' dir='ltr'>littere</span> <span class='ocrx_word' id='word_1_91' title='bbox 1437 1879 1505 1924; x_wconf 88' lang='lat' dir='ltr'>res·</span> 
     </span>
     <span class='ocr_line' id='line_1_13' title="bbox 303 1955 1595 2058; baseline 0.001 -27"><span class='ocrx_word' id='word_1_92' title='bbox 303 1955 308 1962; x_wconf 49' lang='lat'>⁵</span> <span class='ocrx_word' id='word_1_93' title='bbox 371 1965 522 2052; x_wconf 86' lang='lat' dir='ltr'>ponsales</span> <span class='ocrx_word' id='word_1_94' title='bbox 537 1965 645 2049; x_wconf 87' lang='lat' dir='ltr'>pridie</span> <span class='ocrx_word' id='word_1_95' title='bbox 660 1964 754 2030; x_wconf 92' lang='lat' dir='ltr'>nobis</span> <span class='ocrx_word' id='word_1_96' title='bbox 771 1965 865 2031; x_wconf 89' lang='lat' dir='ltr'>misse</span> <span class='ocrx_word' id='word_1_97' title='bbox 881 1987 979 2051; x_wconf 88' lang='lat' dir='ltr'>super</span> <span class='ocrx_word' id='word_1_98' title='bbox 994 1966 1136 2050; x_wconf 88' lang='lat' dir='ltr'>quodam</span> <span class='ocrx_word' id='word_1_99' title='bbox 1155 1967 1263 2033; x_wconf 86' lang='lat' dir='ltr'>banno</span> <span class='ocrx_word' id='word_1_100' title='bbox 1279 1967 1313 2030; x_wconf 92' lang='lat' dir='ltr'>in</span> <span class='ocrx_word' id='word_1_101' title='bbox 1330 1965 1505 2032; x_wconf 84' lang='lat' dir='ltr'>Dalmacia</span> <span class='ocrx_word' id='word_1_102' title='bbox 1593 1979 1595 2058; x_wconf 56' lang='lat' dir='ltr'>ss</span> 
     </span>
     <span class='ocr_line' id='line_1_14' title="bbox 370 2072 1504 2157; baseline 0.003 -20"><span class='ocrx_word' id='word_1_103' title='bbox 370 2073 547 2157; x_wconf 88' lang='lat' dir='ltr'>publicato,</span> <span class='ocrx_word' id='word_1_104' title='bbox 563 2073 759 2153; x_wconf 87' lang='lat' dir='ltr'>continente,</span> <span class='ocrx_word' id='word_1_105' title='bbox 784 2072 873 2157; x_wconf 91' lang='lat' dir='ltr'>quod</span> <span class='ocrx_word' id='word_1_106' title='bbox 898 2074 986 2140; x_wconf 88' lang='lat' dir='ltr'>inter</span> <span class='ocrx_word' id='word_1_107' title='bbox 1010 2074 1036 2141; x_wconf 88' lang='lat' dir='ltr'><strong>J</strong></span> <span class='ocrx_word' id='word_1_108' title='bbox 1037 2096 1197 2140; x_wconf 87' lang='lat' dir='ltr'>anuenses</span> <span class='ocrx_word' id='word_1_109' title='bbox 1214 2081 1246 2139; x_wconf 88' lang='lat' dir='ltr'>et</span> <span class='ocrx_word' id='word_1_110' title='bbox 1262 2095 1322 2140; x_wconf 91' lang='lat' dir='ltr'>nos</span> <span class='ocrx_word' id='word_1_111' title='bbox 1338 2075 1504 2140; x_wconf 87' lang='lat' dir='ltr'>discordia</span> 
     </span>
     <span class='ocr_line' id='line_1_15' title="bbox 371 2179 1595 2270; baseline -0.001 -23"><span class='ocrx_word' id='word_1_112' title='bbox 371 2186 560 2248; x_wconf 76' lang='lat' dir='ltr'>verteretur.</span> <span class='ocrx_word' id='word_1_113' title='bbox 576 2180 616 2245; x_wconf 95' lang='lat' dir='ltr'>In</span> <span class='ocrx_word' id='word_1_114' title='bbox 632 2181 748 2264; x_wconf 89' lang='lat' dir='ltr'>quibus</span> <span class='ocrx_word' id='word_1_115' title='bbox 765 2181 896 2265; x_wconf 91' lang='lat' dir='ltr'>quidem</span> <span class='ocrx_word' id='word_1_116' title='bbox 922 2182 1041 2247; x_wconf 87' lang='lat' dir='ltr'>litteris</span> <span class='ocrx_word' id='word_1_117' title='bbox 1057 2188 1090 2246; x_wconf 91' lang='lat' dir='ltr'>et</span> <span class='ocrx_word' id='word_1_118' title='bbox 1105 2181 1273 2248; x_wconf 85' lang='lat' dir='ltr'>sinistram</span> <span class='ocrx_word' id='word_1_119' title='bbox 1298 2179 1504 2248; x_wconf 89' lang='lat' dir='ltr'>informacio-</span> <span class='ocrx_word' id='word_1_120' title='bbox 1593 2211 1595 2270; x_wconf 24' lang='lat' dir='ltr'>p</span> 
     </span>
     <span class='ocr_line' id='line_1_16' title="bbox 371 2288 1595 2374; baseline -0.001 -18"><span class='ocrx_word' id='word_1_121' title='bbox 371 2311 443 2356; x_wconf 89' lang='lat' dir='ltr'>uem</span> <span class='ocrx_word' id='word_1_122' title='bbox 459 2291 493 2355; x_wconf 93' lang='lat' dir='ltr'>in</span> <span class='ocrx_word' id='word_1_123' title='bbox 509 2289 580 2374; x_wconf 89' lang='lat' dir='ltr'>ipso</span> <span class='ocrx_word' id='word_1_124' title='bbox 595 2290 683 2356; x_wconf 87' lang='lat' dir='ltr'>facto</span> <span class='ocrx_word' id='word_1_125' title='bbox 707 2290 797 2355; x_wconf 81' lang='lat' dir='ltr'>vobis</span> <span class='ocrx_word' id='word_1_126' title='bbox 814 2288 1001 2367; x_wconf 84' lang='lat' dir='ltr'>exhibitam,</span> <span class='ocrx_word' id='word_1_127' title='bbox 1027 2296 1061 2356; x_wconf 90' lang='lat' dir='ltr'>et</span> <span class='ocrx_word' id='word_1_128' title='bbox 1083 2290 1257 2356; x_wconf 90' lang='lat' dir='ltr'>honestum</span> <span class='ocrx_word' id='word_1_129' title='bbox 1282 2289 1379 2356; x_wconf 86' lang='lat' dir='ltr'>finam</span> <span class='ocrx_word' id='word_1_130' title='bbox 1400 2292 1505 2356; x_wconf 89' lang='lat' dir='ltr'>inten-</span> <span class='ocrx_word' id='word_1_131' title='bbox 1593 2339 1595 2344; x_wconf 68' lang='lat'>,</span> 
     </span>
     <span class='ocr_line' id='line_1_17' title="bbox 371 2375 1595 2482; baseline 0.001 -19"><span class='ocrx_word' id='word_1_132' title='bbox 371 2396 473 2464; x_wconf 90' lang='lat' dir='ltr'>cionis</span> <span class='ocrx_word' id='word_1_133' title='bbox 482 2403 603 2479; x_wconf 85' lang='lat' dir='ltr'>nostre,</span> <span class='ocrx_word' id='word_1_134' title='bbox 614 2397 765 2463; x_wconf 84' lang='lat' dir='ltr'>videlicet</span> <span class='ocrx_word' id='word_1_135' title='bbox 775 2404 812 2462; x_wconf 91' lang='lat' dir='ltr'>ut</span> <span class='ocrx_word' id='word_1_136' title='bbox 821 2399 909 2482; x_wconf 90' lang='lat' dir='ltr'>ipsos</span> <span class='ocrx_word' id='word_1_137' title='bbox 920 2404 953 2463; x_wconf 89' lang='lat' dir='ltr'>et</span> <span class='ocrx_word' id='word_1_138' title='bbox 962 2418 1022 2463; x_wconf 87' lang='lat' dir='ltr'>nos</span> <span class='ocrx_word' id='word_1_139' title='bbox 1037 2417 1224 2464; x_wconf 86' lang='lat' dir='ltr'>communes</span> <span class='ocrx_word' id='word_1_140' title='bbox 1240 2397 1361 2464; x_wconf 88' lang='lat' dir='ltr'>amieos</span> <span class='ocrx_word' id='word_1_141' title='bbox 1376 2405 1505 2464; x_wconf 83' lang='lat' dir='ltr'>vestros</span> <span class='ocrx_word' id='word_1_142' title='bbox 1593 2375 1595 2468; x_wconf 67' lang='grc' dir='ltr'>ξ</span> 
     </span>
     <span class='ocr_line' id='line_1_18' title="bbox 371 2503 1504 2592; baseline -0.001 -20"><span class='ocrx_word' id='word_1_143' title='bbox 371 2505 534 2592; x_wconf 88' lang='lat' dir='ltr'>equaliter</span> <span class='ocrx_word' id='word_1_144' title='bbox 559 2506 761 2587; x_wconf 87' lang='lat' dir='ltr'>tractaretis,</span> <span class='ocrx_word' id='word_1_145' title='bbox 788 2511 822 2570; x_wconf 89' lang='lat' dir='ltr'>et</span> <span class='ocrx_word' id='word_1_146' title='bbox 846 2506 879 2570; x_wconf 93' lang='lat' dir='ltr'>in</span> <span class='ocrx_word' id='word_1_147' title='bbox 904 2503 968 2570; x_wconf 87' lang='lat' dir='ltr'>fine</span> <span class='ocrx_word' id='word_1_148' title='bbox 984 2505 1186 2590; x_wconf 83' lang='lat' dir='ltr'>singularem</span> <span class='ocrx_word' id='word_1_149' title='bbox 1200 2511 1342 2573; x_wconf 77' lang='lat' dir='ltr'>uestram</span> <span class='ocrx_word' id='word_1_150' title='bbox 1358 2506 1504 2572; x_wconf 85' lang='lat' dir='ltr'>leticiam</span> 
     </span>
     <span class='ocr_line' id='line_1_19' title="bbox 371 2612 1520 2700; baseline -0.002 -19"><span class='ocrx_word' id='word_1_151' title='bbox 371 2615 412 2681; x_wconf 92' lang='lat' dir='ltr'>de</span> <span class='ocrx_word' id='word_1_152' title='bbox 428 2615 517 2681; x_wconf 89' lang='lat' dir='ltr'>omni</span> <span class='ocrx_word' id='word_1_153' title='bbox 533 2613 618 2681; x_wconf 92' lang='lat' dir='ltr'>bono</span> <span class='ocrx_word' id='word_1_154' title='bbox 643 2619 679 2680; x_wconf 90' lang='lat' dir='ltr'>et</span> <span class='ocrx_word' id='word_1_155' title='bbox 702 2612 837 2700; x_wconf 89' lang='lat' dir='ltr'>pacifico</span> <span class='ocrx_word' id='word_1_156' title='bbox 863 2617 951 2680; x_wconf 87' lang='lat' dir='ltr'>statu</span> <span class='ocrx_word' id='word_1_157' title='bbox 976 2621 1089 2681; x_wconf 91' lang='lat' dir='ltr'>nostro</span> <span class='ocrx_word' id='word_1_158' title='bbox 1105 2614 1195 2680; x_wconf 89' lang='lat' dir='ltr'>stillo</span> <span class='ocrx_word' id='word_1_159' title='bbox 1211 2615 1432 2682; x_wconf 87' lang='lat' dir='ltr'>urbanissimo</span> <span class='ocrx_word' id='word_1_160' title='bbox 1446 2614 1520 2679; x_wconf 91' lang='lat' dir='ltr'>de-&#39;</span> 
     </span>
     <span class='ocr_line' id='line_1_20' title="bbox 371 2719 1595 2808; baseline -0.004 -17"><span class='ocrx_word' id='word_1_161' title='bbox 371 2723 568 2807; x_wconf 89' lang='lat' dir='ltr'>scripsistis;</span> <span class='ocrx_word' id='word_1_162' title='bbox 593 2723 694 2808; x_wconf 86' lang='lat' dir='ltr'>digna</span> <span class='ocrx_word' id='word_1_163' title='bbox 720 2723 852 2806; x_wconf 87' lang='lat' dir='ltr'>quidem</span> <span class='ocrx_word' id='word_1_164' title='bbox 879 2722 940 2788; x_wconf 89' lang='lat' dir='ltr'>tali</span> <span class='ocrx_word' id='word_1_165' title='bbox 963 2721 1057 2807; x_wconf 85' lang='lat' dir='ltr'>Rege</span> <span class='ocrx_word' id='word_1_166' title='bbox 1092 2723 1279 2808; x_wconf 82' lang='lat' dir='ltr'>responsi03</span> <span class='ocrx_word' id='word_1_167' title='bbox 1311 2719 1413 2806; x_wconf 86' lang='lat' dir='ltr'>digna</span> <span class='ocrx_word' id='word_1_168' title='bbox 1438 2744 1502 2806; x_wconf 89' lang='lat' dir='ltr'>que</span> <span class='ocrx_word' id='word_1_169' title='bbox 1594 2779 1595 2786; x_wconf 74' lang='grc'>,</span> 
     </span>
     <span class='ocr_line' id='line_1_21' title="bbox 370 2829 1502 2916; baseline -0.003 -17"><span class='ocrx_word' id='word_1_170' title='bbox 370 2833 493 2902; x_wconf 87' lang='lat' dir='ltr'>talibus</span> <span class='ocrx_word' id='word_1_171' title='bbox 510 2837 628 2899; x_wconf 87' lang='lat' dir='ltr'>ettam</span> <span class='ocrx_word' id='word_1_172' title='bbox 643 2833 767 2899; x_wconf 76' lang='lat' dir='ltr'>devotis</span> <span class='ocrx_word' id='word_1_173' title='bbox 784 2830 898 2898; x_wconf 87' lang='lat' dir='ltr'>amicis</span> <span class='ocrx_word' id='word_1_174' title='bbox 915 2833 1030 2898; x_wconf 80' lang='lat' dir='ltr'>vestris</span> <span class='ocrx_word' id='word_1_175' title='bbox 1046 2831 1162 2898; x_wconf 91' lang='lat' dir='ltr'>merito</span> <span class='ocrx_word' id='word_1_176' title='bbox 1178 2833 1222 2896; x_wconf 90' lang='lat' dir='ltr'>sit</span> <span class='ocrx_word' id='word_1_177' title='bbox 1239 2831 1390 2898; x_wconf 87' lang='lat' dir='ltr'>dirrecta.</span> <span class='ocrx_word' id='word_1_178' title='bbox 1433 2829 1502 2916; x_wconf 80' lang='lat' dir='ltr'>Qui</span> 
     </span>
     <span class='ocr_line' id='line_1_22' title="bbox 372 2937 1595 3024; baseline -0.004 -17"><span class='ocrx_word' id='word_1_179' title='bbox 372 2963 473 3024; x_wconf 88' lang='lat' dir='ltr'>quam</span> <span class='ocrx_word' id='word_1_180' title='bbox 498 2941 667 3007; x_wconf 88' lang='lat' dir='ltr'>uberiores</span> <span class='ocrx_word' id='word_1_181' title='bbox 692 2961 864 3024; x_wconf 89' lang='lat' dir='ltr'>possumus</span> <span class='ocrx_word' id='word_1_182' title='bbox 889 2941 982 3006; x_wconf 76' lang='lat' dir='ltr'>vobis</span> <span class='ocrx_word' id='word_1_183' title='bbox 998 2939 1134 3006; x_wconf 84' lang='lat' dir='ltr'>eximias</span> <span class='ocrx_word' id='word_1_184' title='bbox 1148 2943 1260 3023; x_wconf 86' lang='lat' dir='ltr'>grates</span> <span class='ocrx_word' id='word_1_185' title='bbox 1275 2937 1454 3020; x_wconf 83' lang='lat' dir='ltr'>referimus,</span> <span class='ocrx_word' id='word_1_186' title='bbox 1471 2945 1505 3004; x_wconf 84' lang='lat' dir='ltr'>et</span> <span class='ocrx_word' id='word_1_187' title='bbox 1594 2937 1595 2940; x_wconf 71' lang='grc'>’</span> 
     </span>
     <span class='ocr_line' id='line_1_23' title="bbox 373 3045 1595 3133; baseline 0 -19"><span class='ocrx_word' id='word_1_188' title='bbox 373 3053 430 3133; x_wconf 91' lang='lat' dir='ltr'>qui</span> <span class='ocrx_word' id='word_1_189' title='bbox 455 3055 603 3132; x_wconf 85' lang='lat' dir='ltr'>gerentes</span> <span class='ocrx_word' id='word_1_190' title='bbox 628 3049 663 3113; x_wconf 95' lang='lat' dir='ltr'>in</span> <span class='ocrx_word' id='word_1_191' title='bbox 689 3055 795 3115; x_wconf 88' lang='lat' dir='ltr'>mente</span> <span class='ocrx_word' id='word_1_192' title='bbox 821 3047 973 3114; x_wconf 88' lang='lat' dir='ltr'>similiter</span> <span class='ocrx_word' id='word_1_193' title='bbox 991 3047 1213 3115; x_wconf 84' lang='lat' dir='ltr'>sinceritatem</span> <span class='ocrx_word' id='word_1_194' title='bbox 1230 3047 1329 3112; x_wconf 89' lang='lat' dir='ltr'>animi</span> <span class='ocrx_word' id='word_1_195' title='bbox 1346 3053 1378 3112; x_wconf 91' lang='lat' dir='ltr'>et</span> <span class='ocrx_word' id='word_1_196' title='bbox 1394 3045 1504 3112; x_wconf 88' lang='lat' dir='ltr'>cordis</span> <span class='ocrx_word' id='word_1_197' title='bbox 1593 3107 1595 3114; x_wconf 93' lang='lat'><em>.</em></span> 
     </span>
     <span class='ocr_line' id='line_1_24' title="bbox 372 3152 1505 3239; baseline -0.001 -18"><span class='ocrx_word' id='word_1_198' title='bbox 372 3156 568 3222; x_wconf 85' lang='lat' dir='ltr'>desiderium</span> <span class='ocrx_word' id='word_1_199' title='bbox 582 3176 660 3239; x_wconf 87' lang='lat' dir='ltr'>erga</span> <span class='ocrx_word' id='word_1_200' title='bbox 684 3175 751 3238; x_wconf 85' lang='lat' dir='ltr'>vos,</span> <span class='ocrx_word' id='word_1_201' title='bbox 776 3154 941 3238; x_wconf 89' lang='lat' dir='ltr'>libencius,</span> <span class='ocrx_word' id='word_1_202' title='bbox 957 3159 1041 3220; x_wconf 89' lang='lat' dir='ltr'>teste</span> <span class='ocrx_word' id='word_1_203' title='bbox 1056 3153 1137 3234; x_wconf 92' lang='lat' dir='ltr'>Deo,</span> <span class='ocrx_word' id='word_1_204' title='bbox 1153 3175 1189 3220; x_wconf 89' lang='lat' dir='ltr'>re</span> <span class='ocrx_word' id='word_1_205' title='bbox 1205 3159 1239 3219; x_wconf 90' lang='lat' dir='ltr'>et</span> <span class='ocrx_word' id='word_1_206' title='bbox 1255 3174 1354 3238; x_wconf 89' lang='lat' dir='ltr'>opere</span> <span class='ocrx_word' id='word_1_207' title='bbox 1369 3152 1450 3219; x_wconf 90' lang='lat' dir='ltr'>illud</span> <span class='ocrx_word' id='word_1_208' title='bbox 1469 3156 1505 3220; x_wconf 91' lang='lat' dir='ltr'>in</span> 
     </span>
     <span class='ocr_line' id='line_1_25' title="bbox 371 3259 1595 3358; baseline -0.002 -28"><span class='ocrx_word' id='word_1_209' title='bbox 371 3265 496 3331; x_wconf 88' lang='lat' dir='ltr'>cunctis</span> <span class='ocrx_word' id='word_1_210' title='bbox 521 3265 637 3330; x_wconf 84' lang='lat' dir='ltr'>vestris</span> <span class='ocrx_word' id='word_1_211' title='bbox 653 3263 832 3329; x_wconf 88' lang='lat' dir='ltr'>honoribus</span> <span class='ocrx_word' id='word_1_212' title='bbox 848 3268 1115 3330; x_wconf 87' lang='lat' dir='ltr'>monstraremus.</span> <span class='ocrx_word' id='word_1_213' title='bbox 1132 3259 1240 3347; x_wconf 83' lang='lat' dir='ltr'>Supra</span> <span class='ocrx_word' id='word_1_214' title='bbox 1255 3263 1358 3346; x_wconf 85' lang='lat' dir='ltr'>igitur</span> <span class='ocrx_word' id='word_1_215' title='bbox 1373 3283 1413 3327; x_wconf 86' lang='lat' dir='ltr'>ex</span> <span class='ocrx_word' id='word_1_216' title='bbox 1428 3284 1505 3346; x_wconf 89' lang='lat' dir='ltr'>pre-</span> <span class='ocrx_word' id='word_1_217' title='bbox 1592 3291 1595 3358; x_wconf 69' lang='lat'>;</span> 
     </span>
     <span class='ocr_line' id='line_1_26' title="bbox 371 3369 1595 3456; baseline -0.002 -19"><span class='ocrx_word' id='word_1_218' title='bbox 371 3372 479 3440; x_wconf 90' lang='lat' dir='ltr'>missis</span> <span class='ocrx_word' id='word_1_219' title='bbox 494 3371 625 3453; x_wconf 89' lang='lat' dir='ltr'>fiducia,</span> <span class='ocrx_word' id='word_1_220' title='bbox 648 3378 681 3438; x_wconf 91' lang='lat' dir='ltr'>et</span> <span class='ocrx_word' id='word_1_221' title='bbox 707 3373 841 3456; x_wconf 81' lang='lat' dir='ltr'>experti,</span> <span class='ocrx_word' id='word_1_222' title='bbox 856 3369 943 3455; x_wconf 93' lang='lat' dir='ltr'>quod</span> <span class='ocrx_word' id='word_1_223' title='bbox 958 3370 1118 3436; x_wconf 85' lang='lat' dir='ltr'>hactenus</span> <span class='ocrx_word' id='word_1_224' title='bbox 1134 3369 1225 3436; x_wconf 92' lang='lat' dir='ltr'>nulla</span> <span class='ocrx_word' id='word_1_225' title='bbox 1241 3369 1331 3436; x_wconf 82' lang='lat' dir='ltr'>lacta</span> <span class='ocrx_word' id='word_1_226' title='bbox 1347 3369 1505 3454; x_wconf 88' lang='lat' dir='ltr'>dictaque</span> <span class='ocrx_word' id='word_1_227' title='bbox 1593 3425 1595 3434; x_wconf 21' lang='lat' dir='ltr'>a</span> 
     </span>
     <span class='ocr_line' id='line_1_27' title="bbox 376 3477 1503 3566; baseline -0.004 -18"><span class='ocrx_word' id='word_1_228' title='bbox 376 3489 461 3564; x_wconf 88' lang='lat' dir='ltr'>sunt,</span> <span class='ocrx_word' id='word_1_229' title='bbox 477 3488 510 3547; x_wconf 93' lang='lat' dir='ltr'>et</span> <span class='ocrx_word' id='word_1_230' title='bbox 526 3481 670 3566; x_wconf 91' lang='lat' dir='ltr'>quotidie</span> <span class='ocrx_word' id='word_1_231' title='bbox 686 3479 840 3546; x_wconf 90' lang='lat' dir='ltr'>dicuntur</span> <span class='ocrx_word' id='word_1_232' title='bbox 856 3484 890 3546; x_wconf 88' lang='lat' dir='ltr'>et</span> <span class='ocrx_word' id='word_1_233' title='bbox 904 3479 986 3545; x_wconf 86' lang='lat' dir='ltr'>liunt</span> <span class='ocrx_word' id='word_1_234' title='bbox 1000 3478 1036 3544; x_wconf 91' lang='lat' dir='ltr'>in</span> <span class='ocrx_word' id='word_1_235' title='bbox 1052 3477 1147 3544; x_wconf 90' lang='lat' dir='ltr'>dictis</span> <span class='ocrx_word' id='word_1_236' title='bbox 1163 3477 1313 3561; x_wconf 86' lang='lat' dir='ltr'>partibus</span> <span class='ocrx_word' id='word_1_237' title='bbox 1328 3478 1503 3544; x_wconf 83' lang='lat' dir='ltr'>Dalmacie</span> 
     </span>
     <span class='ocr_line' id='line_1_28' title="bbox 372 3583 1595 3675; baseline -0.007 -19"><span class='ocrx_word' id='word_1_238' title='bbox 372 3611 433 3675; x_wconf 87' lang='lat' dir='ltr'>per</span> <span class='ocrx_word' id='word_1_239' title='bbox 458 3590 616 3674; x_wconf 88' lang='lat' dir='ltr'>quosdam</span> <span class='ocrx_word' id='word_1_240' title='bbox 641 3591 733 3674; x_wconf 90' lang='lat' dir='ltr'>pacis</span> <span class='ocrx_word' id='word_1_241' title='bbox 758 3589 882 3656; x_wconf 90' lang='lat' dir='ltr'>emulos</span> <span class='ocrx_word' id='word_1_242' title='bbox 902 3593 1076 3674; x_wconf 86' lang='lat' dir='ltr'>querentes</span> <span class='ocrx_word' id='word_1_243' title='bbox 1092 3606 1182 3653; x_wconf 90' lang='lat' dir='ltr'>more</span> <span class='ocrx_word' id='word_1_244' title='bbox 1199 3583 1323 3653; x_wconf 86' lang='lat' dir='ltr'>Satane</span> <span class='ocrx_word' id='word_1_245' title='bbox 1339 3588 1504 3653; x_wconf 87' lang='lat' dir='ltr'>seminare</span> <span class='ocrx_word' id='word_1_246' title='bbox 1593 3583 1595 3648; x_wconf 76' lang='grc' dir='ltr'><strong>ἐ</strong></span> 
     </span>
     <span class='ocr_line' id='line_1_29' title="bbox 373 3693 1595 3786; baseline -0.005 -21"><span class='ocrx_word' id='word_1_247' title='bbox 373 3701 540 3780; x_wconf 82' lang='lat' dir='ltr'>zizaniam,</span> <span class='ocrx_word' id='word_1_248' title='bbox 555 3719 617 3782; x_wconf 91' lang='lat' dir='ltr'>que</span> <span class='ocrx_word' id='word_1_249' title='bbox 634 3698 764 3783; x_wconf 88' lang='lat' dir='ltr'>quando</span> <span class='ocrx_word' id='word_1_250' title='bbox 780 3698 814 3763; x_wconf 92' lang='lat' dir='ltr'>in</span> <span class='ocrx_word' id='word_1_251' title='bbox 830 3703 971 3762; x_wconf 82' lang='lat' dir='ltr'>vestram</span> <span class='ocrx_word' id='word_1_252' title='bbox 1000 3695 1155 3762; x_wconf 88' lang='lat' dir='ltr'>noticiam</span> <span class='ocrx_word' id='word_1_253' title='bbox 1182 3702 1258 3761; x_wconf 89' lang='lat' dir='ltr'>sunt</span> <span class='ocrx_word' id='word_1_254' title='bbox 1283 3693 1432 3779; x_wconf 82' lang='lat' dir='ltr'>deducta,</span> <span class='ocrx_word' id='word_1_255' title='bbox 1448 3717 1505 3760; x_wconf 79' lang='lat' dir='ltr'>ro-</span> <span class='ocrx_word' id='word_1_256' title='bbox 1588 3735 1595 3786; x_wconf 79' lang='lat'>¹.</span> 
     </span>
     <span class='ocr_line' id='line_1_30' title="bbox 370 3801 1595 3893; baseline -0.004 -19"><span class='ocrx_word' id='word_1_257' title='bbox 370 3807 422 3874; x_wconf 90' lang='lat' dir='ltr'>bis</span> <span class='ocrx_word' id='word_1_258' title='bbox 441 3807 679 3893; x_wconf 90' lang='lat' dir='ltr'>displicuerunt</span> <span class='ocrx_word' id='word_1_259' title='bbox 704 3813 737 3873; x_wconf 92' lang='lat' dir='ltr'>et</span> <span class='ocrx_word' id='word_1_260' title='bbox 761 3804 938 3891; x_wconf 88' lang='lat' dir='ltr'>displicent</span> <span class='ocrx_word' id='word_1_261' title='bbox 962 3805 1190 3882; x_wconf 60' lang='lat' dir='ltr'>vehementem</span> <span class='ocrx_word' id='word_1_262' title='bbox 1206 3801 1328 3870; x_wconf 88' lang='lat' dir='ltr'>dudum</span> <span class='ocrx_word' id='word_1_263' title='bbox 1343 3805 1377 3868; x_wconf 90' lang='lat' dir='ltr'>in</span> <span class='ocrx_word' id='word_1_264' title='bbox 1393 3806 1505 3870; x_wconf 88' lang='lat' dir='ltr'>animo</span> <span class='ocrx_word' id='word_1_265' title='bbox 1593 3813 1595 3816; x_wconf 82' lang='grc'><strong>’</strong></span> 
     </span>
     <span class='ocr_line' id='line_1_31' title="bbox 369 3911 1595 4010; baseline -0.006 -26"><span class='ocrx_word' id='word_1_266' title='bbox 369 3917 573 4004; x_wconf 89' lang='lat' dir='ltr'>propositum</span> <span class='ocrx_word' id='word_1_267' title='bbox 589 3913 757 3999; x_wconf 88' lang='lat' dir='ltr'>habemus,</span> <span class='ocrx_word' id='word_1_268' title='bbox 773 3915 929 4000; x_wconf 89' lang='lat' dir='ltr'>quociens</span> <span class='ocrx_word' id='word_1_269' title='bbox 944 3912 1078 3997; x_wconf 90' lang='lat' dir='ltr'>aliquod</span> <span class='ocrx_word' id='word_1_270' title='bbox 1087 3911 1316 3997; x_wconf 87' lang='lat' dir='ltr'>persentimus,</span> <span class='ocrx_word' id='word_1_271' title='bbox 1325 3911 1415 3997; x_wconf 90' lang='lat' dir='ltr'>quod</span> <span class='ocrx_word' id='word_1_272' title='bbox 1424 3912 1505 3978; x_wconf 90' lang='lat' dir='ltr'>hinc</span> <span class='ocrx_word' id='word_1_273' title='bbox 1593 3959 1595 4010; x_wconf 74' lang='lat'>3</span> 
     </span>
     <span class='ocr_line' id='line_1_32' title="bbox 369 4019 1595 4111; baseline -0.005 -17"><span class='ocrx_word' id='word_1_274' title='bbox 369 4027 446 4094; x_wconf 90' lang='lat' dir='ltr'>inde</span> <span class='ocrx_word' id='word_1_275' title='bbox 464 4029 576 4111; x_wconf 90' lang='lat' dir='ltr'>posset</span> <span class='ocrx_word' id='word_1_276' title='bbox 592 4023 694 4089; x_wconf 91' lang='lat' dir='ltr'>ullum</span> <span class='ocrx_word' id='word_1_277' title='bbox 719 4043 889 4090; x_wconf 90' lang='lat' dir='ltr'>rancorem</span> <span class='ocrx_word' id='word_1_278' title='bbox 913 4022 1069 4104; x_wconf 91' lang='lat' dir='ltr'>indicare,</span> <span class='ocrx_word' id='word_1_279' title='bbox 1095 4021 1206 4087; x_wconf 87' lang='lat' dir='ltr'>statim</span> <span class='ocrx_word' id='word_1_280' title='bbox 1222 4019 1343 4090; x_wconf 86' lang='lat' dir='ltr'>Vestra</span> <span class='ocrx_word' id='word_1_281' title='bbox 1359 4019 1507 4088; x_wconf 82' lang='lat' dir='ltr'>Celsitu·</span> <span class='ocrx_word' id='word_1_282' title='bbox 1592 4073 1595 4104; x_wconf 74' lang='lat'>,</span> 
     </span>
     <span class='ocr_line' id='line_1_33' title="bbox 370 4131 1505 4218; baseline -0.004 -17"><span class='ocrx_word' id='word_1_283' title='bbox 370 4135 440 4201; x_wconf 88' lang='lat' dir='ltr'>dini</span> <span class='ocrx_word' id='word_1_284' title='bbox 457 4136 623 4216; x_wconf 83' lang='lat' dir='ltr'>denotare,</span> <span class='ocrx_word' id='word_1_285' title='bbox 641 4153 703 4216; x_wconf 90' lang='lat' dir='ltr'>que</span> <span class='ocrx_word' id='word_1_286' title='bbox 720 4154 781 4198; x_wconf 87' lang='lat' dir='ltr'>sua</span> <span class='ocrx_word' id='word_1_287' title='bbox 796 4131 1004 4218; x_wconf 86' lang='lat' dir='ltr'>providencia</span> <span class='ocrx_word' id='word_1_288' title='bbox 1019 4151 1147 4214; x_wconf 90' lang='lat' dir='ltr'>semper</span> <span class='ocrx_word' id='word_1_289' title='bbox 1162 4131 1505 4214; x_wconf 83' lang='lat' dir='ltr'>consuevitapponere</span> 
     </span>
     <span class='ocr_line' id='line_1_34' title="bbox 370 4239 1595 4340; baseline -0.006 -29"><span class='ocrx_word' id='word_1_290' title='bbox 370 4243 546 4311; x_wconf 89' lang='lat' dir='ltr'>remedium</span> <span class='ocrx_word' id='word_1_291' title='bbox 574 4241 728 4308; x_wconf 86' lang='lat' dir='ltr'>salutare.</span> <span class='ocrx_word' id='word_1_292' title='bbox 752 4242 799 4308; x_wconf 85' lang='lat' dir='ltr'>Et</span> <span class='ocrx_word' id='word_1_293' title='bbox 825 4263 928 4328; x_wconf 88' lang='lat' dir='ltr'>quare</span> <span class='ocrx_word' id='word_1_294' title='bbox 953 4241 1172 4307; x_wconf 84' lang='lat' dir='ltr'>intelleximus</span> <span class='ocrx_word' id='word_1_295' title='bbox 1197 4240 1324 4306; x_wconf 80' lang='lat' dir='ltr'>noviter</span> <span class='ocrx_word' id='word_1_296' title='bbox 1346 4240 1382 4304; x_wconf 91' lang='lat' dir='ltr'>in</span> <span class='ocrx_word' id='word_1_297' title='bbox 1404 4239 1507 4304; x_wconf 84' lang='lat' dir='ltr'>dictis</span> <span class='ocrx_word' id='word_1_298' title='bbox 1591 4263 1595 4340; x_wconf 54' lang='lat' dir='ltr'>p</span> 
     </span>
     <span class='ocr_line' id='line_1_35' title="bbox 369 4343 1595 4437; baseline -0.003 -19"><span class='ocrx_word' id='word_1_299' title='bbox 369 4353 519 4437; x_wconf 86' lang='lat' dir='ltr'>partibus</span> <span class='ocrx_word' id='word_1_300' title='bbox 535 4351 707 4417; x_wconf 89' lang='lat' dir='ltr'>Dalmacie</span> <span class='ocrx_word' id='word_1_301' title='bbox 722 4351 971 4435; x_wconf 88' lang='lat' dir='ltr'>proclamatum,</span> <span class='ocrx_word' id='word_1_302' title='bbox 987 4351 1075 4434; x_wconf 91' lang='lat' dir='ltr'>quod</span> <span class='ocrx_word' id='word_1_303' title='bbox 1092 4349 1183 4415; x_wconf 91' lang='lat' dir='ltr'>nulla</span> <span class='ocrx_word' id='word_1_304' title='bbox 1198 4349 1327 4434; x_wconf 85' lang='lat' dir='ltr'>navigia</span> <span class='ocrx_word' id='word_1_305' title='bbox 1343 4371 1416 4414; x_wconf 91' lang='lat' dir='ltr'>cum</span> <span class='ocrx_word' id='word_1_306' title='bbox 1432 4347 1508 4415; x_wconf 87' lang='lat' dir='ltr'>sale</span> <span class='ocrx_word' id='word_1_307' title='bbox 1593 4343 1595 4432; x_wconf 73' lang='grc' dir='ltr'>Ξ</span> 
     </span>
     <span class='ocr_line' id='line_1_36' title="bbox 371 4449 1595 4560; baseline -0.002 -34"><span class='ocrx_word' id='word_1_308' title='bbox 371 4463 494 4526; x_wconf 88' lang='lat' dir='ltr'>intrent</span> <span class='ocrx_word' id='word_1_309' title='bbox 519 4460 647 4543; x_wconf 88' lang='lat' dir='ltr'>aliquos</span> <span class='ocrx_word' id='word_1_310' title='bbox 673 4466 790 4546; x_wconf 89' lang='lat' dir='ltr'>portus</span> <span class='ocrx_word' id='word_1_311' title='bbox 811 4468 938 4526; x_wconf 77' lang='lat' dir='ltr'>vestros</span> <span class='ocrx_word' id='word_1_312' title='bbox 955 4461 1015 4526; x_wconf 89' lang='lat' dir='ltr'>sub</span> <span class='ocrx_word' id='word_1_313' title='bbox 1030 4481 1116 4544; x_wconf 90' lang='lat' dir='ltr'>pena</span> <span class='ocrx_word' id='word_1_314' title='bbox 1131 4457 1272 4524; x_wconf 90' lang='lat' dir='ltr'>incendii</span> <span class='ocrx_word' id='word_1_315' title='bbox 1287 4479 1508 4542; x_wconf 85' lang='lat' dir='ltr'>personarum</span> <span class='ocrx_word' id='word_1_316' title='bbox 1583 4449 1595 4560; x_wconf 53' lang='lat' dir='ltr'>i</span> 
     </span>
     <span class='ocr_line' id='line_1_37' title="bbox 372 4567 1595 4670; baseline -0.002 -32"><span class='ocrx_word' id='word_1_317' title='bbox 372 4576 404 4642; x_wconf 81' lang='lat' dir='ltr'>et</span> <span class='ocrx_word' id='word_1_318' title='bbox 428 4568 640 4670; x_wconf 81' lang='lat' dir='ltr'>navigiorum.</span> <span class='ocrx_word' id='word_1_319' title='bbox 677 4570 750 4656; x_wconf 83' lang='lat' dir='ltr'>Quo</span> <span class='ocrx_word' id='word_1_320' title='bbox 784 4569 917 4653; x_wconf 90' lang='lat' dir='ltr'>quidem</span> <span class='ocrx_word' id='word_1_321' title='bbox 947 4569 1164 4656; x_wconf 88' lang='lat' dir='ltr'>proclamacio</span> <span class='ocrx_word' id='word_1_322' title='bbox 1195 4568 1242 4634; x_wconf 90' lang='lat' dir='ltr'>sic</span> <span class='ocrx_word' id='word_1_323' title='bbox 1271 4567 1511 4636; x_wconf 78' lang='lat' dir='ltr'>universaliter</span> <span class='ocrx_word' id='word_1_324' title='bbox 1593 4575 1595 4580; x_wconf 84' lang='lat'>&#39;</span> 
     </span>
    </p>
   </div>
   <div class='ocr_carea' id='block_1_5' title="bbox 0 0 1617 5262">
    <p class='ocr_par' dir='ltr' id='par_1_5' title="bbox 0 0 1617 5262">
     <span class='ocr_line' id='line_1_38' title="bbox 0 0 1617 5262; baseline 0 0"><span class='ocrx_word' id='word_1_325' title='bbox 0 0 1617 5262; x_wconf 95' lang='lat' dir='ltr'> </span> 
     </span>
    </p>
   </div>
  </div>
 </body>
</html>
