3134 5252
369 349 432 407 200
727 359 963 406 onnonnczmr
987 346 1155 406 antenus.

366 521 478 605 ginali,
503 521 589 605 quod
614 520 789 586 secundnm
814 519 902 602 qnod
928 519 1092 584 notorium
1117 523 1176 600 est,
1201 515 1363 582 Dominus
1379 523 1487 591 noster,

368 629 516 694 dominus
544 625 695 693 Summus
722 625 888 705 Pontifex,
920 623 1133 692 considerans
1164 624 1399 690 immanitatem
1426 631 1490 688 tem

368 737 553 802 detestandi
570 737 705 800 nimium
731 741 763 800 et
790 733 955 816 horrendi,
970 733 1106 812 infandi,
1126 730 1326 815 nefandique
1343 732 1486 814 criminis,

369 867 429 928 per
444 845 534 910 uiros
550 845 744 928 sanguinum
770 849 803 907 et
829 843 958 916 dolosos
986 842 1166 906 iunoscium
1183 841 1374 923 sanguinem
1390 841 1491 906 sitien·

368 959 418 1018 tes
434 952 605 1032 commissi,
621 973 659 1018 ae
676 950 940 1034 proditionaliter
957 949 1144 1033 perpetrati,
1160 950 1194 1013 in
1210 969 1350 1032 persona
1364 947 1492 1030 predicti

370 1061 491 1126 domini
507 1059 610 1143 Regis
626 1059 760 1125 Andree
785 1081 846 1143 per
871 1079 927 1123 eos
949 1057 1099 1141 nequiter
1114 1058 1312 1140 interempti,
1328 1063 1438 1122 contra
1451 1057 1492 1138 ip-

369 1190 423 1234 sos
439 1170 611 1246 occisores,
627 1173 661 1231 et
677 1165 756 1233 dicti
774 1165 907 1232 sceleris
923 1171 1123 1249 patratores,
1133 1165 1316 1248 complices,
1326 1166 1492 1244 consocios,

371 1281 405 1340 et
420 1275 478 1358 qui
494 1274 653 1340 dederunt
670 1272 713 1337 ad
729 1273 763 1338 id
779 1272 945 1352 auxilium,
956 1272 1127 1337 consilium
1143 1277 1176 1336 et
1190 1270 1349 1352 fauorem,
1364 1293 1421 1354 per
1434 1273 1494 1336 edi-

370 1387 458 1448 ctum
482 1381 613 1464 publice
638 1381 851 1464 propositum,
876 1379 1048 1445 nonnullas
1074 1378 1269 1462 spirituales,
1285 1399 1325 1446 ac
1340 1385 1493 1463 tempora·

369 1493 417 1557 les
434 1510 535 1574 penas
551 1489 673 1572 intulit,
687 1510 726 1555 ac
742 1489 842 1555 etiam
858 1489 1031 1571 irroganit.
1048 1488 1090 1554 In
1107 1509 1172 1572 qno
1189 1487 1305 1571 edicto,
1319 1489 1406 1554 inter
1421 1489 1494 1554 alias

372 1599 557 1681 subscripto
573 1598 771 1663 continentie
787 1605 820 1662 et
835 1597 958 1662 tenoris
974 1596 1124 1664 clausula
1139 1598 1348 1663 continentur
1364 1621 1371 1660 :

483 1704 758 1774 »Considerantes
775 1725 913 1790 quoque,
931 1705 1110 1786 quodcum
1127 1704 1208 1771 dicti
1224 1705 1358 1772 sceleris
1369 1705 1495 1772 enormi·

331 1895 334 1902 Ι
371 1814 434 1879 tati
450 1813 512 1892 vix,
528 1805 665 1878 attentis
691 1813 842 1878 omnibns
869 1812 1135 1896 circumstantijs,
1154 1833 1240 1897 pena
1256 1813 1432 1878 condecens
1446 1833 1496 1878 ua

371 1922 439 1987 leat
464 1918 680 2003 respondere,
706 1942 771 1986 non
787 1921 957 2004 indignum
983 1921 1103 2000 existit,
1131 1928 1167 1985 vt
1191 1921 1328 1991 ultionis
1346 1922 1492 1988 seueritas

371 2027 511 2112 amplius
528 2028 731 2109 extendatur,
748 2034 781 2092 et
797 2034 933 2112 propter
949 2029 1175 2096 enormitatem
1196 2028 1379 2111 culparum,
1394 2028 1495 2110 plaga

372 2155 444 2202 rum
460 2133 576 2200 modus
593 2134 756 2216 exuberet,
781 2155 840 2200 nec
864 2136 957 2218 penis
983 2135 1088 2201 solitis
1114 2140 1350 2217 contentemnr,
1367 2135 1409 2200 ad
1422 2132 1496 2200 infli-

372 2243 495 2326 gendas
521 2265 622 2327 penas
647 2241 885 2327 infrascriptos
911 2266 992 2328 quas
1018 2243 1059 2309 ob
1084 2244 1247 2310 maleficia
1278 2245 1361 2310 solui
1385 2261 1495 2326 magne

373 2350 458 2417 ratio
474 2352 598 2430 suadet,
624 2341 740 2417 co'ntra
764 2349 991 2418 malefactores
1015 2351 1188 2434 predictos,
1203 2351 1238 2416 in
1254 2353 1377 2416 uirtute
1401 2351 1496 2416 Altis-

373 2458 447 2524 simi
462 2463 659 2540 exurgentes
677 2458 911 2525 deliberatione
928 2480 1000 2524 cnm
1017 2458 1177 2525 fratribus
1193 2459 1314 2525 nostris
1330 2458 1496 2543 prehabito

374 2565 535 2649 diligenti,
560 2586 599 2629 ex
624 2566 767 2651 ipsorum
793 2566 935 2648 consilio,
961 2567 1158 2632 auctoritate
1184 2565 1387 2650 Apostolica,
1410 2572 1442 2631 et
1464 2567 1499 2634 de

374 2672 575 2757 plenitudine
591 2675 777 2756 potestatis,
803 2695 914 2740 omnes
931 2681 964 2740 et
982 2674 1138 2758 singulos,
1158 2676 1377 2758 cuiuscunque
1392 2679 1497 2753 status,

376 2781 556 2866 dignitatis,
571 2782 793 2865 preminentis,
809 2805 913 2864 senua,
929 2783 980 2849 nel
996 2783 1201 2864 conditionis,
1218 2783 1433 2850 ecclesiastice
1450 2781 1496 2848 uel

377 2890 533 2956 secularis
550 2890 700 2973 existant,
716 2892 772 2974 qui
787 2889 1019 2957 interfecerunt
1037 2891 1091 2957 nel
1110 2891 1251 2959 interfici
1268 2893 1496 2959 mandanernnt

376 2995 502 3079 Regem
520 2994 692 3064 Andream
708 3000 900 3083 predictum,
911 2998 966 3065 uel
982 2997 1250 3064 interficientibus
1268 3001 1376 3083 ipsum
1391 2999 1431 3064 ad
1448 3001 1498 3064 boc

377 3103 535 3170 dederunt
560 3105 700 3171 scienter
725 3106 892 3188 auxilium,
916 3106 969 3171 uel
992 3104 1149 3186 fauorem,
1169 3112 1228 3171 aut
1243 3106 1491 3172 interfectionem

377 3211 563 3278 huiusmodi
581 3234 690 3279 eorum
707 3214 836 3280 nomine
860 3212 991 3294 factam,
1005 3217 1114 3279 ratem
1131 3213 1327 3294 habuerunt,
1343 3215 1395 3280 nel
1410 3216 1498 3280 inter·

376 3317 534 3384 lectorum
560 3319 747 3386 eorumdem
772 3321 806 3386 in
830 3321 903 3404 ipsa
928 3317 1152 3386 interlectione
1178 3319 1257 3385 socii
1284 3325 1319 3385 et
1338 3321 1498 3404 complices

376 3426 563 3508 extiterunt,
577 3434 735 3512 tanquam
760 3428 845 3495 same
865 3451 921 3495 sue
938 3428 1082 3512 perditos
1098 3427 1232 3494 infamio
1258 3437 1415 3514 perpetue
1430 3435 1497 3494 nota

377 3535 601 3618 dampnamus,
627 3527 776 3603 omnibns
800 3536 955 3620 legitimis
980 3536 1107 3602 actibus
1122 3538 1292 3619 priuantes
1316 3537 1450 3616 eosdem,
1464 3556 1497 3601 ac
1562 3539 1563 3542 ’

377 3641 599 3724 decernentes,
617 3643 703 3724 qnod
721 3644 787 3708 sint
803 3665 934 3726 prorsus
959 3644 1172 3723 intestabiles
1189 3651 1221 3707 et
1237 3664 1296 3710 uec
1311 3644 1454 3710 testandi
1467 3643 1498 3708 li-

375 3750 487 3816 beram
513 3749 658 3816 habeant
683 3750 866 3832 lectionem,
891 3772 950 3817 uec
975 3774 1014 3816 ex
1038 3757 1236 3817 testamento
1268 3773 1325 3818 seu
1352 3754 1498 3818 intestata

377 3856 559 3936 succedere,
574 3857 628 3922 nel
644 3858 770 3941 aliquid
787 3879 826 3924 ex
844 3859 1025 3942 cuiuspiam
1042 3862 1246 3926 successione
1269 3860 1437 3944 percipere
1451 3877 1498 3924 ua·

375 3965 473 4046 leant,
489 3987 548 4032 nec
563 3965 605 4029 ad
621 3964 823 4032 reddendum
839 3969 1063 4035 testimenium
1075 3968 1299 4048 admittantu1·;
1316 3969 1376 4035 sed
1392 3969 1497 4034 dentm

376 4077 494 4138 cuncta
509 4094 622 4138 eorum
644 4073 777 4162 edificia
792 4074 825 4138 in
842 4095 988 4158 ruynam,
1007 4098 1065 4142 nec
1082 4077 1126 4142 sit
1141 4074 1197 4159 qui
1215 4076 1342 4142 habitet
1358 4098 1406 4158 ea,
1420 4077 1492 4140 ete

376 4183 534 4264 perpetue
549 4180 682 4246 infamis
698 4182 846 4248 notitiam
862 4189 1021 4266 perpetua
1035 4203 1140 4266 ruyna
1156 4188 1306 4264 testetur,
1335 4183 1424 4249 nullo
1447 4201 1496 4246 m·

379 4307 476 4369 quam
501 4294 648 4372 tempore
675 4299 889 4373 reparentur,
914 4290 1006 4356 nulla
1032 4292 1078 4355 eis
1104 4290 1217 4356 debita
1242 4291 1381 4358 reddere
1395 4291 1501 4358 uelre·

379 4395 539 4476 spondere
555 4402 724 4478 teneatur;
740 4397 827 4464 bona
848 4421 976 4483 quoqne
994 4399 1102 4465 omnia
1122 4399 1257 4466 mobilia
1273 4409 1306 4464 et
1321 4399 1497 4476 immobilia,

375 4500 617 4568 iurisdictiones
634 4511 666 4570 et
681 4505 754 4569 iura
770 4507 914 4592 ipsorum
939 4508 1074 4576 ubilibet
1094 4508 1284 4590 constituta,
1300 4507 1495 4592 publicamus
