3220 5248
417 383 483 446 580
773 399 1010 449 nrrnoirsezrir
1026 389 1193 449 suerrus.

415 559 478 624 sibi
503 558 607 628 saetis.
632 581 671 624 ex
696 566 832 644 arrupte
857 561 897 626 de
922 583 1037 645 campo
1054 561 1212 628 discessit.
1228 561 1528 647 thuantumpen'·
1553 583 1567 646 j

414 667 479 732 culi
497 689 654 750 generare
679 669 781 754 possit
807 670 908 752 ipsius
924 672 1032 754 gentis
1047 672 1239 737 temerarius
1256 676 1289 736 et
1303 671 1461 737 animosus
1475 669 1528 734 dis-

416 797 535 852 cessus,
552 777 679 842 animos
695 777 855 842 advertite
872 785 1006 844 vestros.
1023 777 1179 845 Pluribus
1198 779 1311 845 diebus
1327 778 1442 863 elapsis
1457 778 1530 844 inter
1589 797 1591 804 ·

416 883 503 950 hanc
528 883 741 967 l'ngarorum
765 885 1008 952 multitudinem
1033 886 1190 970 pestifera
1216 894 1267 952 est
1290 892 1365 952 orta
1381 885 1529 962 dissentio,

415 1012 515 1076 quam
542 991 657 1056 sedare
683 991 779 1058 facile
805 1013 870 1057 non
897 1000 947 1061 est
971 995 1012 1061 ab
1038 995 1094 1076 eis,
1120 995 1237 1077 quibus
1263 1015 1326 1059 non
1341 993 1445 1058 minor
1457 992 1530 1056 inest

415 1099 517 1163 animi
533 1099 696 1182 asperitas
714 1121 812 1182 quarn
838 1101 1033 1184 linguarum.
1049 1099 1122 1166 Hec
1139 1101 1225 1166 enim
1241 1101 1337 1166 unica
1354 1111 1425 1185 spes
1438 1099 1532 1163 inimi·

414 1208 459 1270 cis
484 1206 692 1290 predonibus,
719 1208 753 1272 in
784 1230 849 1292 qua
874 1208 1047 1290 confidunt,
1064 1209 1179 1275 relicto
1195 1215 1253 1274 est.
1271 1208 1313 1272 In
1329 1212 1417 1272 terra
1432 1203 1532 1271 Atelle

415 1314 581 1380 hincinde
598 1337 637 1379 ex
654 1317 918 1400 circumstantiis,
944 1318 972 1382 si
997 1318 1084 1402 quod
1109 1316 1273 1383 residuum
1291 1321 1364 1380 erat
1380 1314 1477 1397 gentis
1490 1335 1531 1378 ar·

416 1423 541 1507 migere
559 1423 600 1488 de
616 1423 690 1506 ipsa
715 1444 902 1508 eompanea,
927 1430 977 1489 est
1000 1423 1180 1504 reductum,
1196 1428 1228 1488 et
1243 1424 1309 1487 iam
1326 1421 1461 1504 aliquem
1474 1427 1532 1486 tm·

418 1537 544 1596 ctatum
561 1553 634 1596 cum
651 1532 788 1597 inimicis
804 1534 951 1600 babebat
967 1557 1032 1600 una
1049 1555 1128 1618 pars
1143 1533 1354 1614 Ungarorum
1368 1531 1407 1596 de
1418 1549 1533 1596 concor·

417 1636 529 1704 dando
556 1646 588 1703 et
613 1640 840 1725 coniungendo
866 1663 900 1707 se
925 1664 998 1710 cum
1025 1662 1212 1727 companea,
1238 1645 1272 1704 et
1297 1639 1403 1706 eundo
1421 1659 1478 1722 quo
1492 1636 1531 1702 eis

417 1747 574 1831 placeret.
591 1745 696 1830 Quem
721 1755 902 1816 tractatum
927 1771 1007 1834 gens
1033 1757 1140 1816 vestra
1164 1747 1293 1833 prefata
1309 1747 1391 1812 bene
1407 1746 1493 1811 scirit
1506 1751 1532 1809 et

417 1857 565 1940 palpavit
581 1858 615 1920 in
632 1861 776 1924 exercitu
793 1861 970 1942 existendo,
987 1861 1072 1927 siout
1088 1867 1122 1925 et
1138 1859 1195 1924 alii
1212 1861 1270 1943 qui
1287 1865 1362 1924 sunt
1378 1858 1430 1924 ibi
1445 1855 1480 1922 Si
1494 1856 1533 1921 di·

417 1966 498 2030 visio
514 1965 725 2048 Ungarorum
743 1971 947 2051 processerit,
964 1976 1091 2035 remota
1106 1969 1194 2034 dicta
1210 1974 1307 2052 gente
1326 1973 1441 2049 restra,
1456 1987 1533 2032 exer·

418 2072 501 2137 citus
519 2079 630 2140 noster
657 2075 826 2159 signanter
851 2076 1043 2144 debilitatus
1068 2077 1197 2157 existit,
1220 2097 1260 2141 ex
1278 2096 1342 2158 quo
1358 2073 1534 2158 prevalenti-

417 2180 477 2246 bus
493 2181 642 2264 inimicis,
659 2204 723 2248 uon
739 2185 895 2265 videmus,
921 2184 1011 2268 quod
1027 2186 1133 2269 possit
1149 2204 1219 2250 esse
1235 2181 1332 2248 simul
1349 2202 1420 2246 cum
1434 2186 1532 2246 nostro

419 2287 487 2354 sine
513 2294 622 2354 vestro
648 2289 761 2356 futuro
786 2293 933 2376 periculo
959 2299 991 2358 et
1016 2293 1155 2359 aliarum
1181 2290 1466 2369 Commuuitatum
1482 2308 1534 2370 que

419 2397 581 2462 communi
607 2403 700 2463 tanto
726 2401 866 2484 negotio,
892 2402 943 2466 cui
969 2401 1167 2467 intendimus
1201 2398 1324 2464 auxilia
1348 2419 1407 2462 sua
1431 2417 1534 2480 ponere

420 2502 607 2570 nullatenus
634 2513 828 2572 curaverunt
853 2509 915 2574 stb.
940 2508 1032 2574 Data
1048 2505 1191 2592 Neapoli
1208 2505 1268 2572 sub
1286 2505 1415 2570 annulis
1431 2505 1535 2570 nostris
1589 2521 1591 2526 ’

420 2613 564 2716 secretis,
581 2612 633 2678 die
650 2613 696 2678 X.
712 2615 808 2681 Junii
826 2615 950 2682 XIIII.
967 2616 1166 2683 indictionis.

1112 2721 1187 2788 Rex
1202 2727 1235 2786 et
1305 2719 1488 2787 Jerusalem

1111 2830 1240 2913 Regina
1304 2836 1337 2893 et
1354 2826 1473 2894 Sicilie.

527 2974 579 3038 (ΑΖ
604 2975 755 3027 »Archivio
777 2975 847 3026 delle
869 2976 1074 3040 Riformagioni
1099 2977 1131 3025 cl.
1156 2969 1536 3026 xvl.dist.11.‹c0dexeto1.

420 3079 437 3112 a
450 3063 583 3114 lloreuczl
598 3065 792 3128 lereltrtrban.)

953 3393 1029 3454 420.

421 3547 452 3611 A
469 3549 617 3621 (lorenczi
635 3549 863 3636 bornadnynak
883 3549 1038 3617 Tarento'i
1055 3553 1155 3638 Loy'os
1171 3552 1300 3617 sicilici
1316 3554 1435 3636 lrirdly.
1462 3553 1539 3616 1361.

531 3709 719 3792 Magnificis
747 3715 780 3774 et
809 3713 997 3794 potentibus
1032 3713 1109 3780 viris
1146 3713 1319 3802 Prioribus
1356 3714 1485 3779 Artium
1513 3719 1537 3774 et

424 3815 618 3886 Vexillilero
644 3816 669 3882 J
671 3819 783 3884 ustitie
803 3818 924 3903 Populi
941 3827 974 3886 et
990 3818 1179 3886 Communis
1195 3822 1378 3903 Florentie,
1394 3821 1500 3887 amicis
1513 3825 1537 3880 et

425 3924 552 3991 devotis
570 3926 689 3990 nostris
706 3929 892 3994 carissimis.

532 4031 642 4099 Amici
668 4039 701 4098 et
728 4034 837 4101 devoti
863 4037 1037 4104 karissimi.
1063 4037 1259 4121 Recepimus
1280 4039 1410 4103 noviter
1426 4039 1535 4103 litters

425 4142 606 4208 derotionis
618 4151 742 4222 vestre,
760 4165 798 4208 ex
811 4167 949 4228 quarum
960 4153 1074 4212 terrore
1086 4146 1284 4228 collegimus,
1295 4154 1453 4230 quantum
1464 4143 1535 4210 robis
1583 4233 1584 4238 γ

426 4251 553 4316 molesti
572 4249 693 4317 luerint
710 4261 822 4335 gentes
847 4253 1129 4337 reprehensibiles,
1155 4259 1186 4316 et
1216 4253 1341 4318 utinam
1366 4275 1429 4319 non
1455 4249 1538 4337 perui·

425 4360 522 4436 diesi,
549 4380 630 4440 quos
655 4361 762 4444 potius
788 4362 950 4427 malitiose
977 4384 1074 4445 quam
1094 4362 1269 4427 inscienter
1286 4361 1486 4445 Capitaneus
1513 4365 1536 4420 el

427 4463 638 4533 Conestabuli
657 4477 761 4535 vestre
778 4472 885 4552 gentis
903 4473 1073 4554 armigere,
1090 4470 1123 4534 in
1139 4477 1287 4535 nostrum
1308 4471 1485 4535 subsidium
1494 4489 1537 4552 pel·

426 4575 630 4642 devotionem
656 4584 798 4642 vestram
825 4578 866 4643 ad
892 4578 1117 4664 exterminium
1143 4578 1254 4662 inique
1271 4577 1451 4661 predonum
1466 4597 1535 4643 eom·
