3110 5248
379 361 444 423 242
738 373 971 420 nrrnouncznnv
988 359 1156 418 nanturra.

375 557 443 620 nos,
459 537 516 620 qui
530 535 670 602 honores
687 553 744 600 sue
762 529 890 600 Corone
916 551 1043 615 semper
1069 529 1239 597 dileximus
1253 535 1287 595 et
1303 529 1432 611 diligere
1448 528 1490 593 in-

376 644 539 710 tendimus
554 648 625 710 toto
640 642 747 708 corde.

487 751 614 836 Capta:
638 747 674 816 Si
690 754 801 815 antem
827 747 976 813 dominus
992 746 1066 812 Rex
1090 747 1223 830 diceret,
1238 743 1327 829 quod
1342 745 1405 811 alie
1419 764 1487 826 qua·

375 865 451 927 tuor
467 860 628 928 Civitates
644 849 824 940 Dalmacie‚
843 856 968 922 scilicet
983 854 1162 939 Spaletum,
1179 853 1388 936 Tragurium,
1404 850 1491 936 vae

376 969 483 1036 nicum
501 973 534 1032 et
550 965 657 1046 Nona,
683 985 767 1048 quas
791 969 947 1044 tenemus,
973 965 1050 1028 sunt
1074 983 1149 1028 sue:
1173 960 1296 1041 dicant,
1328 959 1492 1043 quodiam

377 1075 479 1140 multo
495 1083 641 1158 tempore
657 1073 768 1154 elapso
793 1072 973 1136 invenimus
988 1071 1076 1154 ipsas
1102 1067 1260 1136 Civitates
1280 1069 1315 1133 in
1331 1088 1389 1134 sua
1408 1066 1494 1150 plena

377 1182 540 1262 libertate,
560 1185 594 1246 et
610 1180 867 1248 Communitates
888 1198 998 1243 earum
1024 1199 1058 1244 se
1073 1182 1188 1262 sponte
1211 1180 1327 1242 nostro
1353 1174 1493 1242 Dominio

377 1289 603 1355 submiserunt.
620 1290 652 1355 N
655 1310 690 1352 os
709 1287 809 1352 etiam
834 1285 1052 1365 attendentes,
1070 1283 1160 1366 quod
1184 1281 1411 1368 antiquissimo
1425 1289 1492 1348 tem·

378 1416 457 1481 pore
473 1395 718 1479 predecessores
738 1392 843 1460 nostri
866 1392 1045 1458 dominium
1070 1397 1104 1456 et
1118 1390 1248 1458 titulum
1273 1389 1450 1456 habuerunt
1464 1390 1493 1454 in

378 1503 452 1586 illis,
468 1504 727 1570 conservavimus
743 1508 775 1567 et
799 1522 1026 1568 conservamus
1054 1521 1109 1566 eas
1125 1521 1198 1566 cum
1214 1499 1343 1582 magnis
1360 1498 1494 1584 expensis

379 1612 413 1677 in
430 1609 572 1678 dominio
588 1618 621 1677 et
644 1611 846 1695 protectione
872 1615 985 1676 nostra
1009 1630 1083 1674 cum
1113 1629 1232 1692 magno
1249 1608 1336 1674 bono
1356 1615 1390 1674 et
1405 1627 1492 1692 augn-

379 1724 490 1784 mento
507 1724 611 1786 status
628 1739 750 1784 eorum.

488 1823 578 1910 Oap
590 1833 650 1892 ta:
674 1823 711 1891 Si
727 1831 835 1891 autem
852 1824 1001 1890 dominus
1021 1822 1094 1889 Rex
1109 1829 1336 1907 perseveraret
1351 1822 1493 1911 indicen-

379 1933 431 2012 do,
447 1933 536 2017 quod
551 1933 601 1998 ius
617 1931 714 1998 babet
732 1933 765 1998 in
782 1931 980 1998 Civitatibus
996 1930 1175 2013 Dalmatia
1199 1951 1281 2016 quas
1297 1935 1446 2013 tenemus,
1469 1935 1497 1993 et

380 2040 468 2124 quod
482 2045 689 2106 contentatur
718 2039 758 2104 de
783 2040 899 2106 stando
923 2037 1102 2122 cognitioni
1128 2045 1160 2103 et
1175 2037 1296 2104 iudicio
1320 2039 1496 2124 aliquorum

380 2167 419 2212 ex
439 2146 649 2231 Principibus
666 2146 799 2227 mundi;
824 2146 944 2227 dicant,
969 2145 1056 2229 quod
1082 2168 1139 2212 nos
1155 2153 1307 2230 optamus
1332 2144 1499 2230 procedere

380 2275 452 2321 cum
469 2253 538 2320 Sua
553 2254 730 2320 Maiestate
746 2275 804 2338 per
819 2253 912 2320 illum
928 2253 1121 2326 habiliorem
1138 2261 1171 2320 et
1196 2254 1431 2338 expeditiorem
1443 2273 1499 2318 mo

381 2363 468 2446 dum,
492 2363 561 2446 qui,
577 2363 686 2428 vitatis
712 2361 913 2445 quibuslibet
938 2361 1214 2446 disputationibus
1239 2369 1272 2428 et
1285 2357 1501 2429 'cavillationi-

381 2471 451 2551 bus,
467 2469 621 2535 inducere
645 2468 766 2534 habeat
781 2473 815 2534 et
845 2488 1040 2534 conservare
1067 2490 1211 2537 amorem
1236 2471 1412 2553 pristinum
1426 2471 1501 2534 inter

380 2584 502 2664 partes.
524 2577 569 2666 Et
584 2577 660 2644 licet
676 2579 709 2642 in
725 2579 795 2643 iure
819 2584 932 2644 nostro
957 2576 1145 2660 plenissime
1169 2577 1384 2662 confidamus,
1398 2583 1501 2643 tamen

381 2687 459 2770 qnia
474 2686 634 2753 deducere
650 2686 722 2752 iura
743 2708 802 2771 per
813 2686 955 2770 aliquem
973 2686 1104 2753 modum
1122 2709 1219 2755 cause
1236 2710 1295 2754 seu
1309 2688 1420 2754 iudicii
1434 2705 1497 2770 pos·

380 2800 430 2859 set
446 2795 579 2861 trahere
595 2793 812 2861 verisimiliter
838 2797 960 2862 factum
975 2796 1009 2862 iu
1024 2795 1158 2879 longum
1178 2803 1211 2864 et
1227 2818 1387 2880 generare
1403 2793 1503 2862 conlu-

381 2903 505 2967 sionem
519 2901 605 2968 inter
630 2907 748 2986 partes,
774 2923 838 2986 que
862 2909 931 2968 tam
956 2902 1148 2970 benevolum
1163 2911 1197 2971 et
1227 2925 1346 2989 purum
1371 2923 1503 2970 amorem
1553 2933 1554 2936 ¹

383 3005 560 3075 affectant:
584 3009 746 3074 credimus
762 3030 832 3075 esse
857 3009 973 3075 melius
998 3015 1031 3074 et
1050 3010 1154 3094 magis
1181 3031 1360 3077 consonum
1385 3011 1503 3093 utrique

354 3190 357 3196 ¹
383 3116 482 3199 parti,
498 3137 539 3181 ne
554 3121 682 3182 tantum
697 3117 818 3183 bonum
834 3116 1024 3198 aliqualiter
1034 3117 1233 3200 retardetur,
1243 3125 1281 3184 ut
1300 3119 1412 3186 statim
1425 3117 1504 3184 bona

384 3242 449 3305 pax
474 3228 507 3288 et
533 3222 709 3288 concordia
734 3223 949 3289 amicabiliter
975 3229 1010 3289 et
1033 3223 1211 3291 domestice
1226 3223 1286 3292 fiat
1310 3248 1369 3310 per
1384 3226 1506 3293 modum

383 3329 520 3394 alicuius
551 3329 636 3396 bone
666 3329 911 3414 compositionis
942 3336 975 3395 et
1006 3330 1190 3398 amicabilis
1210 3337 1399 3400 tractatus:
1421 3333 1505 3400 etin
1554 3332 1555 3341 ²

384 3434 446 3501 hoc
461 3457 539 3504 casu
555 3437 681 3521 possint
699 3435 944 3505 Ambaxatores
960 3459 1151 3522 componere
1176 3461 1237 3526 per
1261 3441 1395 3508 modum
1418 3439 1508 3508 inira·

383 3543 548 3627 scriptum.

491 3648 618 3734 Capta:
642 3651 686 3718 ut
706 3651 783 3734 quia
809 3649 849 3718 de
864 3651 1071 3736 providentia
1096 3660 1284 3720 nostrorum
1310 3653 1505 3724 Ambaxato

384 3779 456 3824 rum
472 3778 643 3842 possumus
658 3758 805 3842 plenarie
821 3759 992 3842 confidere,
1018 3761 1060 3826 sit
1075 3762 1109 3826 in
1126 3783 1239 3830 eorum
1255 3763 1452 3833 discretione
1466 3767 1508 3830 in·
1553 3779 1554 3782 ’

383 3865 525 3949 cipiendi
540 3868 582 3932 ab
607 3865 665 3933 illo
697 3868 842 3951 capitulo
873 3869 915 3935 de
946 3868 1175 3954 infrascriptis,
1206 3873 1296 3957 quod
1321 3875 1370 3942 eis
1400 3873 1508 3941 melius

384 3972 545 4038 videbitur
563 3993 623 4057 pro
640 3973 763 4040 honore
783 3982 896 4042 nostro
922 3983 955 4043 et
970 3977 1057 4043 bono
1082 3975 1173 4044 lacti.
1197 3979 1319 4047 Modus
1336 3987 1449 4050 autem
1464 3984 1506 4046 est

385 4079 463 4143 iste:

491 4186 518 4250 Ι.
542 4185 639 4270 Quod
655 4190 842 4256 remittente
859 4191 988 4258 domino
1005 4191 1097 4278 Rege
1113 4201 1148 4261 et
1166 4196 1386 4272 transferente
1411 4197 1445 4264 in
1459 4215 1510 4262 nos

384 4291 497 4355 statim
520 4293 624 4362 libere
649 4303 682 4362 et
707 4297 858 4382 expedite
882 4300 1006 4384 absque
1032 4302 1100 4368 ulla
1125 4302 1317 4370 conditione
1345 4305 1380 4372 in
1405 4325 1512 4392 perpe·

384 4404 477 4464 tuum
501 4402 610 4466 omnia
634 4405 715 4486 iura,
732 4425 795 4487 que
826 4405 962 4474 haberet
993 4407 1044 4474 vel
1069 4409 1196 4480 diceret
1221 4412 1343 4480 habere
1368 4413 1405 4480 in
1421 4411 1511 4482 dictis

387 4512 527 4582 quatuor
557 4506 764 4595 Civitatibus,
781 4503 820 4578 ¹et
852 4516 1050 4598 generaliter
1081 4519 1115 4584 in
1146 4518 1235 4586 alliis
1267 4520 1510 4588 Civitatibuset
