<?xml version="1.0" encoding="UTF-8"?>
<!DOCTYPE html PUBLIC "-//W3C//DTD XHTML 1.0 Transitional//EN"
    "http://www.w3.org/TR/xhtml1/DTD/xhtml1-transitional.dtd">
<html xmlns="http://www.w3.org/1999/xhtml" xml:lang="en" lang="en">
 <head>
  <title>
</title>
<meta http-equiv="Content-Type" content="text/html;charset=utf-8" />
  <meta name='ocr-system' content='tesseract 3.04.00' />
  <meta name='ocr-capabilities' content='ocr_page ocr_carea ocr_par ocr_line ocrx_word'/>
</head>
<body>
  <div class='ocr_page' id='page_1' title='image "./magyardiplomacz01wenzgoog_0058.png"; bbox 0 0 3254 5260; ppageno 0'>
   <div class='ocr_carea' id='block_1_1' title="bbox 375 273 1152 338">
    <p class='ocr_par' dir='ltr' id='par_1_1' title="bbox 375 273 1152 338">
     <span class='ocr_line' id='line_1_1' title="bbox 375 273 1152 338; baseline -0.009 0"><span class='ocrx_word' id='word_1_1' title='bbox 375 278 418 338; x_wconf 71' lang='lat'>22</span> <span class='ocrx_word' id='word_1_2' title='bbox 734 287 966 334; x_wconf 79' lang='lat' dir='ltr'>nmnonaczmr</span> <span class='ocrx_word' id='word_1_3' title='bbox 985 273 1152 332; x_wconf 74' lang='lat' dir='ltr'>anabusn.</span> 
     </span>
    </p>
   </div>
   <div class='ocr_carea' id='block_1_2' title="bbox 379 443 1511 838">
    <p class='ocr_par' dir='ltr' id='par_1_2' title="bbox 379 443 1511 838">
     <span class='ocr_line' id='line_1_2' title="bbox 379 443 1507 530; baseline -0.006 -15"><span class='ocrx_word' id='word_1_4' title='bbox 379 453 418 515; x_wconf 89' lang='lat' dir='ltr'>de</span> <span class='ocrx_word' id='word_1_5' title='bbox 434 447 563 515; x_wconf 86' lang='lat' dir='ltr'>liberali</span> <span class='ocrx_word' id='word_1_6' title='bbox 579 446 748 512; x_wconf 77' lang='lat' dir='ltr'>oblacione</span> <span class='ocrx_word' id='word_1_7' title='bbox 766 469 824 510; x_wconf 84' lang='lat' dir='ltr'>sna</span> <span class='ocrx_word' id='word_1_8' title='bbox 840 447 882 510; x_wconf 85' lang='lat' dir='ltr'>ad</span> <span class='ocrx_word' id='word_1_9' title='bbox 899 447 1045 530; x_wconf 80' lang='lat' dir='ltr'>graciam</span> <span class='ocrx_word' id='word_1_10' title='bbox 1062 449 1260 523; x_wconf 72' lang='lat' dir='ltr'>nostramet</span> <span class='ocrx_word' id='word_1_11' title='bbox 1270 443 1507 527; x_wconf 84' lang='lat' dir='ltr'>congaudendo</span> 
     </span>
     <span class='ocr_line' id='line_1_3' title="bbox 380 551 1510 648; baseline -0.005 -26"><span class='ocrx_word' id='word_1_12' title='bbox 380 556 420 623; x_wconf 89' lang='lat' dir='ltr'>de</span> <span class='ocrx_word' id='word_1_13' title='bbox 437 554 570 640; x_wconf 77' lang='lat' dir='ltr'>unprijn,</span> <span class='ocrx_word' id='word_1_14' title='bbox 586 575 668 638; x_wconf 86' lang='lat' dir='ltr'>quas</span> <span class='ocrx_word' id='word_1_15' title='bbox 687 555 765 619; x_wconf 86' lang='lat' dir='ltr'>lecit</span> <span class='ocrx_word' id='word_1_16' title='bbox 780 554 910 619; x_wconf 88' lang='lat' dir='ltr'>domino</span> <span class='ocrx_word' id='word_1_17' title='bbox 927 553 994 618; x_wconf 91' lang='lat' dir='ltr'>filio</span> <span class='ocrx_word' id='word_1_18' title='bbox 1011 575 1068 617; x_wconf 89' lang='lat' dir='ltr'>suo</span> <span class='ocrx_word' id='word_1_19' title='bbox 1092 574 1164 648; x_wconf 84' lang='lat' dir='ltr'>cum</span> <span class='ocrx_word' id='word_1_20' title='bbox 1181 574 1290 618; x_wconf 89' lang='lat' dir='ltr'>sorore</span> <span class='ocrx_word' id='word_1_21' title='bbox 1307 552 1430 617; x_wconf 89' lang='lat' dir='ltr'>domini</span> <span class='ocrx_word' id='word_1_22' title='bbox 1446 551 1510 616; x_wconf 88' lang='lat' dir='ltr'>Im-</span> 
     </span>
     <span class='ocr_line' id='line_1_4' title="bbox 388 658 1511 748; baseline -0.007 -19"><span class='ocrx_word' id='word_1_23' title='bbox 388 663 552 748; x_wconf 84' lang='lat' dir='ltr'>peratoris</span> <span class='ocrx_word' id='word_1_24' title='bbox 577 658 889 744; x_wconf 82' lang='lat' dir='ltr'>Constantinopolis,</span> <span class='ocrx_word' id='word_1_25' title='bbox 914 683 986 726; x_wconf 90' lang='lat' dir='ltr'>curn</span> <span class='ocrx_word' id='word_1_26' title='bbox 1005 660 1069 724; x_wconf 90' lang='lat' dir='ltr'>illis</span> <span class='ocrx_word' id='word_1_27' title='bbox 1084 660 1206 743; x_wconf 91' lang='lat' dir='ltr'>pulcris</span> <span class='ocrx_word' id='word_1_28' title='bbox 1222 660 1335 738; x_wconf 87' lang='lat' dir='ltr'>verbis,</span> <span class='ocrx_word' id='word_1_29' title='bbox 1346 679 1410 742; x_wconf 94' lang='lat' dir='ltr'>que</span> <span class='ocrx_word' id='word_1_30' title='bbox 1425 658 1511 723; x_wconf 80' lang='lat' dir='ltr'>vide-</span> 
     </span>
     <span class='ocr_line' id='line_1_5' title="bbox 384 770 515 838; baseline -0.015 -2"><span class='ocrx_word' id='word_1_31' title='bbox 384 770 515 838; x_wconf 88' lang='lat' dir='ltr'>buntur.</span> 
     </span>
    </p>
   </div>
   <div class='ocr_carea' id='block_1_3' title="bbox 491 892 1460 964">
    <p class='ocr_par' dir='ltr' id='par_1_3' title="bbox 491 892 1460 964">
     <span class='ocr_line' id='line_1_6' title="bbox 491 892 1460 964; baseline -0.008 -14"><span class='ocrx_word' id='word_1_32' title='bbox 491 892 529 963; x_wconf 70' lang='lat' dir='ltr'>(A</span> <span class='ocrx_word' id='word_1_33' title='bbox 543 896 651 950; x_wconf 69' lang='lat' dir='ltr'>»Minci«</span> <span class='ocrx_word' id='word_1_34' title='bbox 666 898 756 949; x_wconf 82' lang='lat' dir='ltr'>czimtt</span> <span class='ocrx_word' id='word_1_35' title='bbox 769 897 906 948; x_wconf 82' lang='lat' dir='ltr'>veleuczei</span> <span class='ocrx_word' id='word_1_36' title='bbox 920 896 1147 964; x_wconf 71' lang='lat' dir='ltr'>ellamkonyvbol</span> <span class='ocrx_word' id='word_1_37' title='bbox 1160 896 1235 944; x_wconf 82' lang='lat' dir='ltr'>XXI.</span> <span class='ocrx_word' id='word_1_38' title='bbox 1249 896 1306 944; x_wconf 78' lang='lat' dir='ltr'>kbt</span> <span class='ocrx_word' id='word_1_39' title='bbox 1323 897 1383 946; x_wconf 79' lang='lat'>124.</span> <span class='ocrx_word' id='word_1_40' title='bbox 1396 894 1460 959; x_wconf 84' lang='lat' dir='ltr'>lev.)</span> 
     </span>
    </p>
   </div>
   <div class='ocr_carea' id='block_1_4' title="bbox 871 1075 1028 1087">
    <p class='ocr_par' dir='ltr' id='par_1_4' title="bbox 871 1075 1028 1087">
     <span class='ocr_line' id='line_1_7' title="bbox 871 1075 1028 1087; baseline -0.006 0"><span class='ocrx_word' id='word_1_41' title='bbox 871 1075 1028 1087; x_wconf 59' lang='lat' dir='ltr'><strong>——oe-——·-</strong></span> 
     </span>
    </p>
   </div>
   <div class='ocr_carea' id='block_1_5' title="bbox 927 1311 978 1371">
    <p class='ocr_par' dir='ltr' id='par_1_5' title="bbox 927 1311 978 1371">
     <span class='ocr_line' id='line_1_8' title="bbox 927 1311 978 1371; baseline 0 0"><span class='ocrx_word' id='word_1_42' title='bbox 927 1311 978 1371; x_wconf 74' lang='lat'>24.</span> 
     </span>
    </p>
   </div>
   <div class='ocr_carea' id='block_1_6' title="bbox 395 1466 1614 1752">
    <p class='ocr_par' dir='ltr' id='par_1_6' title="bbox 395 1466 1614 1752">
     <span class='ocr_line' id='line_1_9' title="bbox 395 1466 1518 1557; baseline 0 -23"><span class='ocrx_word' id='word_1_43' title='bbox 395 1466 598 1536; x_wconf 70' lang='lat' dir='ltr'>Aeetaezei</span> <span class='ocrx_word' id='word_1_44' title='bbox 621 1471 968 1557; x_wconf 79' lang='lat' dir='ltr'>lcormdoytondceoak</span> <span class='ocrx_word' id='word_1_45' title='bbox 983 1470 1147 1534; x_wconf 79' lang='lat' dir='ltr'>u-laeitdea</span> <span class='ocrx_word' id='word_1_46' title='bbox 1173 1471 1356 1534; x_wconf 77' lang='lat' dir='ltr'>dalmatiai</span> <span class='ocrx_word' id='word_1_47' title='bbox 1371 1472 1518 1536; x_wconf 67' lang='lat' dir='ltr'>historal-</span> 
     </span>
     <span class='ocr_line' id='line_1_10' title="bbox 429 1577 1614 1668; baseline -0.005 -22"><span class='ocrx_word' id='word_1_48' title='bbox 429 1582 485 1646; x_wconf 74' lang='lat' dir='ltr'>leoz</span> <span class='ocrx_word' id='word_1_49' title='bbox 501 1603 522 1646; x_wconf 86' lang='lat' dir='ltr'>a</span> <span class='ocrx_word' id='word_1_50' title='bbox 541 1579 674 1668; x_wconf 75' lang='lat' dir='ltr'>Nelipce</span> <span class='ocrx_word' id='word_1_51' title='bbox 691 1578 834 1642; x_wconf 80' lang='lat' dir='ltr'>tininiae&#39;</span> <span class='ocrx_word' id='word_1_52' title='bbox 847 1577 969 1664; x_wconf 76' lang='lat' dir='ltr'>prdffnl</span> <span class='ocrx_word' id='word_1_53' title='bbox 986 1579 1120 1642; x_wconf 73' lang='lat' dir='ltr'>terendo</span> <span class='ocrx_word' id='word_1_54' title='bbox 1137 1578 1280 1664; x_wconf 77' lang='lat' dir='ltr'>bc&#39;lceese&#39;p</span> <span class='ocrx_word' id='word_1_55' title='bbox 1296 1580 1487 1665; x_wconf 71' lang='lat' dir='ltr'>tdrppddrm.</span> <span class='ocrx_word' id='word_1_56' title='bbox 1613 1601 1614 1604; x_wconf 45' lang='lat'>¹</span> 
     </span>
     <span class='ocr_line' id='line_1_11' title="bbox 914 1688 1614 1752; baseline 0.001 -3"><span class='ocrx_word' id='word_1_57' title='bbox 914 1688 1008 1752; x_wconf 81' lang='grc'><em>1343.</em></span> <span class='ocrx_word' id='word_1_58' title='bbox 1613 1693 1614 1700; x_wconf 72' lang='grc'>’</span> 
     </span>
    </p>
   </div>
   <div class='ocr_carea' id='block_1_7' title="bbox 398 1839 1616 4500">
    <p class='ocr_par' dir='ltr' id='par_1_7' title="bbox 398 1831 1616 4500">
     <span class='ocr_line' id='line_1_12' title="bbox 503 1839 1521 1932; baseline 0 -23"><span class='ocrx_word' id='word_1_59' title='bbox 503 1840 601 1911; x_wconf 78' lang='lat' dir='ltr'>anno</span> <span class='ocrx_word' id='word_1_60' title='bbox 617 1845 751 1912; x_wconf 72' lang='lat' dir='ltr'>nomini</span> <span class='ocrx_word' id='word_1_61' title='bbox 766 1844 1025 1912; x_wconf 80' lang='lat' dir='ltr'>mcccxmn.</span> <span class='ocrx_word' id='word_1_62' title='bbox 1041 1847 1094 1912; x_wconf 68' lang='lat' dir='ltr'>ne</span> <span class='ocrx_word' id='word_1_63' title='bbox 1119 1847 1183 1912; x_wconf 81' lang='lat' dir='ltr'>rx.</span> <span class='ocrx_word' id='word_1_64' title='bbox 1211 1839 1422 1932; x_wconf 71' lang='lat' dir='ltr'>septembris,</span> <span class='ocrx_word' id='word_1_65' title='bbox 1438 1845 1521 1911; x_wconf 83' lang='lat' dir='ltr'>xm.</span> 
     </span>
     <span class='ocr_line' id='line_1_13' title="bbox 398 1949 1523 2036; baseline -0.002 -18"><span class='ocrx_word' id='word_1_66' title='bbox 398 1952 586 2018; x_wconf 84' lang='lat' dir='ltr'>indictione.</span> <span class='ocrx_word' id='word_1_67' title='bbox 618 1949 762 2035; x_wconf 81' lang='lat' dir='ltr'>Capta</span> <span class='ocrx_word' id='word_1_68' title='bbox 788 1978 795 2016; x_wconf 91' lang='lat'><strong>:</strong></span> <span class='ocrx_word' id='word_1_69' title='bbox 826 1951 924 2036; x_wconf 82' lang='lat' dir='ltr'>Quod</span> <span class='ocrx_word' id='word_1_70' title='bbox 954 1954 1116 2018; x_wconf 82' lang='lat' dir='ltr'>scribatur</span> <span class='ocrx_word' id='word_1_71' title='bbox 1147 1953 1375 2019; x_wconf 83' lang='lat' dir='ltr'>Provisoribus</span> <span class='ocrx_word' id='word_1_72' title='bbox 1405 1954 1523 2018; x_wconf 87' lang='lat' dir='ltr'>nostris</span> 
     </span>
     <span class='ocr_line' id='line_1_14' title="bbox 400 2059 1522 2143; baseline -0.004 -16"><span class='ocrx_word' id='word_1_73' title='bbox 400 2059 582 2142; x_wconf 85' lang='lat' dir='ltr'>Sclauonie‚</span> <span class='ocrx_word' id='word_1_74' title='bbox 597 2059 685 2142; x_wconf 92' lang='lat' dir='ltr'>quod</span> <span class='ocrx_word' id='word_1_75' title='bbox 701 2080 765 2142; x_wconf 86' lang='lat' dir='ltr'>pax</span> <span class='ocrx_word' id='word_1_76' title='bbox 790 2065 936 2125; x_wconf 85' lang='lat' dir='ltr'>tractata</span> <span class='ocrx_word' id='word_1_77' title='bbox 953 2081 1012 2143; x_wconf 91' lang='lat' dir='ltr'>per</span> <span class='ocrx_word' id='word_1_78' title='bbox 1028 2065 1116 2142; x_wconf 90' lang='lat' dir='ltr'>ipsos</span> <span class='ocrx_word' id='word_1_79' title='bbox 1134 2083 1204 2124; x_wconf 89' lang='lat' dir='ltr'>cnm</span> <span class='ocrx_word' id='word_1_80' title='bbox 1223 2061 1351 2125; x_wconf 85' lang='lat' dir='ltr'>Comite</span> <span class='ocrx_word' id='word_1_81' title='bbox 1367 2060 1522 2143; x_wconf 85' lang='lat' dir='ltr'>Nelipcio‚</span> 
     </span>
     <span class='ocr_line' id='line_1_15' title="bbox 399 2166 1522 2253; baseline -0.004 -19"><span class='ocrx_word' id='word_1_82' title='bbox 399 2168 508 2253; x_wconf 84' lang='lat' dir='ltr'>placet</span> <span class='ocrx_word' id='word_1_83' title='bbox 521 2166 625 2249; x_wconf 82' lang='lat' dir='ltr'>nobie,</span> <span class='ocrx_word' id='word_1_84' title='bbox 640 2171 673 2232; x_wconf 88' lang='lat' dir='ltr'>et</span> <span class='ocrx_word' id='word_1_85' title='bbox 686 2172 861 2250; x_wconf 87' lang='lat' dir='ltr'>propterea</span> <span class='ocrx_word' id='word_1_86' title='bbox 876 2185 967 2232; x_wconf 86' lang='lat' dir='ltr'>suam</span> <span class='ocrx_word' id='word_1_87' title='bbox 992 2168 1209 2250; x_wconf 85' lang='lat' dir='ltr'>provisionem</span> <span class='ocrx_word' id='word_1_88' title='bbox 1231 2175 1264 2233; x_wconf 90' lang='lat' dir='ltr'>et</span> <span class='ocrx_word' id='word_1_89' title='bbox 1287 2169 1522 2250; x_wconf 76' lang='lat' dir='ltr'>solicitudinem</span> 
     </span>
     <span class='ocr_line' id='line_1_16' title="bbox 401 2271 1525 2357; baseline -0.004 -16"><span class='ocrx_word' id='word_1_90' title='bbox 401 2274 671 2341; x_wconf 87' lang='lat' dir='ltr'>commendamus.</span> <span class='ocrx_word' id='word_1_91' title='bbox 687 2274 811 2341; x_wconf 89' lang='lat' dir='ltr'>Verum</span> <span class='ocrx_word' id='word_1_92' title='bbox 829 2294 900 2339; x_wconf 88' lang='lat' dir='ltr'>curn</span> <span class='ocrx_word' id='word_1_93' title='bbox 916 2281 1058 2339; x_wconf 89' lang='lat' dir='ltr'>castrum</span> <span class='ocrx_word' id='word_1_94' title='bbox 1076 2275 1214 2340; x_wconf 82' lang='lat' dir='ltr'>Comitis</span> <span class='ocrx_word' id='word_1_95' title='bbox 1232 2271 1439 2340; x_wconf 81' lang='lat' dir='ltr'>Constantini</span> <span class='ocrx_word' id='word_1_96' title='bbox 1455 2295 1525 2357; x_wconf 88' lang='lat' dir='ltr'>pos·</span> 
     </span>
     <span class='ocr_line' id='line_1_17' title="bbox 403 2380 1527 2465; baseline -0.004 -17"><span class='ocrx_word' id='word_1_97' title='bbox 403 2388 454 2448; x_wconf 89' lang='lat' dir='ltr'>set</span> <span class='ocrx_word' id='word_1_98' title='bbox 470 2382 648 2465; x_wconf 84' lang='lat' dir='ltr'>importare</span> <span class='ocrx_word' id='word_1_99' title='bbox 678 2381 904 2463; x_wconf 84' lang='lat' dir='ltr'>preiudicium‚</span> <span class='ocrx_word' id='word_1_100' title='bbox 934 2403 1006 2446; x_wconf 90' lang='lat' dir='ltr'>cum</span> <span class='ocrx_word' id='word_1_101' title='bbox 1031 2404 1090 2465; x_wconf 91' lang='lat' dir='ltr'>per</span> <span class='ocrx_word' id='word_1_102' title='bbox 1114 2383 1229 2465; x_wconf 87' lang='lat' dir='ltr'>ipsum,</span> <span class='ocrx_word' id='word_1_103' title='bbox 1254 2380 1343 2446; x_wconf 87' lang='lat' dir='ltr'>lacta</span> <span class='ocrx_word' id='word_1_104' title='bbox 1359 2383 1527 2464; x_wconf 77' lang='lat' dir='ltr'>lampone,</span> 
     </span>
     <span class='ocr_line' id='line_1_18' title="bbox 403 2487 1528 2575; baseline -0.004 -20"><span class='ocrx_word' id='word_1_105' title='bbox 403 2495 538 2575; x_wconf 89' lang='lat' dir='ltr'>possent</span> <span class='ocrx_word' id='word_1_106' title='bbox 553 2488 622 2553; x_wconf 90' lang='lat' dir='ltr'>fieri</span> <span class='ocrx_word' id='word_1_107' title='bbox 640 2487 759 2553; x_wconf 90' lang='lat' dir='ltr'>damna</span> <span class='ocrx_word' id='word_1_108' title='bbox 774 2490 895 2553; x_wconf 90' lang='lat' dir='ltr'>nostris</span> <span class='ocrx_word' id='word_1_109' title='bbox 910 2488 1059 2554; x_wconf 88' lang='lat' dir='ltr'>fidelibus</span> <span class='ocrx_word' id='word_1_110' title='bbox 1084 2489 1124 2553; x_wconf 87' lang='lat' dir='ltr'>de</span> <span class='ocrx_word' id='word_1_111' title='bbox 1149 2487 1318 2554; x_wconf 86' lang='lat' dir='ltr'>Scibenico</span> <span class='ocrx_word' id='word_1_112' title='bbox 1334 2490 1398 2554; x_wconf 92' lang='lat' dir='ltr'>isto</span> <span class='ocrx_word' id='word_1_113' title='bbox 1416 2487 1528 2566; x_wconf 86' lang='lat' dir='ltr'>medio,</span> 
     </span>
     <span class='ocr_line' id='line_1_19' title="bbox 404 2593 1530 2679; baseline -0.003 -18"><span class='ocrx_word' id='word_1_114' title='bbox 404 2603 481 2662; x_wconf 86' lang='lat' dir='ltr'>ante</span> <span class='ocrx_word' id='word_1_115' title='bbox 497 2615 596 2677; x_wconf 89' lang='lat' dir='ltr'>quam</span> <span class='ocrx_word' id='word_1_116' title='bbox 612 2596 828 2679; x_wconf 86' lang='lat' dir='ltr'>compleretur</span> <span class='ocrx_word' id='word_1_117' title='bbox 843 2596 1000 2660; x_wconf 89' lang='lat' dir='ltr'>terminus</span> <span class='ocrx_word' id='word_1_118' title='bbox 1017 2596 1069 2663; x_wconf 89' lang='lat' dir='ltr'>VI</span> <span class='ocrx_word' id='word_1_119' title='bbox 1079 2598 1246 2676; x_wconf 83' lang='lat' dir='ltr'>mensium,</span> <span class='ocrx_word' id='word_1_120' title='bbox 1257 2595 1343 2661; x_wconf 85' lang='lat' dir='ltr'>infra</span> <span class='ocrx_word' id='word_1_121' title='bbox 1357 2616 1454 2679; x_wconf 51' lang='lat' dir='ltr'>¹quem</span> <span class='ocrx_word' id='word_1_122' title='bbox 1471 2593 1530 2658; x_wconf 84' lang='lat' dir='ltr'>Oo-</span> 
     </span>
     <span class='ocr_line' id='line_1_20' title="bbox 406 2700 1530 2787; baseline -0.004 -18"><span class='ocrx_word' id='word_1_123' title='bbox 406 2725 475 2769; x_wconf 90' lang='lat' dir='ltr'>mes</span> <span class='ocrx_word' id='word_1_124' title='bbox 489 2700 522 2766; x_wconf 90' lang='lat' dir='ltr'>N</span> <span class='ocrx_word' id='word_1_125' title='bbox 525 2702 661 2785; x_wconf 89' lang='lat' dir='ltr'>elipcius</span> <span class='ocrx_word' id='word_1_126' title='bbox 677 2703 839 2783; x_wconf 88' lang='lat' dir='ltr'>promittit</span> <span class='ocrx_word' id='word_1_127' title='bbox 854 2704 960 2787; x_wconf 88' lang='lat' dir='ltr'>ipsum</span> <span class='ocrx_word' id='word_1_128' title='bbox 978 2711 1119 2769; x_wconf 88' lang='lat' dir='ltr'>castrum</span> <span class='ocrx_word' id='word_1_129' title='bbox 1129 2704 1237 2769; x_wconf 84' lang='lat' dir='ltr'>facere</span> <span class='ocrx_word' id='word_1_130' title='bbox 1253 2704 1396 2768; x_wconf 91' lang='lat' dir='ltr'>ruinari:</span> <span class='ocrx_word' id='word_1_131' title='bbox 1413 2701 1530 2766; x_wconf 87' lang='lat' dir='ltr'>scriba·</span> 
     </span>
     <span class='ocr_line' id='line_1_21' title="bbox 407 2806 1532 2894; baseline -0.005 -18"><span class='ocrx_word' id='word_1_132' title='bbox 407 2819 462 2876; x_wconf 91' lang='lat' dir='ltr'>tur</span> <span class='ocrx_word' id='word_1_133' title='bbox 477 2809 575 2875; x_wconf 91' lang='lat' dir='ltr'>dictis</span> <span class='ocrx_word' id='word_1_134' title='bbox 590 2809 828 2892; x_wconf 86' lang='lat' dir='ltr'>Prorisoribns,</span> <span class='ocrx_word' id='word_1_135' title='bbox 845 2811 934 2892; x_wconf 87' lang='lat' dir='ltr'>quod</span> <span class='ocrx_word' id='word_1_136' title='bbox 950 2812 976 2875; x_wconf 92' lang='lat' dir='ltr'>si</span> <span class='ocrx_word' id='word_1_137' title='bbox 992 2818 1135 2894; x_wconf 90' lang='lat' dir='ltr'>possunt,</span> <span class='ocrx_word' id='word_1_138' title='bbox 1151 2810 1320 2876; x_wconf 83' lang='lat' dir='ltr'>obtineant</span> <span class='ocrx_word' id='word_1_139' title='bbox 1330 2810 1371 2874; x_wconf 93' lang='lat' dir='ltr'>de</span> <span class='ocrx_word' id='word_1_140' title='bbox 1386 2806 1532 2874; x_wconf 82' lang='lat' dir='ltr'>iaciendo</span> 
     </span>
     <span class='ocr_line' id='line_1_22' title="bbox 410 2918 1616 3000; baseline -0.007 -16"><span class='ocrx_word' id='word_1_141' title='bbox 410 2919 534 2984; x_wconf 80' lang='lat' dir='ltr'>raineri</span> <span class='ocrx_word' id='word_1_142' title='bbox 551 2918 656 3000; x_wconf 84' lang='lat' dir='ltr'>ipsum</span> <span class='ocrx_word' id='word_1_143' title='bbox 673 2923 816 2984; x_wconf 89' lang='lat' dir='ltr'>castrum</span> <span class='ocrx_word' id='word_1_144' title='bbox 833 2920 964 2998; x_wconf 82' lang='lat' dir='ltr'>statim3</span> <span class='ocrx_word' id='word_1_145' title='bbox 981 2925 1015 2983; x_wconf 93' lang='lat' dir='ltr'>et</span> <span class='ocrx_word' id='word_1_146' title='bbox 1032 2920 1059 2982; x_wconf 90' lang='lat' dir='ltr'>si</span> <span class='ocrx_word' id='word_1_147' title='bbox 1076 2919 1138 2984; x_wconf 88' lang='lat' dir='ltr'>hoc</span> <span class='ocrx_word' id='word_1_148' title='bbox 1153 2920 1300 2984; x_wconf 88' lang='lat' dir='ltr'>obtinere</span> <span class='ocrx_word' id='word_1_149' title='bbox 1315 2938 1379 2983; x_wconf 92' lang='lat' dir='ltr'>non</span> <span class='ocrx_word' id='word_1_150' title='bbox 1394 2920 1533 3000; x_wconf 79' lang='lat' dir='ltr'>possent,</span> <span class='ocrx_word' id='word_1_151' title='bbox 1613 2929 1616 3000; x_wconf 65' lang='lat' dir='ltr'>p</span> 
     </span>
     <span class='ocr_line' id='line_1_23' title="bbox 409 3011 1616 3108; baseline -0.002 -22"><span class='ocrx_word' id='word_1_152' title='bbox 409 3022 532 3089; x_wconf 82' lang='lat' dir='ltr'>faciant</span> <span class='ocrx_word' id='word_1_153' title='bbox 546 3026 662 3091; x_wconf 84' lang='lat' dir='ltr'>saltem</span> <span class='ocrx_word' id='word_1_154' title='bbox 678 3047 843 3091; x_wconf 88' lang='lat' dir='ltr'>removere</span> <span class='ocrx_word' id='word_1_155' title='bbox 859 3024 940 3090; x_wconf 90' lang='lat' dir='ltr'>illud</span> <span class='ocrx_word' id='word_1_156' title='bbox 956 3026 1099 3108; x_wconf 84' lang='lat' dir='ltr'>uerbum,</span> <span class='ocrx_word' id='word_1_157' title='bbox 1115 3026 1203 3108; x_wconf 92' lang='lat' dir='ltr'>quod</span> <span class='ocrx_word' id='word_1_158' title='bbox 1220 3026 1308 3107; x_wconf 90' lang='lat' dir='ltr'>dicit,</span> <span class='ocrx_word' id='word_1_159' title='bbox 1325 3011 1412 3107; x_wconf 80' lang='lat' dir='ltr'>qirod</span> <span class='ocrx_word' id='word_1_160' title='bbox 1429 3023 1532 3088; x_wconf 90' lang='lat' dir='ltr'>dictus</span> <span class='ocrx_word' id='word_1_161' title='bbox 1614 3013 1616 3086; x_wconf 88' lang='lat' dir='ltr'>l</span> 
     </span>
     <span class='ocr_line' id='line_1_24' title="bbox 410 3129 1616 3226; baseline -0.004 -31"><span class='ocrx_word' id='word_1_162' title='bbox 410 3129 527 3196; x_wconf 78' lang='lat' dir='ltr'>(lomes</span> <span class='ocrx_word' id='word_1_163' title='bbox 543 3130 713 3216; x_wconf 91' lang='lat' dir='ltr'>Nelipcius</span> <span class='ocrx_word' id='word_1_164' title='bbox 743 3138 893 3198; x_wconf 87' lang='lat' dir='ltr'>teneatur</span> <span class='ocrx_word' id='word_1_165' title='bbox 924 3133 1047 3197; x_wconf 70' lang='lat' dir='ltr'>ruinam⁸</span> <span class='ocrx_word' id='word_1_166' title='bbox 1078 3132 1191 3198; x_wconf 86' lang='lat' dir='ltr'>fecisse</span> <span class='ocrx_word' id='word_1_167' title='bbox 1223 3132 1311 3198; x_wconf 87' lang='lat' dir='ltr'>infra</span> <span class='ocrx_word' id='word_1_168' title='bbox 1327 3131 1381 3200; x_wconf 91' lang='lat' dir='ltr'>VI</span> <span class='ocrx_word' id='word_1_169' title='bbox 1404 3149 1533 3204; x_wconf 87' lang='lat' dir='ltr'>menses,</span> <span class='ocrx_word' id='word_1_170' title='bbox 1614 3157 1616 3226; x_wconf 60' lang='lat'>3</span> 
     </span>
     <span class='ocr_line' id='line_1_25' title="bbox 412 3227 1616 3323; baseline -0.004 -22"><span class='ocrx_word' id='word_1_171' title='bbox 412 3237 501 3302; x_wconf 80' lang='lat' dir='ltr'>salvo</span> <span class='ocrx_word' id='word_1_172' title='bbox 518 3239 545 3302; x_wconf 90' lang='lat' dir='ltr'>si</span> <span class='ocrx_word' id='word_1_173' title='bbox 560 3260 619 3323; x_wconf 92' lang='lat' dir='ltr'>per</span> <span class='ocrx_word' id='word_1_174' title='bbox 634 3241 823 3305; x_wconf 89' lang='lat' dir='ltr'>Dominium</span> <span class='ocrx_word' id='word_1_175' title='bbox 840 3261 903 3303; x_wconf 91' lang='lat' dir='ltr'>non</span> <span class='ocrx_word' id='word_1_176' title='bbox 921 3239 1005 3304; x_wconf 87' lang='lat' dir='ltr'>foret</span> <span class='ocrx_word' id='word_1_177' title='bbox 1016 3241 1104 3305; x_wconf 91' lang='lat' dir='ltr'>dicto</span> <span class='ocrx_word' id='word_1_178' title='bbox 1121 3240 1242 3305; x_wconf 80' lang='lat' dir='ltr'>Comiti</span> <span class='ocrx_word' id='word_1_179' title='bbox 1257 3240 1410 3322; x_wconf 89' lang='lat' dir='ltr'>Nelipcio</span> <span class='ocrx_word' id='word_1_180' title='bbox 1427 3235 1531 3302; x_wconf 88' lang='lat' dir='ltr'>termi-</span> <span class='ocrx_word' id='word_1_181' title='bbox 1614 3227 1616 3312; x_wconf 78' lang='lat' dir='ltr'>l</span> 
     </span>
     <span class='ocr_line' id='line_1_26' title="bbox 413 3332 1537 3441; baseline -0.002 -33"><span class='ocrx_word' id='word_1_182' title='bbox 413 3365 473 3409; x_wconf 89' lang='lat' dir='ltr'>nus</span> <span class='ocrx_word' id='word_1_183' title='bbox 489 3354 697 3430; x_wconf 83' lang='lat' dir='ltr'>prorogatus,</span> <span class='ocrx_word' id='word_1_184' title='bbox 712 3347 862 3430; x_wconf 91' lang='lat' dir='ltr'>ponendo</span> <span class='ocrx_word' id='word_1_185' title='bbox 879 3348 912 3411; x_wconf 92' lang='lat' dir='ltr'>in</span> <span class='ocrx_word' id='word_1_186' title='bbox 937 3369 1017 3429; x_wconf 86' lang='lat' dir='ltr'>pace</span> <span class='ocrx_word' id='word_1_187' title='bbox 1039 3349 1148 3441; x_wconf 75' lang='lat' dir='ltr'>solum</span> <span class='ocrx_word' id='word_1_188' title='bbox 1173 3353 1205 3412; x_wconf 92' lang='lat' dir='ltr'>et</span> <span class='ocrx_word' id='word_1_189' title='bbox 1218 3332 1351 3430; x_wconf 85' lang='lat' dir='ltr'>precise,</span> <span class='ocrx_word' id='word_1_190' title='bbox 1369 3345 1457 3428; x_wconf 91' lang='lat' dir='ltr'>quod</span> <span class='ocrx_word' id='word_1_191' title='bbox 1471 3345 1537 3426; x_wconf 84' lang='lat' dir='ltr'>ipse</span> 
     </span>
     <span class='ocr_line' id='line_1_27' title="bbox 413 3435 1616 3532; baseline 0.004 -17"><span class='ocrx_word' id='word_1_192' title='bbox 413 3456 565 3517; x_wconf 88' lang='lat' dir='ltr'>teneatur</span> <span class='ocrx_word' id='word_1_193' title='bbox 580 3452 642 3518; x_wconf 93' lang='lat' dir='ltr'>hoc</span> <span class='ocrx_word' id='word_1_194' title='bbox 657 3451 771 3518; x_wconf 88' lang='lat' dir='ltr'>fecisse</span> <span class='ocrx_word' id='word_1_195' title='bbox 795 3453 882 3518; x_wconf 86' lang='lat' dir='ltr'>infra</span> <span class='ocrx_word' id='word_1_196' title='bbox 908 3454 1030 3518; x_wconf 90' lang='lat' dir='ltr'>dictum</span> <span class='ocrx_word' id='word_1_197' title='bbox 1056 3449 1229 3519; x_wconf 84' lang='lat' dir='ltr'>terminum</span> <span class='ocrx_word' id='word_1_198' title='bbox 1244 3454 1297 3522; x_wconf 89' lang='lat' dir='ltr'>VI</span> <span class='ocrx_word' id='word_1_199' title='bbox 1322 3455 1488 3532; x_wconf 87' lang='lat' dir='ltr'>mensium,</span> <span class='ocrx_word' id='word_1_200' title='bbox 1503 3457 1538 3514; x_wconf 90' lang='lat' dir='ltr'>ut</span> <span class='ocrx_word' id='word_1_201' title='bbox 1614 3435 1616 3520; x_wconf 63' lang='lat' dir='ltr'>l</span> 
     </span>
     <span class='ocr_line' id='line_1_28' title="bbox 415 3551 1616 3644; baseline -0.002 -22"><span class='ocrx_word' id='word_1_202' title='bbox 415 3559 567 3640; x_wconf 88' lang='lat' dir='ltr'>superius</span> <span class='ocrx_word' id='word_1_203' title='bbox 599 3561 721 3626; x_wconf 89' lang='lat' dir='ltr'>dictum</span> <span class='ocrx_word' id='word_1_204' title='bbox 753 3566 811 3626; x_wconf 82' lang='lat' dir='ltr'>est</span> <span class='ocrx_word' id='word_1_205' title='bbox 843 3562 889 3626; x_wconf 88' lang='lat' dir='ltr'>Et</span> <span class='ocrx_word' id='word_1_206' title='bbox 915 3551 1003 3643; x_wconf 85' lang='lat' dir='ltr'>quod</span> <span class='ocrx_word' id='word_1_207' title='bbox 1027 3563 1124 3626; x_wconf 87' lang='lat' dir='ltr'>etiam</span> <span class='ocrx_word' id='word_1_208' title='bbox 1141 3566 1323 3644; x_wconf 85' lang='lat' dir='ltr'>procurent,</span> <span class='ocrx_word' id='word_1_209' title='bbox 1339 3563 1367 3626; x_wconf 89' lang='lat' dir='ltr'>si</span> <span class='ocrx_word' id='word_1_210' title='bbox 1382 3565 1539 3644; x_wconf 72' lang='lat' dir='ltr'>poterunt</span> <span class='ocrx_word' id='word_1_211' title='bbox 1614 3577 1616 3636; x_wconf 71' lang='lat' dir='ltr'>j</span> 
     </span>
     <span class='ocr_line' id='line_1_29' title="bbox 416 3657 1616 3752; baseline -0.003 -22"><span class='ocrx_word' id='word_1_212' title='bbox 416 3664 574 3747; x_wconf 85' lang='lat' dir='ltr'>obtinere,</span> <span class='ocrx_word' id='word_1_213' title='bbox 590 3666 679 3750; x_wconf 91' lang='lat' dir='ltr'>quod</span> <span class='ocrx_word' id='word_1_214' title='bbox 694 3687 759 3751; x_wconf 85' lang='lat' dir='ltr'>pax</span> <span class='ocrx_word' id='word_1_215' title='bbox 775 3665 941 3750; x_wconf 85' lang='lat' dir='ltr'>procedat,</span> <span class='ocrx_word' id='word_1_216' title='bbox 959 3668 1136 3733; x_wconf 87' lang='lat' dir='ltr'>secundum</span> <span class='ocrx_word' id='word_1_217' title='bbox 1153 3669 1241 3749; x_wconf 90' lang='lat' dir='ltr'>quod</span> <span class='ocrx_word' id='word_1_218' title='bbox 1257 3691 1277 3733; x_wconf 90' lang='lat' dir='ltr'>a</span> <span class='ocrx_word' id='word_1_219' title='bbox 1293 3669 1455 3752; x_wconf 85' lang='lat' dir='ltr'>principio</span> <span class='ocrx_word' id='word_1_220' title='bbox 1471 3687 1540 3732; x_wconf 88' lang='lat' dir='ltr'>con·</span> <span class='ocrx_word' id='word_1_221' title='bbox 1614 3657 1616 3660; x_wconf 64' lang='grc'><strong>’</strong></span> 
     </span>
     <span class='ocr_line' id='line_1_30' title="bbox 416 3771 1616 3859; baseline -0.003 -23"><span class='ocrx_word' id='word_1_222' title='bbox 416 3771 751 3852; x_wconf 86' lang='lat' dir='ltr'>tinctur,nbicont1·a</span> <span class='ocrx_word' id='word_1_223' title='bbox 776 3773 864 3856; x_wconf 86' lang='lat' dir='ltr'>quod</span> <span class='ocrx_word' id='word_1_224' title='bbox 889 3774 958 3856; x_wconf 88' lang='lat' dir='ltr'>ipse</span> <span class='ocrx_word' id='word_1_225' title='bbox 983 3772 1100 3838; x_wconf 81' lang='lat' dir='ltr'>Comes</span> <span class='ocrx_word' id='word_1_226' title='bbox 1118 3773 1289 3858; x_wconf 87' lang='lat' dir='ltr'>Nelipcius</span> <span class='ocrx_word' id='word_1_227' title='bbox 1306 3774 1469 3859; x_wconf 88' lang='lat' dir='ltr'>promittit</span> <span class='ocrx_word' id='word_1_228' title='bbox 1485 3792 1540 3855; x_wconf 92' lang='lat' dir='ltr'>pro</span> <span class='ocrx_word' id='word_1_229' title='bbox 1615 3793 1616 3832; x_wconf 84' lang='lat'>1</span> 
     </span>
     <span class='ocr_line' id='line_1_31' title="bbox 417 3878 1616 3965; baseline -0.002 -21"><span class='ocrx_word' id='word_1_230' title='bbox 417 3878 544 3946; x_wconf 84' lang='lat' dir='ltr'>Comite</span> <span class='ocrx_word' id='word_1_231' title='bbox 561 3880 788 3965; x_wconf 84' lang='lat' dir='ltr'>Constantino,</span> <span class='ocrx_word' id='word_1_232' title='bbox 805 3883 873 3946; x_wconf 89' lang='lat' dir='ltr'>sine</span> <span class='ocrx_word' id='word_1_233' title='bbox 890 3881 948 3945; x_wconf 88' lang='lat' dir='ltr'>illa</span> <span class='ocrx_word' id='word_1_234' title='bbox 959 3881 1135 3964; x_wconf 85' lang='lat' dir='ltr'>additione,</span> <span class='ocrx_word' id='word_1_235' title='bbox 1148 3903 1211 3963; x_wconf 89' lang='lat' dir='ltr'>que</span> <span class='ocrx_word' id='word_1_236' title='bbox 1223 3883 1410 3947; x_wconf 91' lang='lat' dir='ltr'>continetur</span> <span class='ocrx_word' id='word_1_237' title='bbox 1419 3883 1453 3945; x_wconf 89' lang='lat' dir='ltr'>in</span> <span class='ocrx_word' id='word_1_238' title='bbox 1463 3880 1541 3956; x_wconf 81' lang='lat' dir='ltr'>fine3</span> <span class='ocrx_word' id='word_1_239' title='bbox 1615 3957 1616 3962; x_wconf 8' lang='grc' dir='ltr'>ἵ</span> 
     </span>
     <span class='ocr_line' id='line_1_32' title="bbox 419 3987 1544 4072; baseline -0.004 -20"><span class='ocrx_word' id='word_1_240' title='bbox 419 3987 578 4067; x_wconf 80' lang='lat' dir='ltr'>videlicet,</span> <span class='ocrx_word' id='word_1_241' title='bbox 595 3988 683 4070; x_wconf 91' lang='lat' dir='ltr'>qnod</span> <span class='ocrx_word' id='word_1_242' title='bbox 700 3989 728 4054; x_wconf 85' lang='lat' dir='ltr'>si</span> <span class='ocrx_word' id='word_1_243' title='bbox 744 3987 861 4054; x_wconf 80' lang='lat' dir='ltr'>Comes</span> <span class='ocrx_word' id='word_1_244' title='bbox 877 3987 1112 4053; x_wconf 80' lang='lat' dir='ltr'>Constantinus</span> <span class='ocrx_word' id='word_1_245' title='bbox 1144 3995 1230 4054; x_wconf 88' lang='lat' dir='ltr'>esset</span> <span class='ocrx_word' id='word_1_246' title='bbox 1256 3990 1297 4054; x_wconf 88' lang='lat' dir='ltr'>ab</span> <span class='ocrx_word' id='word_1_247' title='bbox 1314 3990 1386 4072; x_wconf 90' lang='lat' dir='ltr'>ipso</span> <span class='ocrx_word' id='word_1_248' title='bbox 1419 3987 1544 4053; x_wconf 85' lang='lat' dir='ltr'>Oomite</span> 
     </span>
     <span class='ocr_line' id='line_1_33' title="bbox 422 4091 1616 4178; baseline -0.003 -21"><span class='ocrx_word' id='word_1_249' title='bbox 422 4092 573 4178; x_wconf 89' lang='lat' dir='ltr'>Nelipcio</span> <span class='ocrx_word' id='word_1_250' title='bbox 589 4095 623 4160; x_wconf 90' lang='lat' dir='ltr'>in</span> <span class='ocrx_word' id='word_1_251' title='bbox 639 4102 708 4161; x_wconf 90' lang='lat' dir='ltr'>toto</span> <span class='ocrx_word' id='word_1_252' title='bbox 726 4096 853 4176; x_wconf 88' lang='lat' dir='ltr'>divisus,</span> <span class='ocrx_word' id='word_1_253' title='bbox 878 4101 912 4160; x_wconf 89' lang='lat' dir='ltr'>et</span> <span class='ocrx_word' id='word_1_254' title='bbox 927 4096 1015 4177; x_wconf 87' lang='lat' dir='ltr'>quod</span> <span class='ocrx_word' id='word_1_255' title='bbox 1040 4097 1082 4161; x_wconf 87' lang='lat' dir='ltr'>ab</span> <span class='ocrx_word' id='word_1_256' title='bbox 1098 4097 1169 4178; x_wconf 89' lang='lat' dir='ltr'>ipso</span> <span class='ocrx_word' id='word_1_257' title='bbox 1185 4095 1284 4160; x_wconf 88' lang='lat' dir='ltr'>nichil</span> <span class='ocrx_word' id='word_1_258' title='bbox 1301 4095 1447 4176; x_wconf 87' lang='lat' dir='ltr'>haberet,</span> <span class='ocrx_word' id='word_1_259' title='bbox 1463 4091 1545 4178; x_wconf 89' lang='lat' dir='ltr'>qnod</span> <span class='ocrx_word' id='word_1_260' title='bbox 1615 4169 1616 4172; x_wconf 8' lang='grc' dir='ltr'><strong>Ἴ</strong></span> 
     </span>
     <span class='ocr_line' id='line_1_34' title="bbox 423 4187 1616 4287; baseline 0 -23"><span class='ocrx_word' id='word_1_261' title='bbox 423 4222 488 4266; x_wconf 91' lang='lat' dir='ltr'>non</span> <span class='ocrx_word' id='word_1_262' title='bbox 503 4207 654 4267; x_wconf 83' lang='lat' dir='ltr'>teneatur</span> <span class='ocrx_word' id='word_1_263' title='bbox 663 4224 723 4287; x_wconf 92' lang='lat' dir='ltr'>pro</span> <span class='ocrx_word' id='word_1_264' title='bbox 733 4204 804 4287; x_wconf 85' lang='lat' dir='ltr'>ipso</span> <span class='ocrx_word' id='word_1_265' title='bbox 822 4201 951 4266; x_wconf 83' lang='lat' dir='ltr'>Gemite</span> <span class='ocrx_word' id='word_1_266' title='bbox 965 4200 1190 4268; x_wconf 81' lang='lat' dir='ltr'>Constantino.</span> <span class='ocrx_word' id='word_1_267' title='bbox 1203 4203 1245 4267; x_wconf 79' lang='lat' dir='ltr'>nt</span> <span class='ocrx_word' id='word_1_268' title='bbox 1262 4203 1289 4267; x_wconf 90' lang='lat' dir='ltr'>si</span> <span class='ocrx_word' id='word_1_269' title='bbox 1306 4209 1469 4286; x_wconf 86' lang='lat' dir='ltr'>poterunt,</span> <span class='ocrx_word' id='word_1_270' title='bbox 1477 4221 1548 4286; x_wconf 92' lang='lat' dir='ltr'>pro·</span> <span class='ocrx_word' id='word_1_271' title='bbox 1615 4187 1616 4190; x_wconf 23' lang='lat'>¹</span> 
     </span>
     <span class='ocr_line' id='line_1_35' title="bbox 424 4309 1616 4393; baseline -0.003 -20"><span class='ocrx_word' id='word_1_272' title='bbox 424 4314 539 4373; x_wconf 90' lang='lat' dir='ltr'>curent</span> <span class='ocrx_word' id='word_1_273' title='bbox 571 4309 677 4390; x_wconf 86' lang='lat' dir='ltr'>etiam,</span> <span class='ocrx_word' id='word_1_274' title='bbox 709 4310 797 4392; x_wconf 92' lang='lat' dir='ltr'>quod</span> <span class='ocrx_word' id='word_1_275' title='bbox 827 4310 1011 4392; x_wconf 87' lang='lat' dir='ltr'>depositum</span> <span class='ocrx_word' id='word_1_276' title='bbox 1028 4316 1132 4374; x_wconf 86' lang='lat' dir='ltr'>totum</span> <span class='ocrx_word' id='word_1_277' title='bbox 1150 4312 1194 4375; x_wconf 88' lang='lat' dir='ltr'>sit</span> <span class='ocrx_word' id='word_1_278' title='bbox 1209 4309 1392 4393; x_wconf 85' lang='lat' dir='ltr'>obligatum</span> <span class='ocrx_word' id='word_1_279' title='bbox 1407 4316 1475 4374; x_wconf 89' lang='lat' dir='ltr'>tam</span> <span class='ocrx_word' id='word_1_280' title='bbox 1492 4327 1548 4393; x_wconf 93' lang='lat' dir='ltr'>pro</span> <span class='ocrx_word' id='word_1_281' title='bbox 1614 4359 1616 4364; x_wconf 95' lang='lat'><em>.</em></span> 
     </span>
     <span class='ocr_line' id='line_1_36' title="bbox 423 4416 1549 4500; baseline 0.002 -20"><span class='ocrx_word' id='word_1_282' title='bbox 423 4416 609 4481; x_wconf 80' lang='lat' dir='ltr'>minatione</span> <span class='ocrx_word' id='word_1_283' title='bbox 625 4418 733 4498; x_wconf 89' lang='lat' dir='ltr'>castri,</span> <span class='ocrx_word' id='word_1_284' title='bbox 751 4439 849 4500; x_wconf 90' lang='lat' dir='ltr'>qnam</span> <span class='ocrx_word' id='word_1_285' title='bbox 864 4437 926 4500; x_wconf 90' lang='lat' dir='ltr'>pro</span> <span class='ocrx_word' id='word_1_286' title='bbox 954 4416 1026 4480; x_wconf 91' lang='lat' dir='ltr'>aliis</span> <span class='ocrx_word' id='word_1_287' title='bbox 1053 4417 1202 4483; x_wconf 88' lang='lat' dir='ltr'>omnibns</span> <span class='ocrx_word' id='word_1_288' title='bbox 1213 4484 1215 4490; x_wconf 77' lang='grc'><strong>,</strong></span> <span class='ocrx_word' id='word_1_289' title='bbox 1227 4417 1387 4482; x_wconf 88' lang='lat' dir='ltr'>contentis</span> <span class='ocrx_word' id='word_1_290' title='bbox 1413 4417 1448 4482; x_wconf 89' lang='lat' dir='ltr'>in</span> <span class='ocrx_word' id='word_1_291' title='bbox 1462 4437 1549 4500; x_wconf 86' lang='lat' dir='ltr'>pace,</span> 
     </span>
    </p>
   </div>
   <div class='ocr_carea' id='block_1_8' title="bbox 0 0 1684 5252">
    <p class='ocr_par' dir='ltr' id='par_1_8' title="bbox 0 0 1684 5252">
     <span class='ocr_line' id='line_1_37' title="bbox 0 0 1684 5252; baseline 0 0"><span class='ocrx_word' id='word_1_292' title='bbox 0 0 1684 5252; x_wconf 95' lang='lat' dir='ltr'> </span> 
     </span>
    </p>
   </div>
  </div>
 </body>
</html>
