3108 5246
245 297 283 302 ”
350 302 414 362 326
700 302 1123 362 nreuonnozrnrannarnn.
1239 335 1244 342 -

350 473 594 540 rationabiliter
620 475 785 556 deuolute,
811 494 1001 558 quecunque
1027 479 1112 554 suut,
1136 479 1169 538 et
1185 475 1219 538 in
1235 473 1464 556 quibuscunque
1541 522 1545 530 .

348 581 548 662 consistant3
572 583 671 648 etiam
688 583 775 666 quod
793 603 947 648 excausa
974 581 1178 664 quarundam
1195 581 1320 647 dotium
1339 585 1466 663 assigna-

347 695 457 756 tarum
483 709 541 772 per
568 689 706 756 eundem
730 689 870 756 Bucium
887 690 991 756 eidem
1008 689 1173 773 quondam
1191 689 1290 756 Oicco
1306 691 1427 754 nomine
1440 693 1467 752 et

348 817 409 879 pro
426 803 521 880 parte
540 800 663 862 sororis
690 797 797 862 suein
813 796 907 862 bonis
924 796 993 862 eius
1010 793 1196 861 huiusmodi
1215 793 1381 878 pretendit
1394 794 1466 859 idem

349 902 471 969 Bucius
488 903 650 970 rationale
664 901 719 986 jus
735 901 868 982 habere,
884 921 985 985 usque
998 900 1122 967 scilicet
1134 901 1178 968 ad
1187 901 1331 967 valorem
1342 922 1466 966 annuum

21 1035 31 1064 τ
155 997 220 1012 χ’
347 1011 514 1078 unciarum
540 1009 613 1074 auri
638 1009 750 1076 decem
773 1009 927 1093 ponderis
956 1008 1120 1091 generalis
1137 1016 1196 1075 etc.
1213 1009 1369 1093 dedimus,
1383 1009 1466 1074 dona·

348 1120 465 1200 nimus,
483 1118 678 1184 tradidimus
695 1123 795 1201 atque
811 1117 1030 1183 concessimus
1047 1117 1087 1184 de
1104 1121 1196 1184 certa
1211 1121 1326 1183 nostra
1341 1117 1467 1196 scientia,

348 1224 545 1291 liberalitate
569 1245 660 1290 mera
686 1230 720 1290 et
745 1225 857 1308 gratia
881 1223 1035 1308 specialj3
1066 1226 1116 1290 ita
1141 1224 1230 1307 quod
1255 1224 1353 1289 liceat
1377 1223 1465 1288 eidem

349 1331 462 1412 Baelo,
477 1331 681 1416 prolatisque
706 1333 773 1396 suis
799 1329 975 1397 heredibus
1001 1331 1041 1396 de
1063 1331 1130 1397 illis
1147 1350 1246 1415 agere
1263 1339 1361 1415 atque
1376 1331 1466 1415 dispo

349 1462 435 1525 nere,
461 1444 543 1508 sicut
569 1442 610 1508 de
636 1441 709 1525 alijs
733 1440 973 1524 burgensaticis
998 1439 1091 1507 bonis
1117 1441 1184 1506 suis
1201 1447 1262 1506 etc.
1279 1447 1340 1508 etc
1357 1442 1465 1507 Datum

349 1547 493 1632 Neapoli
509 1570 595 1614 anuo
611 1547 746 1614 Domini
773 1547 951 1615 Millesimo
969 1545 1233 1616 oooXLVIIL
1251 1547 1304 1612 die
1320 1547 1396 1616 VIL
1410 1545 1465 1613 No-

352 1642 495 1722 uembris
519 1656 565 1722 II.
591 1656 791 1739 indictionis,
815 1656 1006 1740 Regnorum
1022 1656 1126 1720 nostri
1143 1655 1246 1740 Regis
1262 1677 1348 1722 anno
1364 1656 1464 1739 primo,

348 1765 452 1829 nostri
468 1787 548 1830 uero
564 1765 692 1847 Regino
707 1785 793 1830 anno
809 1762 872 1833 VI.

456 1871 492 1934 (A
516 1873 651 1938 »Registri
671 1873 822 1938 Angioini‹
844 1872 878 1925 A.
894 1876 953 1924 350.
968 1889 1004 1923 az.
1019 1889 1043 1924 a.
1053 1874 1123 1939 Reg.
1145 1873 1283 1924 Ludovici
1296 1878 1325 1923 et
1338 1874 1465 1924 Johanuae

349 1961 490 2012 kotetobol
505 1967 547 2014 75.
562 1963 626 2024 lev.)

878 2215 952 2276 273.

349 2375 549 2440 Auelenczei
574 2376 848 2462 bornutnylunctcs
863 2375 1013 2461 fopadju
1036 2374 1065 2438 Ι.
1084 2375 1185 2462 Lajoa
1201 2401 1339 2466 neappor
1353 2377 1462 2462 atrup-

347 2485 427 2565 παῖε,
442 2487 524 2572 kopp
539 2509 561 2549 a
578 2485 642 2549 vele
657 2481 1000 2570 kdtdttfepyuerazttuet
1008 2485 1178 2571 feltdteleit
1188 2487 1356 2572 teljeaiteai
1366 2481 1460 2571 fopja.

633 2603 638 2608 '
867 2588 961 2656 1348.

458 2748 557 2816 Anno
573 2747 877 2818 MOOOXLVHI.
900 2748 953 2814 die
977 2750 1082 2834 primo
1097 2752 1299 2820 Decembris.
1316 2751 1455 2836 Capta:
1531 2721 1536 2729 .

349 2857 437 2942 quod
453 2857 689 2942 respondeatur
705 2857 834 2922 domino
850 2856 935 2940 Regi
952 2857 1124 2941 Hungarie
1140 2861 1175 2924 in
1190 2860 1253 2926 hac
1269 2861 1379 2928 forma

456 2963 513 3032 Au
528 2970 681 3031 contenta
695 2964 884 3030 litterarum
908 2963 1012 3050 Regio
1028 2966 1224 3052 Maiestatis,
1241 2991 1323 3053 qms
1339 2990 1403 3034 oum
1418 2965 1459 3030 de

349 3081 425 3140 vota
449 3073 620 3140 affectione
646 3074 858 3158 suscepimus,
883 3072 1099 3140 effectualiter
1123 3081 1157 3141 et
1172 3079 1335 3145 veraciter
1349 3095 1459 3159 respon-

349 3183 473 3264 demus
498 3180 585 3264 quod
610 3182 716 3246 nostri
741 3181 842 3248 moris
867 3188 924 3262 est,
948 3189 982 3248 et
997 3184 1044 3248 sic
1060 3183 1169 3250 lacere
1186 3207 1314 3271 semper
1328 3181 1459 3270 proponi·

349 3311 421 3355 mus
444 3289 478 3352 in
504 3287 658 3370 futurum,
681 3287 764 3354 inita
779 3296 877 3371 pacta
894 3310 1030 3355 servare.
1049 3289 1172 3358 Gentes
1193 3294 1358 3377 siquidem
1372 3295 1459 3357 vestre

349 3416 550 3480 quecumque
574 3396 726 3477 transire,
752 3400 842 3462 stare
867 3402 900 3461 at
924 3397 1032 3464 redire
1058 3419 1116 3483 per
1141 3401 1308 3484 quaslibet
1324 3407 1421 3467 terras
1434 3403 1461 3462 et

348 3504 514 3569 districtus
538 3509 669 3568 nostros
693 3503 797 3570 libere
822 3504 996 3571 voluerunt
1020 3513 1054 3572 et
1069 3508 1187 3590 volent,
1204 3508 1331 3592 absque
1346 3503 1459 3592 impedi·

348 3619 458 3678 mento
485 3611 597 3696 aliquo
620 3619 732 3677 nostro
756 3609 807 3676 vel
832 3613 941 3696 gentis
957 3620 1077 3696 nostre,
1101 3617 1257 3699 aquibus
1273 3619 1383 3702 pocius
1397 3613 1460 3682 ami·

348 3720 498 3786 cabiliter
524 3709 647 3804 recepti
673 3726 706 3785 et
722 3720 857 3785 tractati
873 3726 959 3802 sunt,
983 3728 1016 3786 et
1032 3723 1283 3808 omnitempore
1299 3730 1460 3792 tractaren-

348 3834 402 3893 tur
418 3849 493 3894 cum
508 3826 772 3912 expedicionibus
781 3832 816 3894 et
825 3826 992 3895 favoribus
1009 3835 1207 3916 opportunis
1218 3839 1250 3899 et
1265 3834 1314 3899 ita
1328 3849 1461 3917 expresse

349 3938 473 4006 cunctis
489 3933 688 4002 Rectoribns
713 3941 747 3999 et
769 3934 919 4002 fidelibus
935 3937 1057 4003 nostris
1083 3939 1230 4006 dedimus
1254 3941 1290 4005 in
1307 3937 1460 4006 manualis

347 4045 444 4110 Mare
469 4043 569 4108 ctiam
594 4043 717 4110 eunctis
742 4043 931 4111 nationibus
957 4045 1103 4130 cupimus
1136 4069 1207 4114 esse
1232 4067 1390 4132 securum,
1411 4065 1459 4130 per

350 4151 436 4237 quod
461 4173 541 4235 gens
567 4150 687 4221 Vestra
712 4149 817 4233 Regio
843 4151 1057 4220 Celsitudinis
1082 4155 1151 4220 sine
1175 4155 1404 4240 impedimento
1417 4174 1460 4219 no

350 4267 417 4326 stro
443 4259 493 4325 vel
519 4259 624 4342 gentis
650 4263 761 4324 nostre
786 4259 888 4325 libere
921 4263 1075 4344 navigare
1100 4263 1209 4348 potuit
1233 4269 1334 4349 atque
1357 4265 1457 4349 potest.

349 4368 475 4437 Verum
499 4367 534 4432 in
549 4365 646 4433 lactis
661 4367 777 4432 alienis
793 4389 959 4453 nunquam
975 4390 1044 4454 nos,
1059 4370 1122 4439 nisi
1137 4373 1172 4437 in
1189 4371 1342 4441 sedandis
1358 4375 1458 4440 discor·

350 4475 411 4544 diis
427 4475 663 4561 impedivimus,
679 4495 737 4540 neo
754 4475 796 4540 ad
813 4474 847 4540 id
870 4479 959 4562 pacti
977 4481 1076 4546 series
1093 4501 1151 4546 nos
1169 4482 1331 4568 astringit,
1347 4481 1399 4548 sed
1412 4475 1458 4544 red

1542 595 1548 698 p

1544 711 1548 828 l

1544 829 1548 904 l

1545 923 1548 988 l

1544 993 1548 1140 l
