3110 5248
556 361 651 424 1347.
968 335 970 340 ’
1102 363 1166 428 aea

2 527 3 590 i
64 533 129 600 locis
155 533 326 616 Dalmatia,
349 555 430 618 quas
461 541 610 602 tenemus
641 556 715 602 cum
745 537 950 621 pertinentiis
977 539 1162 620 earundem,
1238 529 1242 540 ’

2 667 3 714 ;
62 641 169 724 possim
182 639 421 710 Ambaxatores
436 640 627 726 promittere
643 642 728 709 inter
744 642 869 726 Regem
889 651 924 711 et
939 646 1089 712 Berones
1106 647 1164 713 du·

63 748 215 816 catosLX
229 749 335 818 millia
351 751 405 818 rel
428 749 504 816 inde
529 749 616 816 infra
640 771 739 834 quam
763 752 870 818 minus
896 757 1061 838 poterunt,
1087 751 1165 820 faei-

2 844 3 918 ἐ
60 862 120 923 ente
135 857 190 923 hoc
204 857 352 942 predicto
376 858 508 926 domiuo
532 856 627 944 Rege
651 879 712 943 pro
728 881 763 926 se
782 867 815 926 et
835 860 1078 928 successoribus
1096 861 1162 926 suis

2 955 3 1032 ἒ
59 964 136 1030 uobis
157 970 189 1031 et
211 964 452 1032 suecessoribus
477 967 598 1032 nostms
622 985 683 1049 per
713 967 845 1034 modum
867 967 1100 1034 transactionis
1118 967 1168 1032 rel

2 1061 3 1142 ἶ
59 1090 165 1137 omnem
178 1070 278 1138 alium
294 1070 428 1140 modum
443 1073 549 1158 magis
565 1077 681 1156 tutum,
697 1094 772 1140 cum
787 1073 934 1140 cautellis
950 1079 984 1140 et
998 1074 1167 1142 renuncia·

2 1195 3 1272 t
58 1180 181 1246 tionibus
198 1181 399 1264 opportunis,
415 1179 456 1247 de
472 1180 610 1248 oonsilio
621 1181 813 1266 sapientum,
823 1201 896 1248 eum
906 1183 1069 1267 sapientes
1080 1182 1160 1249 iuris

59 1286 159 1371 (licant,
179 1287 267 1374 quod
291 1289 332 1355 de
348 1289 418 1356 iure
433 1277 505 1356 hoc'
520 1288 593 1356 fieri
617 1296 727 1374 potest
751 1309 825 1356 oum
850 1291 1027 1358 securitate
1043 1297 1164 1360 nostra.

2 1409 4 1488 t
146 1395 192 1461 11.
215 1394 253 1463 Si
270 1402 384 1464 autem
399 1396 548 1463 domiuus
566 1396 640 1462 Rex
655 1403 721 1464 non
746 1403 992 1465 contentaretur
1008 1397 1102 1466 nobis
1118 1400 1167 1466 di·

2 1512 3 1572 t
55 1501 165 1568 mittere
189 1502 340 1570 absolute
366 1503 472 1570 dictas
497 1509 638 1589 quatuor
664 1501 834 1586 Civitates,
857 1505 916 1572 sed
941 1505 1051 1589 potius
1068 1505 1167 1572 vellet

2 1585 4 1680 i
56 1608 160 1693 aliquid
174 1612 355 1694 annuatim,
371 1618 405 1678 et
419 1609 506 1678 foret
522 1617 704 1696 contentus,
720 1612 809 1696 quod
828 1614 897 1697 ipse
915 1618 1059 1696 quatuor
1075 1610 1162 1680 civi-

2 1791 3 1822 }
54 1722 124 1782 tatas
137 1719 226 1786 nobis
241 1725 402 1803 perpetuo
428 1727 462 1786 et
478 1718 581 1786 libere
607 1727 824 1813 remanerent,
848 1719 1043 1788 dimittendo
1060 1720 1093 1788 in
1109 1741 1166 1786 no·

2 1859 4 1916 t
54 1823 206 1893 bisomnia
231 1829 318 1911 iura,
351 1845 414 1908 que
438 1825 574 1894 haberet
597 1847 654 1894 seu
678 1827 802 1894 diceret
821 1825 943 1894 habere
960 1829 1067 1914 ineis,
1090 1847 1162 1913 pos·

2 1919 6 2004 i
55 1933 109 2000 siut
121 1936 219 2002 nostri
234 1935 431 2020 promittere
457 1956 517 2018 pro
532 1936 604 2020 ipsa
629 1937 852 2006 transactione
868 1942 902 2004 et
918 1935 1090 2005 concordio
1107 1933 1165 2002 du·

52 2047 128 2108 catos
141 2050 205 2113 tres
231 2043 324 2110 mille
348 2043 528 2126 annuatim,
552 2050 586 2110 et
611 2043 747 2112 ducatos
772 2052 846 2112 octo
871 2044 962 2112 mille
978 2042 1165 2138 Beronibus

2 2136 11 2226 i
52 2150 137 2216 semel
153 2157 284 2218 tantum
317 2150 369 2216 uel
399 2152 505 2218 minus
537 2150 633 2216 dictis
664 2151 915 2235 quantitatibus,
938 2153 967 2217 si
982 2155 1161 2236 poterunt;

2 2228 3 2318 i
51 2253 204 2324 dummodo
237 2259 302 2323 hoo
318 2279 384 2324 non
414 2257 473 2324 fiat
488 2281 547 2342 per
577 2258 710 2326 modum
738 2257 829 2326 feudi
854 2280 958 2342 neque
975 2279 1089 2325 census
1106 2279 1162 2325 sen

2 2326 5 2400 i
49 2364 254 2450 subiectionis
288 2388 347 2434 nec
371 2388 430 2450 per
455 2367 556 2432 alium
581 2367 720 2448 modum,
743 2367 801 2452 qui
826 2368 930 2452 possit
959 2367 1163 2452 preiudioare

47 2471 126 2538 uobis
141 2480 173 2540 et
198 2474 298 2540 tituto
323 2481 446 2540 nostro.
470 2473 552 2542 Cum
578 2479 744 2558 sapientes
769 2476 850 2541 iuris
876 2474 1026 2542 similiter
1052 2475 1163 2541 dicant

2 2558 5 2658 i
47 2576 96 2643 too
108 2579 174 2647 fieri
189 2602 288 2666 posse
304 2581 345 2647 de
361 2581 431 2646 iure
446 2581 570 2663 absque
594 2579 774 2666 preiudioio
792 2587 924 2662 uostro;
948 2580 1161 2666 intelligendo

2 2715 6 2751 r
46 2686 120 2769 qnod
133 2689 166 2754 in
182 2689 276 2756 omni
291 2709 370 2754 casu
384 2687 459 2753 Rex
483 2689 654 2756 renunciet
679 2695 712 2754 et
727 2688 873 2756 dimittet
891 2687 986 2754 nobis
1002 2695 1161 2774 perpetuo

46 2799 73 2858 et
84 2793 178 2863 libere
194 2796 308 2864 omnia
327 2796 409 2878 iura,
431 2817 494 2879 que
519 2794 643 2862 diceret
659 2817 716 2862 seu
742 2803 854 2880 posset
872 2795 994 2864 habere
1010 2797 1044 2862 in
1058 2800 1159 2867 omni-

44 2899 94 2968 bus
108 2905 179 2974 aliis
197 2903 400 2972 Civitatibus
418 2912 451 2971 et
466 2903 545 2972 loeis
562 2901 740 2987 Dalmatis,
764 2927 846 2989 quas
862 2911 1017 2971 tenemus.

2 2997 5 3088 i
139 3013 200 3082 Ser
231 3013 393 3080 Nicolaus
418 3015 528 3080 Leone
552 3015 633 3096 uult,
656 3013 744 3099 quod
764 3015 861 3081 dictis
876 3011 1159 3082 Ambaxatoribus

2 3093 5 3138 t
43 3121 256 3188 commictatur
271 3121 393 3188 solum:
417 3119 516 3206 Quod
541 3123 570 3187 si
585 3121 660 3188 Rex
683 3127 835 3206 tangeret
850 3122 897 3188 eis
923 3121 963 3188 de
989 3121 1055 3188 iltis
1081 3141 1161 3206 qua·

2 3265 12 3290 ,-
41 3233 106 3294 tuor
119 3232 220 3298 terris
238 3227 418 3314 Sclavonie,
441 3249 524 3312 quas
539 3235 697 3312 tenemus,
721 3235 846 3313 possint
871 3229 976 3296 nostri
990 3227 1160 3296 Ambaxa·

2 3328 7 3446 i
41 3340 114 3405 tores
131 3341 327 3424 promittere
352 3338 393 3404 de
420 3337 528 3404 dando
554 3337 685 3404 domino
713 3337 799 3422 Regi
822 3359 924 3422 usque
949 3338 993 3404 ad
1018 3339 1158 3407 florenos

2 3450 3 3537 i
41 3451 95 3514 tres
109 3448 197 3515 mille
213 3447 303 3515 omni
329 3467 422 3530 anno,
446 3445 554 3512 dando
574 3445 666 3514 nobis
691 3444 936 3514 Ambaxatores
962 3449 1070 3514 omnia
1085 3449 1158 3514 iura

2 3559 4 3648 t
41 3552 67 3618 in
81 3555 172 3625 dietis
187 3556 297 3640 terris,
320 3556 481 3640 poscendo
507 3553 892 3639 prouideraBaronibus
917 3575 1018 3640 usque
1034 3553 1076 3621 ad
1101 3554 1158 3620 flo-

40 3681 123 3732 renos
139 3662 309 3732 octomille
324 3683 390 3730 una
405 3663 473 3730 vice
490 3662 603 3747 solnm,
626 3668 660 3729 et
685 3663 854 3729 solvantur
873 3662 978 3728 solum
995 3661 1157 3745 completo

41 3773 157 3856 negotio
172 3771 363 3841 concordia:
388 3777 421 3838 et
436 3771 586 3855 predicta
602 3770 686 3837 fiant
700 3791 759 3855 per
778 3769 910 3837 modum
926 3769 1156 3836 transactionis

40 3883 162 3947 nonni
178 3881 247 3948 alio
263 3879 370 3963 modo,
394 3901 459 3964 quo
476 3879 591 3946 melius
603 3879 676 3945 fieri
692 3886 725 3944 et
741 3878 929 3945 confirmari
945 3877 1067 3961 poterit
1084 3897 1156 3942 oum

40 3989 159 4056 oonsilio
176 3989 373 4074 sapientum,
397 3994 434 4052 ut
457 3995 614 4073 perpetuo
639 3987 726 4053 dicte
751 3993 839 4053 terre
855 3985 948 4052 uobis
963 3989 1157 4050 remaneant

2 4127 3 4180 ,
40 4116 101 4164 cum
115 4099 212 4183 pleno
227 4099 318 4178 iure,
333 4094 557 4178 intelligendo,
573 4095 661 4179 quod
675 4095 708 4160 in
724 4100 895 4162 contractu
911 4092 1152 4177 compositionis

2 4290 3 4296 ἵ
40 4202 177 4274 domiuus
192 4205 267 4273 Rex
293 4204 461 4272 renuntiet
477 4209 509 4270 et
535 4205 684 4270 remittat
703 4204 812 4270 omnia
826 4204 909 4283 iura,
931 4224 994 4288 que
1018 4200 1156 4269 haberet

2 4317 3 4384 ξ
39 4312 81 4378 sel
94 4313 217 4381 diceret
231 4313 353 4380 habere
368 4319 438 4380 tam
454 4313 488 4377 iu
507 4311 600 4379 dictis
617 4318 759 4397 quatuor
783 4312 977 4391 civitatibus,
1001 4331 1101 4395 qnam
1120 4313 1153 4376 in

2 4412 4 4488 J
38 4421 175 4492 omuibus
199 4421 275 4490 aliis
300 4419 497 4488 Civitatibus
523 4427 554 4487 et
579 4420 660 4487 loeis
690 4419 869 4503 Dalmatia,
891 4442 973 4505 quas
998 4425 1154 4486 tenemus.

2 4568 3 4626 3
39 4525 312 4614 (Eliogadtatott.)

2 4663 3 4684 ι
986 4634 1045 4698 16*
