3254 5260
31 463 35 554 l

603 369 697 430 1343.
1165 369 1205 428 27

31 577 33 624 ;
127 543 219 610 bilibus
232 541 448 622 Veneciarum‚
464 547 497 606 et
513 542 553 606 de
579 541 733 606 mandato
759 539 902 606 eiusdem
913 540 1034 606 domini
1052 540 1153 608 Ducis
1177 547 1211 608 et

31 629 34 676 l
126 646 278 714 Communis
293 649 509 718 Veneciarum
525 647 569 712 ad
587 655 698 730 partes
709 647 879 713 Sclavenie
896 647 1122 714 Provisoribus
1139 649 1209 714 dos-

31 827 32 830 ,
124 757 218 836 tinctis
226 757 444 844 recipientibus
456 759 585 820 nomine
596 761 627 819 et
637 756 706 820 vice
717 755 797 819 dicti
808 754 929 820 domini
947 753 1049 820 Ducis
1065 761 1099 820 et
1114 754 1208 821 Com·

31 863 33 946 ἦ
123 863 202 927 munis
215 861 425 944 Veneciarum‚
442 871 474 928 et
489 863 633 927 fidelium
644 883 773 928 suorum
784 861 1013 946 predictorum,
1023 868 1056 926 et
1072 863 1210 928 aliarum

31 951 32 1022 ἶ
123 971 238 1052 parcium
251 969 424 1050 sclavonia,
441 992 579 1035 necnon
614 971 675 1034 sibi
701 968 940 1050 adherentium,
964 967 1160 1036 habentibus
1175 971 1213 1034 li-

31 1123 32 1152 2
124 1078 252 1144 bertatem
265 1080 303 1146 ab
319 1082 392 1164 ipso
407 1080 538 1145 domino
548 1080 641 1144 Duce
652 1085 685 1143 et
695 1077 1089 1144 CommuneVeneoiarum
1099 1102 1213 1163 pacem

123 1207 177 1250 cun
188 1188 316 1270 predicto
333 1188 464 1253 domino
482 1184 610 1252 Comite
625 1187 770 1252 Tiniensi
786 1192 819 1251 et
843 1187 911 1250 eius
937 1194 1052 1269 nepote
1085 1187 1212 1253 Comite

31 1295 32 1372 J
124 1289 297 1359 Constantino
312 1301 346 1360 et
362 1295 514 1378 gentibus
530 1294 717 1359 eorumdem
733 1293 937 1358 concordiam
954 1299 987 1356 et
1002 1293 1161 1376 firmandi,
1173 1293 1212 1360 de

125 1417 174 1478 qua
187 1399 322 1466 libertate
353 1408 483 1467 constat
499 1423 537 1465 ex
553 1399 695 1484 quadam
719 1399 834 1464 littera
859 1405 982 1482 aperta,
998 1406 1031 1463 et
1047 1421 1106 1464 sua
1122 1400 1213 1468 bulla

124 1505 243 1586 plumbea
256 1508 349 1573 solita
366 1511 564 1573 communita
595 1507 719 1571 tenoris
744 1505 954 1587 infrascripti,
971 1527 991 1570 a
1007 1527 1058 1569 me
1074 1504 1214 1572 Notario

31 1581 34 1656 l
124 1611 294 1696 infrascripto
309 1617 379 1680 visa
410 1620 443 1679 et
474 1615 567 1696 lecta,
597 1612 640 1678 ad
672 1634 784 1696 pacem
810 1619 843 1678 et
858 1612 1065 1678 concordiam
1082 1613 1115 1678 in
1131 1614 1216 1680 hunc

31 1769 33 1808 ,
123 1718 225 1784 nodum
237 1722 339 1786 venire
356 1722 492 1787 curavit.

205 1826 303 1893 Primo
330 1829 464 1910 quidem
478 1828 629 1910 promisit
644 1827 729 1892 idern
746 1827 894 1893 dominus
909 1827 942 1892 N
944 1827 1078 1910 elipcius
1095 1828 1212 1896 Comes

31 1945 33 2006 ῗ
125 1952 169 2013 pro
189 1954 216 1998 se
237 1941 265 2000 et
281 1937 347 2000 eius
366 1943 484 2018 nepote
502 1932 631 1999 Comite
649 1933 876 2016 Constantino,
891 1943 924 2001 et
940 1937 1088 2002 omnibus
1104 1958 1215 2002 eorum

31 2029 33 2098 l
124 2039 244 2120 gentibus
257 2049 287 2105 et
301 2044 505 2126 sequacibus,
520 2041 656 2124 prefatis
674 2041 813 2106 dominis
830 2041 861 2106 N
865 2043 969 2108 icolao
986 2043 1026 2108 de
1042 2044 1165 2109 Priolis
1183 2049 1217 2110 et

31 2177 33 2240 p
125 2143 234 2214 Nicolao
257 2149 366 2215 Pisani
391 2151 621 2226 Provisoribus
644 2149 874 2232 recipientibus
900 2151 1082 2216 nominibus
1100 2153 1216 2234 quibus

31 2247 33 2300 l
125 2271 209 2336 supra,
229 2257 307 2338 quod
332 2255 477 2336 habebit,
501 2257 634 2336 tenebit,
649 2255 794 2322 firmabit
811 2266 845 2323 et
861 2257 1094 2325 inviolabiliter
1110 2261 1217 2325 obser·

31 2351 33 2432 r
125 2357 194 2423 rabit
213 2360 327 2446 bonam,
345 2385 463 2447 puram
478 2371 512 2428 et
527 2364 690 2445 integram
705 2385 819 2447 pacem
835 2386 907 2428 cum
925 2363 1095 2430 Communi
1112 2373 1145 2431 et
1160 2366 1218 2432 ho·

31 2537 33 2544 ¹
127 2467 235 2534 niuibus
249 2468 407 2554 Scibinioi,
426 2469 576 2535 fidelibus
593 2471 672 2536 dicti
689 2467 826 2535 Duoalis
843 2471 998 2551 Dominii,
1014 2479 1047 2536 et
1063 2495 1134 2538 oum
1150 2495 1217 2538 onr-

31 2593 33 2650 j
127 2569 199 2636 nibus
213 2575 276 2640 aliis
290 2576 495 2658 Civitatibus,
511 2577 608 2642 terris
624 2583 656 2641 et
671 2576 753 2641 locis
769 2583 801 2640 et
818 2597 928 2641 aarum
954 2578 1077 2644 civibus
1094 2584 1127 2643 et
1142 2577 1219 2644 lide·

31 2685 32 2760 ]
127 2674 193 2740 libus
206 2677 363 2748 Solavonie
381 2683 534 2748 subiectis
551 2683 638 2747 dicto
657 2684 776 2748 Ducali
791 2683 967 2764 Dominio;
984 2691 1016 2748 et
1032 2685 1120 2766 quod
1130 2684 1218 2750 dicto

31 2799 32 2826 ³
130 2779 265 2852 Communi
289 2797 321 2855 et
348 2790 568 2872 singularibus
584 2789 768 2855 hominibus
784 2789 947 2875 Scibinici,
963 2813 1022 2856 nec
1038 2792 1110 2856 aliis
1124 2793 1220 2858 terris

31 2947 32 2964 ,
130 2893 154 2950 et
165 2888 289 2960 fidelibus
305 2897 547 2980 suprascripta,
556 2897 605 2960 vel
622 2918 734 2962 earum
750 2903 784 2960 et
800 2917 911 2962 eorum
928 2893 1027 2962 alicui
1042 2919 1106 2962 non
1122 2899 1221 2964 faciet

131 3013 174 3058 nec
185 2996 244 3062 fieri
258 3003 428 3084 permittet,
438 3024 498 3067 nec
508 3004 606 3067 etiam
622 3001 798 3068 attentabit
815 3024 874 3085 per
891 3024 924 3067 se
940 3004 990 3068 vel
1006 3025 1064 3086 per
1081 3006 1150 3068 eius
1166 3025 1218 3070 ne·

131 3107 214 3180 potem
234 3106 385 3175 Comitem
406 3107 666 3192 Constantinum,
682 3111 732 3174 vel
749 3116 862 3193 gentes
880 3117 913 3175 et
931 3131 1086 3193 sequaces
1103 3132 1223 3202 eorum,

132 3207 167 3271 vel
186 3211 302 3282 alicuius
327 3238 449 3296 eorum,
466 3238 522 3282 seu
538 3218 621 3282 alios
647 3219 776 3282 nomine
796 3237 855 3284 suo
871 3218 921 3281 vel
938 3202 1155 3301 cuiuscunque
1171 3239 1223 3282 eo·

130 3334 191 3398 rum,
206 3321 354 3407 iniuriam,
380 3325 564 3408 dampnum,
592 3325 784 3389 violenciam
804 3345 859 3388 seu
875 3325 1059 3391 molestiam
1079 3326 1223 3410 aliquam
1288 3333 1291 3340 '

130 3419 173 3484 sub
187 3445 257 3506 pena
270 3430 475 3513 infrascripto
491 3431 635 3513 plezarie
653 3431 750 3496 modo
767 3431 878 3512 aliquo
895 3431 947 3495 vel
962 3431 1102 3513 ingenio.

211 3531 284 3600 Item
307 3536 396 3621 quod
420 3557 531 3602 omnes
551 3538 634 3602 cives
651 3543 684 3602 et
700 3543 897 3602 mercatores
914 3534 1070 3602 Scibinici
1096 3543 1129 3602 et
1145 3538 1225 3603 alia·

128 3655 184 3700 rum
205 3646 355 3711 terrarum
373 3641 545 3709 Sclavonie
561 3643 794 3726 predictarum,
809 3643 920 3709 fideles
937 3644 1059 3710 domini
1074 3643 1178 3709 Ducis
1195 3650 1228 3708 et

31 3735 33 3804 ζ
129 3737 285 3815 Communis
309 3749 538 3829 Veneciarum‚
563 3751 689 3833 possint
705 3751 763 3833 ire,
779 3757 866 3834 stare
882 3757 915 3816 et
931 3752 1036 3818 redire
1051 3751 1165 3830 libere,
1181 3770 1228 3813 se·

31 3855 33 3940 j
127 3867 187 3916 cure
209 3862 237 3919 et
260 3857 409 3940 expedite
435 3878 508 3922 cum
535 3856 601 3921 suis
617 3859 880 3940 mercationibus,
895 3857 993 3923 rebus
1011 3865 1043 3922 et
1058 3857 1151 3922 bonis
1167 3876 1228 3938 per

31 3947 33 3974 ³
127 3951 255 4025 Castrum
265 3961 389 4047 Tenini,
399 3969 431 4029 et
442 3985 500 4046 per
516 3962 583 4027 alia
593 3970 713 4043 castra,
724 3962 803 4044 loca,
814 3961 995 4030 Distriotus
1010 3969 1044 4027 et
1058 3960 1230 4027 territoria

31 4113 34 4144 ,
125 4059 186 4129 dicti
206 4068 319 4136 domini
344 4070 483 4136 Comitis
508 4069 657 4153 Neliptii,
681 4077 712 4134 et
737 4071 805 4134 eius
825 4072 952 4153 nepotis
979 4068 1117 4134 Comitis
1143 4066 1228 4133 Con·

124 4173 243 4255 stantmi,
266 4183 298 4242 et
322 4199 453 4244 suorum
479 4178 675 4262 sequacium,
701 4177 769 4241 sine
794 4177 954 4241 solutione
979 4176 1117 4242 alicuius
1133 4176 1229 4254 dacii,

124 4278 272 4364 tragorine,
295 4284 427 4365 telonei,
454 4306 511 4350 seu
538 4306 729 4367 quocunque
747 4284 811 4349 alio
828 4285 957 4349 nomino
974 4292 1219 4368 nuncuparetur

31 4417 33 4466 ῃ
125 4378 226 4450 directe
248 4393 295 4456 vel
311 4391 477 4469 indirecte,
493 4393 556 4456 nisi
574 4391 748 4456 secundum
765 4392 852 4473 quod
870 4390 1058 4456 solvebatur
1074 4416 1132 4476 per
1148 4373 1233 4468 tem]

126 4505 192 4568 l⁰ra
202 4499 352 4577 preterita
367 4507 444 4564 ante
460 4519 614 4583 guerram
631 4503 824 4581 presentem.
