3134 5252
590 361 688 426 1346.
1126 367 1187 428 167

0 586 2 609 .
79 537 185 604 iaciant
195 538 317 622 aliquid
334 543 450 605 contra
459 545 606 606 nostrum
624 539 868 622 honorem,oum
884 541 1189 622 illaoommissiono,

0 614 5 689 l
80 667 132 726 qne
145 645 298 711 ridebitur
312 647 464 727 Domino,
480 638 691 732 Consiliariis,
707 645 880 730 Capitibus
905 654 938 712 et
963 646 1188 732 Sapientibus.

168 753 260 838 Quod
275 757 439 823 scribatur
455 778 514 841 per
529 756 611 821 duas
637 777 751 822 manus
777 753 912 822 Consuli
928 763 1042 822 nostro
1057 755 1189 841 Neapo-

35 870 40 879 '
80 861 121 942 lis,
134 862 321 929 notificando
338 865 368 928 ei
385 885 478 945 nova,
496 887 557 948 que
574 864 740 944 habemus,
760 865 800 930 de
815 863 909 947 Rege
927 864 1083 947 Vngarie,
1100 865 1189 931 etde

79 969 232 1034 ambsxata
246 971 347 1035 missa
363 972 544 1055 peripsum
561 970 767 1053 Anchonam,
783 971 980 1037 nominando
998 972 1187 1038 ambaxato-

0 1128 6 1151 f
81 1097 143 1155 rem,
158 1085 193 1140 ut
208 1077 360 1143 informet
376 1079 415 1144 de
440 1077 504 1144 hiis
530 1079 692 1162 Reginam
718 1085 750 1144 et
776 1077 911 1144 (iuriam
926 1079 1128 1164 Reginalem‚
1151 1085 1189 1146 ut

0 1156 7 1259 l
80 1182 241 1266 provideat,
265 1184 354 1267 quod
378 1184 535 1251 victualia
558 1207 624 1250 non
648 1185 770 1252 habeat
784 1186 825 1250 de
843 1186 993 1270 partibus
1010 1185 1139 1271 Apulos
1155 1193 1189 1253 et

0 1264 8 1369 l
79 1288 168 1370 aliter,
182 1296 219 1354 ut
235 1291 264 1355 ei
279 1289 444 1356 ridebitur
461 1292 622 1375 expedire.
639 1291 687 1358 Et
701 1293 875 1358 mittantur
884 1292 971 1358 dicto
982 1292 1119 1375 Consuli
1128 1315 1188 1378 pro

6 1466 7 1469 Ἴ
36 1452 40 1461 ,
80 1397 257 1480 exponendis
274 1397 439 1481 premissis
456 1398 568 1464 littere
584 1399 790 1464 credulitatis
806 1399 933 1482 Regina
950 1406 983 1465 at
998 1399 1189 1483 Regalibus‚

0 1562 1 1565 ,
43 1515 48 1522 ·
78 1502 178 1586 quibus
193 1503 376 1585 ridebitur3
391 1511 424 1569 et
439 1506 603 1572 scribatur
618 1507 656 1588 ei,
674 1507 761 1589 quod
770 1506 901 1572 litteras
916 1504 1044 1590 Regina
1059 1508 1189 1574 omnino

0 1592 7 1661 Ι
75 1617 232 1695 presentet,
241 1616 275 1677 et
284 1617 429 1695 exponat
443 1613 613 1696 premissa.
624 1614 677 1678 De
694 1613 768 1678 aliis
784 1633 861 1678 vero
876 1613 998 1679 litteris
1014 1613 1189 1696 Regalium

0 1666 8 1801 l
76 1724 226 1786 remaneat
241 1721 275 1784 in
291 1720 487 1785 discretione
513 1719 616 1804 ipsius
641 1719 852 1805 presentandi
878 1742 932 1786 eas
948 1726 982 1785 et
991 1723 1189 1804 exponendi,

77 1829 146 1891 siout
160 1829 189 1893 ei
204 1828 319 1892 utilius
336 1828 522 1912 apparebis
653 1840 667 1850 ”

167 1936 251 2002 Item
283 1937 450 2002 scribatur
481 1936 668 2003 Marchioni
699 1937 859 2017 Marcbie,
886 1936 1084 2002 notificando
1102 1940 1132 2002 si
1148 1937 1188 2002 de

0 2120 2 2123 ι
78 2043 139 2110 istis
154 2044 290 2110 motibus
306 2044 408 2127 Regis
433 2042 589 2127 Vngarie,
615 2050 649 2110 et
673 2046 761 2127 quod
777 2047 907 2130 placeat
922 2047 953 2110 ei
967 2067 1027 2129 pro
1044 2065 1191 2110 reveren·

77 2151 269 2218 ciaEcclesie
296 2158 328 2216 et
356 2172 466 2217 amore
492 2157 604 2216 nostro
630 2151 785 2217 ordinare
810 2158 845 2218 et
861 2152 1028 2233 mandare,
1044 2152 1132 2235 quod
1147 2151 1189 2218 de

38 2277 49 2287 ·
77 2259 210 2341 partibus
224 2258 374 2326 Marchie
391 2258 497 2323 dictus
521 2258 597 2324 Rex
612 2257 663 2323 vel
679 2259 749 2324 sius
774 2264 888 2342 gentes
912 2278 976 2324 non
991 2259 1119 2342 possint
1133 2259 1190 2325 ba-

0 2431 7 2453 ,
78 2363 141 2430 bere
156 2364 295 2431 furorem
311 2367 457 2447 aliquem
472 2364 513 2431 de
545 2365 745 2446 victualibus,
776 2365 913 2448 navigiis
929 2366 980 2431 vel
995 2366 1101 2444 aliter,
1117 2387 1190 2432 oum

0 2456 7 2531 Ι
78 2472 133 2538 illis
147 2475 264 2558 pulcris
280 2475 397 2555 verbis,
414 2494 478 2556 que
503 2473 700 2540 videbuntur
730 2471 884 2554 Domino,
908 2470 1125 2554 Consiliariis,
1156 2479 1190 2539 et

0 2532 7 2669 l
82 2577 249 2665 Capitibus,
266 2587 299 2646 et
315 2579 536 2664 Sapientibus‚
553 2582 604 2647 vel
620 2581 737 2646 maiori
751 2581 849 2664 parti.

174 2688 331 2754 Preterea
362 2688 524 2754 scribatur
559 2687 705 2754 Amadeo
737 2687 877 2753 Notario
901 2694 1013 2752 nostro
1039 2687 1074 2752 in
1091 2688 1193 2754 Curia

0 2858 5 2867 .
34 2833 35 2836 ¹
80 2794 223 2879 Romana,
238 2796 443 2864 informando
460 2817 532 2862 eum
549 2798 589 2863 de
604 2798 671 2864 ista
687 2798 864 2864 ambaxata
882 2793 1079 2862 Anchonam
1094 2800 1193 2862 missa

0 2876 7 2977 l
79 2925 130 2986 per
145 2903 261 2970 dictum
275 2905 413 2989 Regem,
428 2911 462 2971 et
481 2905 522 2970 de
537 2905 620 2989 aliis,
644 2927 707 2990 que
724 2903 928 2986 videbuntur,
944 2909 980 2968 ut
996 2925 1035 2968 ea
1051 2924 1189 2988 expone·

79 3033 109 3076 re
124 3012 234 3079 debeat
249 3013 381 3080 domino
406 3013 506 3098 Papa,
524 3020 557 3079 et
572 3014 767 3097 supplicare,
799 3013 887 3097 quod
919 3012 1071 3097 dignetur
1087 3012 1192 3095 prori-

80 3117 145 3183 dere
161 3121 304 3188 celeriter
321 3121 362 3186 de
378 3123 520 3189 remedio
536 3127 727 3205 opportuno,
744 3122 830 3188 siout
846 3121 966 3187 viderit
981 3117 1144 3203 expedire.

236 3287 270 3346 (A
287 3283 414 3334 »Secreta
428 3285 541 3335 Consilii
554 3283 792 3348 Rogatorumsbdl
807 3284 859 3334 bit.
873 3283 905 3332 Λ.
920 3284 973 3332 vol.
988 3283 1021 3343 Ι.)

549 3466 638 3474 -ψ-
644 3465 708 3472 --ο-

593 3733 664 3796 164.

84 3911 276 3979 dodonaei
300 3913 574 3999 kornrduytaodca
599 3913 744 3997 bizouyos
761 3909 925 3996 felte‘telclt
950 3909 1033 3973 alatt
1053 3909 1077 3971 l.
1097 3909 1196 3994 Lajoo

85 4043 207 4109 mopyor
229 4021 416 4108 kil-dlylyal
440 4021 628 4106 bordtsdpoa
653 4019 822 4106 epyeaoe'qet
847 4018 949 4082 kivdn
973 4016 1072 4081 torni.
1101 4017 1194 4080 1346.

37 4198 42 4207 “
173 4199 269 4266 Anno
285 4195 546 4267 MOOOXLVI.
562 4198 614 4262 dio
639 4195 744 4263 XIX.
759 4194 862 4262 Junii.
879 4192 1041 4277 Capta:
1058 4191 1116 4256 Ad
1132 4191 1196 4256 sac·

0 4380 6 4403 ¹
83 4311 142 4369 tum
154 4329 224 4373 vero
240 4313 403 4374 tractatus
419 4305 457 4390 (t.
475 4307 493 4370 i.
511 4305 536 4370 I.
553 4305 656 4390 Lajos
681 4325 816 4388 magyar
842 4299 1038 4384 liirblylyal),
1062 4319 1196 4382 respon-

0 4404 8 4505 Ι
86 4409 195 4501 fleatur,
222 4417 309 4500 quod
341 4414 492 4482 habendo
523 4413 626 4480 libere
658 4417 691 4478 et
716 4412 825 4496 quiete
841 4407 1020 4476 dominium
1035 4405 1195 4474 Ciuitates

83 4517 172 4591 dadre
187 4531 218 4594 et
232 4525 375 4594 aliarum
390 4530 554 4592 terrarum
578 4521 762 4602 Dalmatae,
780 4539 860 4605 quas
885 4525 1041 4602 tenemus,
1058 4537 1130 4583 oum
1146 4535 1198 4582 re·
