3108 5246
392 303 458 382 lou
753 315 971 380 bretolium!
987 306 1159 380 surtran.

391 493 477 579 Regi
494 491 701 579 respondeat,
727 492 815 578 quod
839 497 923 559 teste
946 493 1028 573 Deo,
1054 492 1106 558 cui
1125 490 1229 561 nichil
1245 497 1335 558 extat
1349 491 1506 570 occultum

390 621 462 668 cunr
480 601 571 666 omui
585 599 757 685 diligentia
772 607 806 668 ot
823 599 930 667 studio
946 598 1102 668 hactenus
1118 601 1304 667 curavimus
1319 604 1353 666 et
1369 619 1508 666 curamus

391 707 562 776 obscurari
587 707 698 776 locere
722 713 880 794 treuguas
902 708 1003 775 initas
1019 715 1052 774 ct
1066 708 1192 776 iuratae
1210 706 1388 790 hincinde,
1403 726 1458 773 nco
1470 726 1509 772 rs·

390 817 494 900 periri
510 817 633 900 poterit
657 837 729 884 cum
755 816 900 900 veritato,
916 816 1006 901 quod
1022 816 1057 882 in
1071 815 1230 883 lesionem
1244 837 1360 882 earum
1376 835 1416 880 ex
1429 819 1509 896 perte

390 931 505 992 nostra
520 924 649 1009 aliquid
674 925 719 992 sit
742 925 957 1008 commissum,
972 929 1006 992 et
1022 924 1069 991 sic
1084 923 1303 991 amicabiliter
1318 943 1375 990 aas
1390 926 1517 988 seruarc

389 1031 608 1115 proponimus,
622 1032 750 1100 etiamsi
766 1030 809 1098 ab
824 1031 891 1100 alio
906 1031 1148 1116 requireremur
1156 1032 1192 1097 in
1201 1031 1423 1111 carnarium
1440 1031 1509 1114 quia

391 1137 532 1205 sialiter
547 1137 656 1206 lacere
680 1145 924 1225 temptaremus,
949 1146 1033 1206 emet
1048 1140 1083 1205 in
1099 1137 1314 1227 preiudicium
1339 1138 1508 1203 aniciorum

388 1251 575 1312 nostrerum
584 1253 618 1314 ct
627 1252 822 1332 perpetuam
830 1246 1001 1316 infamiam
1008 1248 1114 1314 nostri
1122 1247 1265 1328 honoris3
1275 1253 1310 1313 ct
1325 1247 1354 1311 si
1364 1243 1446 1312 forte
1461 1243 1509 1310 ali·

390 1353 472 1438 quid
487 1359 673 1422 contraeas
688 1353 812 1422 factum
836 1360 930 1437 esset,
945 1355 981 1421 id
994 1361 1106 1440 preter
1126 1360 1275 1422 nostram
1289 1351 1507 1419 conscientiam

393 1462 616 1545 processisset,
632 1468 665 1530 et
681 1482 825 1530 essemus
833 1457 951 1547 'parati
967 1462 1076 1528 omnia
1089 1460 1233 1529 indebite
1248 1458 1340 1527 facta
1348 1458 1454 1526 lacera
1466 1477 1506 1524 ro

390 1567 537 1655 formari,
552 1571 635 1640 sicut
660 1571 782 1637 iustum
807 1575 902 1637 esset
927 1570 975 1638 Et
999 1569 1150 1636 similiter
1166 1567 1342 1651 credimus,
1357 1588 1417 1635 nec
1430 1565 1506 1632 dnbi-

389 1683 463 1744 tarc
473 1697 645 1763 possumus
654 1677 722 1746 ullo
731 1677 838 1762 modo,
847 1677 934 1762 quod
949 1700 989 1745 ax
1003 1684 1099 1763 purte
1108 1676 1296 1745 Maiestatis
1312 1674 1382 1743 Sue
1397 1692 1453 1760 pro
1465 1693 1505 1740 sa·

388 1782 458 1852 lute
468 1792 502 1852 st
511 1785 635 1854 honora
644 1807 703 1854 suo
713 1791 859 1874 treugae,
869 1808 933 1872 qus
943 1786 990 1853 sic
1004 1783 1077 1852 Deo
1091 1785 1201 1852 iurata
1212 1791 1289 1852 sunt
1302 1792 1339 1852 ct
1354 1783 1504 1870 promisse,

388 1890 536 1974 plenarie
553 1891 776 1960 servabuntur.
786 1889 843 1960 Ad
859 1893 896 1959 id
909 1911 995 1976 vero,
1010 1889 1097 1975 quod
1111 1913 1173 1976 pro
1188 1898 1286 1976 parte
1300 1891 1406 1975 ipsius
1419 1888 1503 1972 Regia

390 1997 611 2083 subiungitur,
636 1998 725 2084 quod
751 1999 878 2084 appetit
901 1998 1083 2066 amiciciam
1098 2005 1131 2066 et
1145 2019 1259 2084 pacem
1277 1997 1400 2065 habere
1414 1995 1503 2062 nobis

388 2127 460 2174 cum
485 2107 599 2192 pocius
624 2129 722 2194 quam
748 2129 822 2174 cum
846 2107 1012 2192 aliquibus
1036 2107 1128 2190 aliis;
1159 2106 1408 2194 respondeatur,
1431 2101 1501 2188 quod

391 2235 518 2300 semper
534 2214 719 2302 optavimus
735 2214 917 2282 amiciciam
933 2222 966 2281 et
980 2235 1092 2300 pacem
1107 2235 1183 2282 cum
1197 2212 1359 2300 quolibet,
1374 2212 1501 2279 sedeam

390 2322 618 2410 principaliter
634 2328 669 2390 et
684 2323 824 2389 maxime
842 2321 1025 2406 optavimus
1042 2328 1077 2389 et
1092 2328 1244 2408 optamus
1258 2342 1334 2388 cum
1343 2319 1500 2388 Maiestate

393 2429 471 2514 Sua,
486 2431 660 2520 (qualiter)
675 2431 845 2500 habuimus
861 2451 934 2498 cnm
949 2431 1212 2518 progenitoribus
1228 2432 1304 2514 suis,
1319 2431 1378 2518 qui
1392 2447 1498 2513 semper

392 2558 451 2604 nos
467 2539 590 2606 amicos
615 2545 647 2607 et
671 2538 806 2607 devotos
830 2540 1015 2607 carissimos
1039 2545 1245 2626 reputarunt,
1261 2545 1296 2606 et
1310 2541 1360 2606 sic
1380 2533 1498 2606 intendi·

387 2665 460 2714 mus
475 2646 599 2715 habere
615 2652 649 2714 et
663 2667 793 2715 serrare
808 2667 879 2714 curn
896 2667 946 2730 eo,
961 2646 1093 2732 quando
1109 2644 1175 2715 Sus
1190 2647 1319 2733 placeat
1338 2641 1497 2723 Marone,

387 2761 421 2822 et
436 2754 544 2823 lacere
559 2775 600 2822 cx
614 2760 710 2840 parte
726 2762 840 2822 nostra
863 2751 1020 2841 quicquid
1045 2753 1145 2822 fuerit
1159 2753 1356 2836 faciendum,
1372 2761 1408 2820 ut
1422 2751 1496 2818 firm

386 2881 451 2947 pax
475 2871 510 2929 et
532 2868 691 2948 perpetua
715 2861 938 2930 benivolencia
963 2869 1119 2946 sequatur
1143 2862 1219 2928 hinc
1238 2860 1324 2927 inde
1339 2859 1388 2926 Et
1403 2857 1495 2927 audiat

387 2971 628 3058 responsionem
652 2989 762 3053 suam;
786 2975 820 3036 et
845 2971 874 3036 si
897 2969 971 3038 Rex
994 2970 1095 3037 fuerit
1118 2974 1290 3037 contentus
1315 2969 1356 3036 dc
1380 2969 1446 3052 ipsa
1459 2985 1495 3030 re

387 3080 570 3164 sponsione,
594 3078 700 3146 dictus
724 3083 834 3146 noster
859 3076 1005 3145 Nunnius
1030 3076 1145 3146 redeat
1162 3076 1340 3161 venecias,
1363 3079 1494 3142 neuun

387 3205 454 3252 uon
469 3189 725 3270 contentaretur,
748 3183 918 3268 rescribat,
943 3193 976 3252 et
992 3184 1033 3251 de
1048 3185 1139 3252 noris
1155 3183 1315 3268 omnibus,
1329 3189 1363 3250 et
1378 3180 1493 3250 maxime

364 3355 368 3362 ,
386 3291 598 3378 tangentibus
613 3291 701 3362 lacta
716 3297 887 3380 nostrast
902 3299 1049 3360 nostrum
1065 3299 1214 3380 expectet
1228 3290 1422 3360 mandatum

493 3399 540 3467 Et
555 3399 747 3467 informetur
757 3399 864 3467 dictus
879 3397 1027 3468 Nuncius
1044 3399 1085 3468 de
1101 3400 1170 3484 liga
1186 3398 1274 3468 lacta
1289 3400 1374 3467 inter
1387 3398 1489 3483 chcu

387 3505 582 3594 Aragonum
597 3515 632 3574 et
645 3528 705 3574 nos
721 3515 835 3577 contra
849 3505 875 3573 J
875 3529 1043 3577 cunenses.

521 3652 556 3717 (Δ
569 3651 708 3706 veleucuei
723 3653 851 3706 »Secreta
864 3652 981 3706 consilii
992 3653 1246 3720 Rogatorumvbol
1261 3653 1315 3705 Lu.
1331 3651 1373 3718 B.)

872 3789 1031 3810 -ση-ιι--ϋ

916 3959 989 4031 oet.

385 4121 411 4195 Ι.
428 4119 529 4215 tajo
543 4141 683 4217 mappae·
699 4117 880 4217 kirolynulc
896 4147 918 4194 u
934 4115 1087 4192 uclcucaei
1101 4117 1383 4215 bormouytamice.
1413 4120 1487 4187 1351.

491 4286 593 4354 Anno
619 4284 805 4356 Mecum.
831 4289 885 4354 die
902 4286 964 4358 IV.
979 4285 1119 4371 Aprilis.
1135 4284 1245 4373 Capta
1261 4311 1268 4351 ε
1285 4287 1374 4359 Visis
1388 4289 1417 4350 ct
1430 4295 1487 4347 cro

387 4395 519 4462 minatis
529 4396 650 4463 littaris
660 4397 767 4464 missis
781 4395 955 4464 Bernardo
964 4393 1118 4481 Notaric,
1134 4402 1168 4462 et
1183 4395 1395 4480 responsione,
1409 4407 1485 4473 quen

387 4503 479 4572 nobis
494 4501 580 4590 lecit,
595 4509 629 4570 et
645 4505 744 4571 etiam
759 4504 881 4572 litteris
897 4503 1020 4572 domini
1036 4502 1331 4592 RegisHungaric,
1342 4497 1484 4566 consulunt
