3108 5246
398 349 461 416 380
754 359 989 414 nrrnourozmr
1005 347 1172 412 emisses.

395 545 501 612 neque
517 526 747 612 prosecutione
763 545 802 594 ao
825 523 1033 606 libereoioue,
1059 543 1158 609 quam
1173 543 1233 610 per
1257 521 1513 593 interventionem

396 641 486 702 tuam
503 635 657 719 consequi
673 636 815 702 Domino
831 632 965 700 iuuante
981 655 1148 718 speramus
1161 657 1170 713 ;
1184 633 1372 700 eosDiuine
1394 631 1514 716 pietatis

396 744 522 824 obtutu,
554 743 783 828 premissorum
816 741 954 822 intuitu;
985 748 1019 806 et
1048 741 1149 825 ipsius
1180 745 1236 807 tue
1268 739 1513 807 consideratione

396 852 511 918 salutis
527 852 666 937 benigne
681 852 834 937 prosequi
851 855 883 914 et
899 855 1042 915 tractare
1059 849 1111 932 pie
1127 846 1311 915 Clementia
1336 848 1407 913 Tua
1429 845 1514 926 relit3

396 957 533 1024 eundem
550 965 662 1023 netum
679 965 769 1024 tuum
781 957 823 1022 ed
834 956 893 1021 hec
908 958 1065 1022 maternis
1083 956 1364 1024 exhortationibus
1380 962 1414 1020 et
1427 955 1514 1039 preci·

395 1065 464 1146 bus,
481 1085 544 1148 que
571 1066 660 1149 apud
685 1087 758 1132 eum
774 1065 951 1148 plurimum
967 1071 1113 1148 possunt,
1136 1063 1313 1130 efficaciter
1327 1061 1514 1140 inducendo;

395 1173 445 1240 ita
460 1172 548 1257 quod
564 1177 598 1237 et
613 1171 750 1238 eundem
765 1177 948 1238 creatorem
963 1178 1056 1238 tuum
1071 1171 1133 1236 tibi
1148 1173 1333 1257 propicium
1349 1170 1513 1236 constitues

395 1279 545 1364 amplius,
563 1280 734 1364 ipsumque
759 1283 874 1344 natum
898 1284 990 1346 tuum
1013 1279 1056 1347 ab
1082 1280 1233 1348 omnibus
1259 1280 1381 1364 eripias
1397 1277 1512 1343 omnino

394 1387 560 1473 periculis,
575 1407 697 1472 nosque
713 1387 757 1452 ad
782 1393 841 1452 tua
864 1387 1071 1472 beneplacita
1085 1387 1318 1473 promouendo,
1335 1409 1398 1471 que
1413 1385 1507 1472 Apos-

395 1496 504 1562 tolicis
531 1497 702 1580 oportunis
726 1495 936 1578 intendimus,
970 1503 1127 1580 quantum
1158 1520 1231 1563 cum
1260 1497 1334 1564 Deo
1348 1515 1512 1581 possumus,

393 1604 562 1670 favoribus
578 1604 744 1688 prosequi,
759 1601 879 1670 reddas
891 1605 1042 1671 continuo
1053 1607 1282 1689 promptiores.
1293 1603 1509 1687 corrrumpa-

395 1709 468 1776 lato
485 1715 563 1776 nato
579 1715 636 1776 tuo
653 1730 750 1794 super
766 1711 935 1793 premissis
951 1711 1132 1794 scribimus,
1149 1715 1241 1779 etad
1265 1719 1394 1778 ceteros
1407 1711 1510 1777 articu-

394 1818 444 1883 los
460 1837 521 1900 pro
552 1823 646 1900 parte
679 1838 738 1882 sua
768 1817 862 1884 nobis
886 1839 946 1900 per
962 1817 1116 1884 dilectum
1133 1818 1236 1884 filium
1253 1819 1394 1886 Paulum
1409 1816 1509 1882 Archi·

395 1924 568 1990 diaconum
583 1923 783 1991 Nitrieusem
799 1923 964 1992 Nuneium
981 1946 1082 2007 suum,
1098 1925 1238 1992 latorem
1261 1928 1454 2011 presentium
1467 1943 1508 1988 ex·

394 2029 517 2098 hibitos
533 2033 766 2116 respondemus
782 2055 841 2117 per
857 2033 940 2098 alias
955 2033 1084 2099 litteras
1096 2039 1235 2115 nostrae,
1245 2056 1383 2117 querum
1399 2033 1507 2118 copiam

393 2137 455 2203 tibi
471 2139 683 2204 interclusam
698 2139 901 2224 presentibus
918 2140 1127 2207 destinamus.
1145 2140 1270 2208 Datum
1287 2140 1443 2207 Ariuione
1457 2137 1506 2204 Vi

393 2244 468 2312 idus
487 2243 612 2331 Aprilis
630 2246 848 2315 Pontificatus
864 2250 968 2314 nostri
985 2269 1070 2314 anno
1093 2253 1223 2314 octauo.

717 2355 775 2418 (VI.
787 2356 921 2408 Kelemen
930 2358 1003 2423 pdpe
1015 2357 1203 2426 regestrtibbl.)

879 2499 1039 2512 .....-.--.--

503 2803 532 2869 A
551 2805 702 2870 uelenczei
718 2803 858 2891 doponek
877 2803 901 2866 Ι.
920 2804 1018 2890 Lajos
1031 2827 1168 2893 naopycr
1185 2805 1307 2894 leirdlp.
1321 2807 1412 2873 1350.

500 2965 696 3049 Exemplum
711 2962 894 3029 litterarem
910 2965 1084 3030 missarum
1101 2965 1231 3032 domino
1248 2967 1337 3033 Daci
1352 2991 1409 3052 pro
1424 2971 1498 3050 purte

392 3071 513 3138 domiui
530 3070 633 3156 Regis
649 3071 799 3154 Vngurie
816 3071 968 3136 datarum
983 3073 1019 3137 ia
1035 3071 1156 3155 Segnia
1173 3070 1313 3142 XVIII.
1331 3073 1458 3160 Aprilis.

500 3177 713 3244 Serenissime
723 3177 893 3262 Princeps,
910 3183 944 3244 et
961 3179 1064 3245 amico
1075 3180 1252 3247 carissime.
1263 3180 1497 3249 Nunoiastisuo·

390 3283 448 3370 bis,
459 3285 546 3370 quod
557 3285 756 3351 castellanus
766 3285 809 3348 do
818 3284 1004 3351 Ostrovicia
1013 3287 1252 3370 pertinentibus
1268 3288 1313 3353 ad
1330 3288 1495 3356 eosdemne

390 3393 560 3475 intulisset,
577 3394 628 3458 oui
644 3413 703 3476 per
717 3392 848 3457 litteras
864 3399 995 3458 nostrus
1012 3393 1205 3461 firmissimis
1221 3395 1368 3462 dedimus
1382 3397 1414 3461 in
1428 3415 1496 3460 men·

390 3502 485 3582 dotis,
500 3507 537 3568 ut
553 3502 592 3566 de
610 3500 759 3568 omuibus
775 3498 903 3564 damnis
919 3499 962 3564 ad
979 3521 1035 3566 ros
1051 3503 1290 3586 pertinentibus
1314 3505 1411 3571 illatis
1425 3501 1497 3568 sotis·

390 3607 490 3675 tactio
516 3605 721 3692 inpendatur.
747 3605 901 3673 Ceterum
917 3609 1088 3693 norerites,
1114 3633 1173 3678 nos
1200 3613 1326 3680 decimo
1342 3621 1444 3679 octauo
1457 3607 1495 3672 die

389 3717 519 3801 Aprilis
544 3717 706 3810 presentis
734 3717 768 3780 iu
785 3713 909 3797 Segnia
925 3737 1059 3782 ascensa
1075 3720 1171 3802 galea
1187 3743 1317 3804 gressus
1333 3729 1449 3787 nostros
1462 3713 1494 3779 ad

390 3825 541 3909 Regnum
561 3831 707 3890 nostrum
718 3821 840 3907 Apulie
857 3823 1032 3906 direxisse3
1049 3833 1082 3891 et
1091 3829 1254 3894 credimus
1275 3829 1412 3908 indubie,
1427 3820 1493 3909 quad

389 3941 505 4016 tregue
531 3935 615 3998 iuter
642 3954 699 3995 nos
725 3930 873 3996 ordinate
899 3954 1002 4016 usquc
1027 3941 1156 4018 tempus
1173 3937 1364 4020 deputatum
1381 3957 1433 4020 per
1445 3929 1494 3998 l'e·

390 4048 492 4107 stranr
508 4031 945 4106 celsitudinem'inconcusse
969 4041 1191 4125 observentur,
1208 4065 1266 4108 uec
1283 4044 1389 4128 alique
1404 4038 1493 4107 moles·

389 4148 443 4228 tie,
469 4156 502 4213 et
517 4149 780 4233 perturbationes
798 4147 888 4230 genti
913 4156 1022 4214 nostre
1039 4151 1080 4217 ad
1098 4153 1281 4236 predictum
1298 4152 1439 4236 Regnum
1451 4167 1492 4210 ue

390 4260 493 4320 strum
518 4263 592 4339 post
616 4276 675 4320 nos
700 4254 893 4338 properanti
910 4253 962 4319 rel
979 4255 1018 4320 de
1036 4257 1149 4324 eodem
1166 4259 1326 4344 redeunti,
1342 4281 1395 4344 per
1410 4275 1455 4322 ros
1467 4258 1490 4315 et

390 4362 433 4426 ad
450 4383 504 4428 vos
521 4365 722 4446 pertinentes
733 4360 928 4428 inserantur.

497 4470 532 4532 (Α
555 4471 655 4534 >Copia
669 4473 701 4521 de
715 4471 957 4522 Conrmemorialm
977 4476 1066 4526 czirntt
1081 4478 1218 4529 velenezei
1233 4473 1442 4542 sttamton5ebtl
1454 4468 1488 4518 ll·

390 4559 448 4612 tut.
464 4565 487 4610 2.
503 4575 523 4610 r.
539 4567 598 4613 ers.
613 4563 683 4628 lev.;
705 4579 729 4612 r.
757 4567 782 4612 e.
797 4561 884 4626 sejer.
900 4565 965 4617 Cod.
980 4567 1053 4630 Dipl.
1069 4567 1116 4619 IX.
1131 4569 1187 4619 ter.
1203 4576 1226 4619 a.
1242 4585 1264 4620 r.
1280 4573 1321 4619 5¹2·
1336 4570 1364 4628 ll

876 4693 1036 4702 —-——-—--
