3108 5246
279 339 288 353 ’
339 347 405 422 402
704 366 937 422 urraonaczrnr
954 349 1125 424 urrunnu.

339 536 398 618 git,
423 541 455 600 et
479 499 567 602 zetis
593 537 755 603 staturalis
781 534 1000 602 benivolentia
1027 536 1100 620 plus
1126 534 1305 620 astringit:
1330 533 1475 618 cupimus

342 664 399 710 vos
426 650 613 712 nostrorum
637 642 781 710 felicium
807 644 1015 711 subcessuum
1041 642 1136 738 reddi
1158 643 1357 728 participes;
1389 639 1477 726 quod

351 751 449 818 debet
472 753 558 818 ratio
582 751 692 819 facere
717 751 936 835 quorumlibet
961 751 1222 835 contingencinm
1242 771 1309 816 non
1324 755 1479 834 expertes.

347 858 515 929 Noueritis
531 860 676 944 quidem,
692 857 851 942 Magnum
867 858 975 942 Regni
993 857 1106 924 Sicilie
1126 856 1353 924 (temerarium
1369 866 1401 924 et
1417 857 1478 922 col·

346 967 436 1052 legas
467 989 551 1048 suos,
567 966 743 1051 Numptios
760 972 905 1050 nostros,
928 968 1083 1051 vigesimo
1109 966 1215 1051 primo
1244 988 1348 1051 nuper
1377 964 1478 1048 elapsi

347 1076 468 1141 mensis
493 1074 612 1159 Martij
641 1075 681 1140 de
707 1072 808 1140 Curia
832 1074 983 1141 Romana
1009 1071 1187 1158 Neapolim
1202 1074 1394 1157 peruenisse,
1410 1079 1477 1138 tarn

347 1203 421 1250 cum
436 1182 532 1249 bullis
559 1183 599 1250 de
625 1183 801 1250 uniuersali
827 1182 1004 1249 concordia
1027 1183 1125 1266 plene
1140 1183 1287 1267 perlecta
1302 1204 1375 1248 oum
1389 1181 1478 1264 Rege

347 1289 498 1376 Vngarie
523 1313 581 1375 per
603 1293 821 1357 ministerium
842 1291 1014 1357 Dominice
1032 1290 1235 1372 sanctitatis,
1251 1311 1315 1375 qne
1331 1293 1477 1373 sequenti

350 1398 404 1464 die
419 1398 566 1465 XXIII.
590 1398 744 1482 eiusdem,
770 1405 923 1482 presente
942 1399 1151 1466 multitudine
1167 1400 1302 1482 copiosa
1316 1398 1474 1483 publicata

327 1505 505 1588 ‚fuerunt;
528 1529 626 1591 quam
651 1507 805 1572 similiter
831 1529 904 1572 com
930 1507 1028 1573 bullis
1043 1508 1119 1574 aliia
1135 1508 1358 1574 coronationis
1372 1514 1477 1572 nostre

350 1615 384 1680 in
410 1615 553 1680 instante
578 1612 662 1678 festo
688 1613 926 1680 Penthecostes
951 1636 992 1679 aa
1016 1614 1154 1680 conficta
1178 1616 1307 1680 ratione
1323 1613 1475 1680 celebrari

353 1723 492 1807 provise,
509 1743 576 1804 qua
591 1723 695 1786 nostri
721 1723 819 1788 amici
835 1728 869 1788 et
885 1722 943 1806 alij
960 1721 1177 1788 diuersimode
1208 1721 1306 1788 nobis
1322 1720 1477 1789 coniuncti

350 1828 437 1896 hunc
461 1828 548 1894 diem
574 1828 691 1895 festum
717 1831 862 1915 prescire
880 1830 1022 1910 valeant,
1038 1836 1072 1895 et
1088 1851 1166 1912 erga
1181 1851 1241 1895 nos
1257 1851 1388 1896 eausam
1402 1826 1475 1895 obli·

354 1937 461 2002 uionis
478 1957 590 2002 eorum
615 1958 674 2020 per
701 1937 950 2020 significationis
967 1936 1198 2020 negligentiam
1215 1958 1280 2002 non
1296 1937 1474 2020 impingant.

352 2044 596 2111 Affectaremus
611 2065 762 2129 namque,
787 2044 874 2127 quod
900 2045 1072 2128 dispositio
1088 2051 1272 2127 temporum
1289 2049 1474 2129 exposceret

351 2159 389 2216 ut
404 2151 439 2215 in
455 2151 683 2233 solempnitate
708 2149 902 2234 huiusmodi,
927 2173 990 2234 que
1015 2152 1050 2216 in
1075 2151 1141 2216 rita
1166 2157 1280 2218 nostra
1297 2125 1394 2217 semel
1408 2172 1474 2215 oon·

352 2257 461 2343 tingit,
487 2278 525 2322 ex
549 2263 644 2341 parte
670 2265 780 2325 restra
804 2261 948 2326 visitatio
964 2281 1034 2326 esse
1051 2265 1169 2344 posset.
1185 2256 1348 2343 Quamuis
1364 2247 1470 2325 solliciss

353 2372 425 2431 tare
451 2386 508 2430 ros
535 2364 577 2430 ad
602 2365 743 2433 honores
769 2376 898 2434 nostros
923 2389 989 2433 non
1013 2367 1179 2451 expediat,
1203 2389 1286 2450 quos
1312 2365 1474 2433 eorundem
1552 2417 1553 2420 η

355 2472 566 2539 subcessuum
592 2473 763 2541 indiuidua
778 2477 989 2560 participatio
1006 2475 1049 2540 ad
1067 2476 1174 2560 ipsam
1187 2474 1473 2541 honorificationem

355 2581 479 2646 inritat
497 2578 605 2664 Super
629 2602 692 2665 quo
718 2580 883 2667 Angelum
900 2583 940 2648 de
957 2581 1061 2666 Senis,
1077 2579 1328 2650 Oambellanum
1344 2589 1376 2650 et
1391 2581 1473 2648 lami·

354 2688 470 2754 liarem
486 2694 632 2756 nostrum
648 2689 811 2775 dilectum,
827 2689 964 2756 latorem
975 2692 1184 2774 presentium,
1194 2691 1374 2758 relaturum
1386 2692 1472 2755 etiam

355 2797 513 2882 premissa
528 2800 680 2862 oretenus
706 2798 812 2882 magis
832 2799 927 2881 plene
943 2798 987 2864 ad
1003 2819 1059 2862 vos
1082 2798 1234 2864 duximus
1250 2798 1473 2865 destinandum.

356 2905 446 2969 Data
476 2903 619 2986 Neapoli
649 2903 708 2968 sub
741 2903 848 2970 anulis
874 2906 995 2970 nostris
1022 2907 1154 2970 secretis
1179 2905 1233 2973 die
1258 2903 1337 2974 VII.
1360 2902 1473 2990 Aprilis

357 3013 470 3096 quinte
486 3011 673 3076 indictionis

1053 3120 1127 3185 Rex
1154 3127 1186 3187 et
1228 3121 1411 3190 Jerusalem
1426 3125 1456 3186 et

1056 3229 1186 3313 Regina
1287 3229 1403 3297 Sicilie.

468 3369 503 3430 (A
517 3367 581 3418 Cod.
604 3369 680 3420 XVI.
702 3370 741 3420 (ll.
765 3369 815 3422 Xl.
838 3367 901 3422 dist.
919 3377 940 3426 1.
956 3373 1088 3424 Archivio
1101 3374 1173 3425 delle
1186 3375 1396 3440 Ril'ormagioni,
1408 3389 1423 3424 a
1435 3373 1473 3423 llo·

359 3458 453 3509 renczi
464 3460 656 3522 leveltalban.)

847 3607 874 3616 n·—
893 3603 1006 3616 -..αι-ἁ

890 3787 964 3853 329.

363 3943 392 4012 Α
420 3943 575 4014 veienczei
599 3947 877 4037 kormdnytondce
902 3951 1057 4018 kdoetelret
1082 3948 1164 4016 kald
1185 3947 1476 4039 sepetiebantur

361 4057 389 4119 I.
408 4055 509 4142 Lojoe
523 4080 663 4144 mappcr
679 4057 792 4146 kirtly
807 4059 972 4125 lodueteivel
988 4061 1271 4126 tondcskozzanalc
1282 4086 1304 4125 a
1314 4059 1477 4148 neglegeres

696 4167 831 4234 terendo
850 4167 1052 4256 be‘kessdprdl.
1073 4169 1170 4234 1351.

471 4323 570 4392 Anno
597 4325 781 4395 MOOOLI.
808 4329 861 4395 die
887 4328 928 4400 V.
943 4329 1036 4412 lllaii,
1052 4325 1113 4397 IV.
1129 4329 1315 4396 indictione.
1331 4327 1415 4412 Gap
1425 4331 1474 4392 to:

365 4431 464 4518 Quod
473 4433 507 4498 in
518 4431 642 4500 Christi
654 4437 782 4504 nomine
798 4437 964 4522 eligantur
979 4441 1046 4502 tres
1057 4437 1240 4523 solempnes
1251 4433 1474 4503 Ambsxutoms

364 4561 425 4626 pro
435 4539 540 4622 fectis,
552 4562 616 4624 que
627 4544 785 4612 habemus
797 4546 903 4612 locere
914 4569 985 4611 curn
997 4547 1128 4612 domino
1140 4546 1230 4632 Rege
1240 4545 1418 4629 Hungarie,
1431 4539 1474 4626 qui
