3134 5252
409 345 472 406 188
763 362 996 410 nrruoulozm
1012 353 1179 410 eumuna.

408 543 480 587 cum
496 519 617 587 salario
633 529 666 586 et
681 521 816 604 familia,
832 523 949 608 quibus
959 524 1092 590 fuerimt
1107 530 1139 590 et
1153 527 1283 590 iverunt
1293 523 1522 594 Ambaxatores

409 628 452 695 ad
468 629 634 696 dominum
650 627 777 696 Ducem
793 627 940 713 Austris,
956 639 990 697 et
1004 639 1117 716 postes
1134 633 1174 699 de
1191 635 1244 699 via
1259 656 1371 701 eorum
1391 633 1523 719 provide

408 736 497 803 bitur
513 737 637 804 melius.

516 842 625 928 capta
641 869 647 908 :
665 844 764 930 Quod
780 848 859 912 dicti
872 843 1116 915 Ambsxatores
1126 849 1347 934 respondeant
1362 872 1423 933 per
1438 871 1470 914 se
1484 849 1524 914 rel
1561 901 1563 938 ,

407 973 466 1036 per
482 954 738 1019 commissionem
763 954 850 1020 infra
875 957 1012 1022 tercium
1028 956 1113 1022 diem
1130 965 1305 1042 postquam
1323 963 1421 1024 erunt
1435 957 1527 1038 electi,
1561 957 1563 1040 ξ

407 1066 440 1124 et
457 1080 521 1128 non
546 1061 676 1143 possint
700 1062 845 1128 refutare
862 1063 921 1129 sub
937 1086 1023 1147 pena
1038 1065 1196 1132 librarum
1222 1073 1370 1148 centum3
1395 1073 1429 1131 et
1443 1066 1482 1130 ad
1494 1065 1526 1128 si·
1561 1067 1563 1072 '

409 1167 518 1232 mitem
534 1189 652 1250 penam
668 1169 859 1236 subiaceant
873 1173 973 1238 etiam
989 1171 1150 1256 absentes,
1167 1176 1223 1258 qui
1237 1175 1446 1259 reliquissent
1454 1193 1525 1238 oen·
1562 1239 1563 1246 ,

409 1275 602 1357 missionem,
628 1277 683 1359 qui
709 1297 774 1342 non
799 1285 1009 1360 acceptarent
1021 1281 1064 1346 ad
1081 1281 1253 1347 terminum
1277 1280 1331 1346 vel
1345 1278 1525 1346 refutarent
1561 1287 1564 1348 ἶ

410 1379 457 1448 Et
469 1385 569 1448 etiam
586 1385 776 1451 subiaceant
790 1387 844 1451 isti
869 1407 952 1470 pene
970 1387 1029 1467 illi,
1046 1388 1102 1472 qui
1120 1389 1162 1454 ab
1178 1390 1242 1454 ista
1259 1389 1343 1454 hors
1358 1389 1523 1454 terciamn
1562 1409 1564 1434 ²

409 1491 442 1555 in
459 1498 558 1556 antea
575 1489 615 1555 de
631 1489 783 1558 Veneciis
799 1493 1009 1560 reccederent
1024 1495 1088 1560 ista
1103 1516 1211 1561 censa

518 1596 627 1682 Capta
642 1621 649 1662 ε
666 1601 755 1682 quod
778 1621 839 1684 pro
865 1601 973 1687 dando
1003 1599 1245 1686 expedicionem
1276 1603 1334 1667 isti
1365 1601 1525 1667 ambsrste
1562 1657 1564 1664 ,

409 1706 524 1772 electio
540 1703 804 1773 Ambaxetorum
828 1709 989 1775 iturorum
1016 1709 1058 1774 ad
1073 1709 1200 1795 Regem
1213 1711 1389 1793 Hungarie
1414 1709 1470 1774 fist
1483 1707 1524 1772 die

410 1815 556 1880 crastina
571 1821 647 1898 post
661 1836 782 1881 nouam
797 1817 831 1881 in
847 1816 932 1882 bona
948 1819 1063 1900 grstia.

518 1920 614 2005 Quod
640 1925 811 1989 occasione
836 1923 934 2003 eride,
960 1945 1023 2007 que
1039 1930 1089 1990 est
1104 1925 1193 1991 fecta
1208 1923 1248 1990 de
1264 1925 1289 1992 J
1291 1925 1460 2005 adratinie,
1473 1924 1524 1989 ele
1563 1933 1565 2018 ᾗ

410 2029 474 2094 ctio
492 2029 654 2095 dictorum
670 2027 930 2098 Ambexetcrum
946 2030 1118 2098 differatur
1128 2055 1231 2117 usque
1248 2032 1290 2098 ud
1306 2032 1394 2097 diem
1410 2033 1525 2112 Martis,
1563 2031 1565 2096 Ῐ

410 2136 488 2220 quia
518 2137 725 2220 postmodum
758 2138 838 2203 bene
870 2140 993 2220 poterit
1026 2145 1154 2205 tantum
1187 2139 1261 2223 plus
1293 2141 1462 2222 anticipari
1490 2138 1524 2204 de
1563 2135 1565 2172 ³

410 2249 565 2328 tempore.

561 2392 597 2454 (A
618 2393 747 2442 »Secreta
760 2391 874 2442 oonsffii
886 2392 1136 2456 Eupatorem-bol
1149 2393 1206 2443 Lit.
1221 2394 1255 2444 A.
1268 2394 1324 2444 vol.
1341 2395 1376 2455 1.)

935 2807 1009 2870 184.

532 2967 647 3031 Irtctic
664 2965 808 3032 homiui
822 2967 955 3033 Manat
971 2967 1074 3032 laicate
1094 2967 1309 3034 Velencztben.
1328 2969 1425 3034 1346.

519 3127 618 3192 Anno
645 3123 906 3194 MOOOXLVI.
923 3127 1109 3211 diequarte
1131 3125 1343 3211 Septembris,
1373 3128 1524 3210 Oepta:

411 3235 618 3301 Examinatis
634 3234 786 3318 capitulis
802 3232 988 3300 Ambaxste
1005 3235 1098 3300 nobis
1114 3237 1258 3319 exposite
1282 3256 1342 3318 per
1367 3235 1525 3318 dompnum

410 3341 551 3427 Helyam
567 3363 628 3427 pro
643 3349 737 3426 parte
754 3343 878 3408 domini
892 3343 979 3411 Beni
993 3343 1143 3426 Bossine,
1169 3341 1342 3409 consulunt
1358 3344 1525 3427 sapientes:

410 3451 458 3519 Et
472 3452 579 3534 primo
594 3450 637 3516 ad
653 3451 794 3534 primum
812 3450 993 3534 capitulum
1002 3452 1175 3518 continens
1186 3452 1226 3517 de
1235 3453 1354 3519 unione
1371 3457 1404 3517 et
1418 3447 1527 3535 ligata

410 3558 526 3626 cienda
543 3580 614 3626 cum
631 3581 669 3624 eo
687 3568 757 3641 etc.;
774 3557 1012 3643 respondeatur
1022 3581 1094 3625 curn
1109 3559 1175 3625 illis
1185 3559 1301 3643 verbis,
1312 3556 1525 3643 queDcminio

315 3726 320 3742 ,
412 3668 618 3750 videbuntur,
650 3667 741 3750 quod
772 3673 870 3732 tanta
897 3671 947 3733 est
976 3663 1055 3733 fidei
1085 3674 1118 3733 et
1148 3667 1330 3733 dilectionis
1361 3667 1524 3744 sinceritas,

412 3795 512 3859 quam
543 3777 673 3860 inipso
698 3775 794 3840 Bane
821 3775 1030 3857 cognovimus
1054 3775 1098 3842 ad
1121 3781 1250 3842 nostros
1270 3773 1421 3856 honores,
1451 3769 1525 3856 quod

409 3883 567 3952 fidissime
593 3883 655 3949 sibi
681 3883 837 3949 eudemus
852 3881 995 3966 pandere
1019 3885 1054 3949 in
1069 3887 1175 3950 totum
1201 3881 1421 3948 conditionem
1445 3899 1526 3963 agen-

412 3992 528 4058 dorum
553 3997 749 4074 nostrorum,
773 4012 838 4075 que
862 3994 970 4074 potest
994 3991 1128 4076 propris
1152 3995 1311 4074 reputare,
1334 3995 1373 4055 nt
1398 3990 1526 4073 ipsorum

411 4099 528 4167 habits
544 4099 642 4183 plena
658 4099 785 4180 notitia,
801 4099 907 4181 possit
921 4099 1011 4164 circa
1036 4118 1076 4164 ea
1091 4097 1307 4177 considerare,
1333 4118 1397 4181 que
1411 4095 1528 4161 veniunt

412 4206 654 4274 rationabiliter
670 4205 882 4272 attendenda.
905 4205 1069 4290 Equidem
1084 4227 1194 4273 verum
1210 4211 1271 4287 est,
1294 4207 1379 4272 sicut
1394 4226 1452 4288 per
1467 4221 1528 4268 nos·

412 4318 483 4380 tres
513 4313 671 4396 speciales
697 4313 826 4379 litteras
852 4314 914 4379 sibi
939 4315 1126 4397 scripsimus
1154 4319 1230 4378 ante
1264 4312 1439 4378 adventum
1462 4307 1527 4374 dicti

414 4421 547 4505 dompni
577 4420 702 4505 Helye,
727 4421 815 4505 quod
839 4420 912 4487 Rex
937 4421 1119 4507 Hungarie,
1141 4427 1242 4505 prout
1264 4425 1380 4486 notum
1406 4425 1455 4486 est
1475 4413 1526 4500 ipsi

412 4529 517 4611 Bano,
534 4527 625 4594 misit
641 4549 716 4595 suos
732 4526 975 4596 Ambexotores
991 4529 1151 4602 Venetiae
1166 4533 1388 4616 protractam
1414 4542 1528 4592 concor·
