3220 5248
754 313 984 358 nrrnouuczmr
1000 302 1166 358 rutenus.

921 603 996 666 436.

391 764 497 828 Jonas
528 763 632 826 tinini
661 763 801 848 pitspdlc,
832 763 868 826 ki
898 764 981 828 mint
1012 764 1041 827 Ι.
1060 763 1160 848 Lajcs
1182 787 1324 850 magyor
1340 763 1501 847 lcirdlpnol

388 871 493 936 lcdvete
509 895 531 934 a
547 882 633 934 ccccl
649 871 775 934 sztlclze'z
791 871 854 936 uolt
870 871 1000 950 kitldve,
1017 871 1187 935 visszcte'r
1211 869 1501 957 Magyarorszo'pbc.
1581 907 1583 916 ·

912 981 1005 1044 1363.

495 1133 651 1204 Vrbanus
668 1136 850 1220 Episcopus
866 1145 926 1202 etc.
943 1138 1113 1202 carissimo
1127 1137 1161 1202 in
1178 1135 1311 1202 Christo
1326 1137 1392 1202 filio
1407 1134 1502 1200 Ludo·
1581 1203 1583 1210 ,

389 1244 457 1308 vico
473 1242 560 1326 Regi
578 1243 723 1327 Vngarie
739 1244 870 1328 illustri,
887 1246 1024 1312 salutem
1041 1252 1101 1311 etc.
1118 1243 1328 1311 Venerabilis
1348 1245 1500 1308 fraterno-

391 1357 459 1416 ster
484 1352 654 1418 Johannes
680 1353 864 1437 Episcopus
889 1353 1064 1436 Tiniensis,
1088 1354 1176 1418 lator
1194 1353 1400 1437 presentium,
1415 1372 1501 1434 snper

390 1459 529 1542 negotis,
554 1482 614 1543 pro
640 1483 705 1544 quo
730 1483 803 1526 eum
819 1461 863 1526 ed
879 1462 1063 1528 Romanam
1080 1459 1214 1526 Curium
1231 1460 1412 1541 destinasti,
1428 1458 1501 1542 apud

390 1587 448 1632 nos
474 1566 593 1632 institit
616 1567 757 1633 fideliter
773 1575 805 1632 et
822 1570 1016 1652 prudenter3
1042 1569 1099 1633 sed
1118 1569 1362 1634 occurrentibus
1378 1564 1499 1648 impedi-

391 1675 507 1740 mentis
534 1696 633 1758 quem
658 1676 805 1759 pluribus
830 1677 937 1761 ipsum
963 1677 1131 1760 negotium
1156 1698 1220 1741 non
1235 1677 1346 1760 potnit
1361 1674 1504 1759 expediri.
1582 1729 1583 1734 ,

391 1782 534 1866 Propter
560 1783 648 1866 quod
674 1784 976 1867 supervenientibus
1000 1785 1226 1851 vacationibus
1252 1806 1311 1868 per
1343 1805 1400 1848 nos
1429 1803 1503 1846 mere

391 1889 485 1956 solito
514 1893 547 1956 in
581 1890 681 1958 Curia
712 1893 863 1958 Romane
894 1895 1035 1966 indictis,
1067 1893 1172 1958 dictus
1204 1891 1354 1958 Nunnius
1369 1890 1410 1956 ed
1424 1899 1504 1956 tuam

390 2000 587 2082 presentiam
603 2001 783 2084 revertitur,
800 2007 897 2084 prout
908 2003 977 2085 ipse
994 2001 1035 2066 de
1044 2000 1108 2065 hiis
1118 1998 1188 2064 Tue
1200 1997 1382 2066 Serenitati
1391 1996 1504 2081 plenius
1581 1981 1583 1984 ⁵

391 2114 530 2189 exponet
554 2105 687 2174 oraculo
704 2109 772 2173 vire
797 2109 893 2174 vocis.
918 2108 1043 2172 Datum
1070 2107 1235 2171 Arinione
1261 2104 1322 2171 VI.
1338 2103 1408 2169 idus
1422 2101 1504 2183 Julii,

393 2212 608 2282 Pontificatus
624 2219 726 2282 nostri
744 2237 828 2282 enno
845 2218 959 2300 primo.

743 2360 787 2422 (V.
801 2359 895 2410 Orbdn
905 2360 977 2425 pcipe
988 2357 1175 2425 regestorum)

920 2648 996 2711 437.

393 2807 422 2869 Ι.
442 2807 541 2892 Lajos
556 2830 696 2894 mapyar
712 2808 895 2895 kirdlynnlt
912 2809 1030 2874 lrduetei
1048 2810 1243 2893 coapostoli
1264 2809 1398 2873 szc‘lccel.
1422 2807 1506 2870 1363.
1582 2821 1583 2824 ’

501 2963 654 3034 Vrbanus
670 2969 851 3052 Episcopus
867 2977 926 3034 etc.
943 2968 1111 3034 carissimo
1127 2969 1161 3032 in
1178 2966 1315 3034 Christo
1332 2968 1397 3032 filio
1412 2963 1507 3031 Ludo·
1582 2967 1583 3050 J

394 3075 465 3140 rico
483 3075 567 3158 Regi
585 3075 732 3158 Vngarie
748 3075 878 3158 illustri,
904 3077 1042 3142 salutem
1059 3085 1118 3142 etc.
1144 3073 1270 3141 Dilecti
1284 3076 1345 3141 filii
1360 3075 1509 3158 Magister
1582 3149 1583 3160 ἵ

395 3183 568 3249 Jolrannes
595 3181 634 3246 de
663 3183 893 3249 Bredensched
919 3185 1045 3267 Legum
1072 3183 1197 3248 Doctor
1214 3185 1330 3266 primo,
1354 3191 1386 3246 et
1406 3178 1509 3246 deinde
1581 3205 1583 3270 ,

397 3287 569 3356 Oonredus
594 3287 859 3357 Archirlieconus
876 3290 1053 3356 Nitriensis
1078 3291 1112 3354 in
1136 3290 1288 3356 Ecclesia
1306 3287 1511 3373 Strigonicnsi
1581 3289 1583 3332 ἓ

395 3396 544 3478 seeundo,
574 3397 694 3462 Nuncii
726 3399 774 3462 tui
807 3398 849 3464 ad
875 3396 993 3464 Sedem
1019 3396 1245 3481 Apostolicam
1271 3397 1435 3475 destinati,
1457 3415 1510 3478 pro

397 3506 577 3572 commissis
593 3508 639 3570 eis
657 3527 676 3569 a
692 3504 765 3570 Tuo
792 3504 977 3572 Serenitute
1004 3508 1142 3592 negotiis
1169 3506 1256 3590 apud
1273 3527 1331 3570 nos
1347 3505 1511 3589 prudenter

396 3622 426 3678 et
444 3613 585 3679 sollicite
600 3615 800 3694 institerunt,
827 3635 976 3697 nuncque
994 3615 1033 3680 de
1050 3622 1162 3680 nostro
1179 3614 1384 3698 beneplacito
1400 3612 1440 3679 ed
1454 3610 1512 3676 Re·
1581 3641 1583 3682 f

396 3723 482 3806 giam
508 3723 707 3806 presentiam
733 3731 949 3788 revertuntur.
977 3722 1104 3808 Quibus
1131 3723 1319 3804 sicntviris,
1335 3743 1414 3806 quos
1429 3739 1513 3803 repn-
1582 3777 1583 3780 ,

398 3841 504 3898 tamus
521 3830 644 3911 fideles,
669 3833 702 3894 in
729 3831 801 3912 hiis,
830 3853 892 3915 que
910 3833 949 3896 de
966 3833 1103 3915 negotiis
1118 3831 1199 3914 ipsis
1214 3830 1331 3896 Eidem
1348 3823 1514 3895 Serenitati

396 3939 578 4018 retulerint,
603 3938 698 4003 fidem
725 3939 855 4022 plenem
881 3942 1005 4024 poteris
1030 3939 1195 4004 adhibere.
1220 3938 1344 4003 Datum
1364 3934 1513 4001 Arinicne

396 4049 461 4114 ΙΙΙ.
478 4046 551 4112 idus
566 4045 659 4126 Julii,
678 4046 896 4113 Pontificatus
914 4049 1016 4113 nostri
1032 4069 1116 4112 anno
1132 4047 1246 4130 primo.

747 4195 791 4256 (V.
804 4195 899 4245 Orbrtu
911 4197 983 4260 pcipe
996 4194 1178 4258 regestsiibdl.)

940 4409 1040 4416 -.--·—
