3166 5256
350 348 395 411 84
714 361 951 408 nnnonaczrar
966 347 1137 408 anciran.

350 545 491 607 suorum,
510 523 649 590 dicendo
666 528 701 590 et
716 521 892 606 operando,
908 521 996 605 quod
1005 521 1150 604 quelibet
1160 523 1306 604 ipsarum
1322 525 1478 586 terrarum

349 638 458 698 armet
473 638 506 698 et
521 637 632 698 teneat
646 638 808 698 armatum
824 651 925 696 unum
941 631 1076 714 lignum,
1094 627 1182 712 quod
1198 634 1265 698 stet
1280 650 1354 694 cum
1372 633 1478 694 nostra

353 746 494 824 armata,
511 747 544 806 et
560 740 692 807 obediat
707 745 819 806 nostro
836 737 1030 822 Capitoneo.

458 843 622 932 Capta:
638 842 736 931 Quod
748 843 865 912 Comes
875 845 961 929 Pagi
978 844 1156 928 eligendus,
1167 865 1240 912 cum
1256 845 1478 913 ambaxatcres

351 953 436 1037 Pagi
453 953 637 1038 supplicent
652 954 693 1020 de
708 953 859 1018 missione
890 952 1002 1036 ipsius,
1030 974 1089 1036 pro
1106 973 1191 1018 nunc
1206 953 1350 1036 eligatur
1367 959 1403 1020 et
1418 953 1478 1032 fiat

354 1066 390 1127 ut
405 1060 571 1144 eliguntur
586 1060 644 1125 alii
657 1057 813 1140 Comites
829 1079 887 1143 per
902 1065 1045 1143 quatuor
1060 1080 1183 1141 manus,
1193 1081 1264 1126 cum
1282 1059 1476 1140 condicione,

352 1167 441 1249 quod
456 1167 634 1234 Commune
660 1166 745 1252 Pagi
769 1168 895 1234 solvere
921 1166 1041 1234 debeat
1060 1167 1149 1234 dioto
1166 1166 1288 1234 Comiti
1305 1165 1345 1233 de
1362 1168 1476 1234 salario

352 1295 421 1358 suo,
431 1275 518 1358 quod
528 1275 685 1342 salarium
694 1281 745 1342 est
754 1276 946 1342 ducatorum
951 1275 1004 1344 IV
1016 1283 1145 1342 centum
1154 1277 1188 1342 in
1197 1297 1294 1360 anno,
1308 1276 1391 1342 sicut
1401 1274 1476 1340 alias

352 1390 484 1467 captum
500 1382 563 1448 luit
578 1385 613 1450 in
628 1385 693 1450 isto
705 1381 866 1464 Consili03
882 1385 1064 1468 etreoipiat
1080 1405 1174 1452 suum
1189 1385 1347 1451 salarium
1358 1383 1403 1448 ad
1418 1403 1476 1447 me·

351 1483 441 1556 dium
458 1493 554 1572 anni3
570 1498 604 1558 et
619 1490 768 1558 redditus
779 1490 964 1558 Comitatus
974 1491 1059 1575 Pagi
1075 1499 1245 1560 remaneat
1261 1493 1295 1558 in
1306 1489 1476 1556 Commune

353 1597 458 1684 Pagi3
482 1605 515 1664 et
530 1598 617 1682 quod
643 1599 817 1665 mittantur
833 1600 964 1684 Pagum
979 1600 1044 1666 duc
1061 1597 1245 1666 Camerarii
1262 1621 1336 1666 cum
1353 1599 1476 1680 salario,

353 1705 444 1790 quod
475 1707 582 1790 pridie
606 1713 741 1791 captum
755 1707 819 1773 fuit
843 1707 877 1772 in
892 1711 957 1773 isto
974 1705 1130 1789 Consilio,
1146 1707 1236 1791 quod
1250 1707 1406 1774 salarium
1422 1706 1476 1772 sol-

351 1819 449 1880 vatur
466 1814 512 1878 eis
531 1813 570 1880 de
594 1814 687 1881 bonis
702 1812 971 1897 Jsdratinorum3
987 1823 1020 1881 et
1035 1817 1196 1900 recipiant
1211 1812 1475 1882 dictiCamerarii

352 1921 507 1989 salarium
522 1943 615 1986 suum
639 1923 823 2005 predictum
855 1923 895 1989 dc
926 1922 1019 1988 bonis
1035 1923 1297 2003 Jadratinorum,
1328 1927 1360 1988 et
1375 1921 1473 2005 ipsum

354 2028 516 2113 recipiant
531 2028 575 2094 ad
590 2029 732 2094 medium
748 2029 834 2111 anni,
859 2035 893 2095 et
907 2031 1031 2096 radant
1046 2031 1109 2115 ipsi
1126 2027 1242 2097 Comes
1253 2037 1285 2096 et
1302 2027 1476 2096 Camerarii

353 2157 426 2202 cum
441 2135 500 2202 illa
516 2136 740 2203 commissione
757 2157 830 2202 cum
855 2158 922 2221 qua
938 2137 1066 2204 iverunt
1080 2137 1137 2204 alii
1162 2139 1346 2206 addictam
1360 2142 1475 2202 terrani
1560 2166 1561 2169 ¹

354 2241 448 2328 Pagi.

463 2350 623 2435 Capta:
656 2347 739 2414 Cum
770 2352 820 2416 illi
845 2350 885 2417 de
909 2351 1002 2436 Pago
1027 2357 1143 2436 petant
1168 2375 1269 2419 unum
1293 2353 1426 2436 lignum,
1440 2355 1474 2416 ut

353 2463 486 2543 possent
511 2457 626 2522 melius
651 2456 815 2524 offendere
839 2459 1035 2525 Jadratinos
1061 2487 1067 2526 :
1094 2461 1184 2527 vadit
1209 2483 1297 2545 pars,
1313 2462 1398 2545 quod
1413 2481 1474 2524 mu·

353 2570 464 2631 tuetur
479 2564 526 2630 eis
542 2564 665 2630 dictum
682 2565 807 2650 lignum
822 2563 983 2634 frunitum
998 2568 1074 2648 tale,
1100 2569 1198 2652 quale
1214 2567 1389 2651 videbitur,
1405 2567 1474 2633 obe·

352 2669 471 2736 diendo
487 2691 561 2735 cum
577 2691 614 2734 eo
631 2675 742 2737 nostro
757 2669 937 2755 Capitaneo
953 2673 1066 2740 Maris.

463 2777 614 2864 Capta,
639 2779 727 2863 quod
751 2781 915 2848 scribatur
931 2790 1042 2848 nostro
1058 2779 1240 2867 Capitaneo
1256 2783 1374 2866 Maris,
1396 2780 1475 2866 quod

356 2887 481 2970 lignum
498 2907 550 2952 ser
566 2885 682 2952 Facini
698 2888 739 2954 de
753 2887 891 2969 Molino‚
915 2890 1003 2973 qnod
1028 2891 1201 2974 complevit
1217 2897 1249 2955 et
1265 2889 1366 2956 habet
1380 2888 1474 2954 homi-

353 3015 410 3060 nes
425 2993 466 3059 de
482 2994 585 3077 galeis
611 2993 713 3079 Cipri‚
737 2995 840 3080 possit
865 3005 1017 3070 mutuare
1042 2999 1098 3065 uni
1113 3004 1278 3064 terrarum
1294 3003 1471 3063 nostrarum

355 3101 576 3186 predictarum
593 3122 652 3185 pro
670 3103 830 3169 armando
856 3104 961 3188 ipsum
978 3111 1094 3170 contra
1110 3103 1135 3170 J
1137 3104 1318 3186 adratinos‚
1335 3105 1478 3172 obedien-

357 3210 398 3275 do
421 3207 491 3289 sibi,
513 3213 552 3273 ut
576 3209 697 3275 dictum
721 3218 772 3278 est
789 3211 829 3278 de
845 3210 1060 3296 Pagensibus,
1086 3217 1120 3278 et
1136 3212 1241 3279 dictus
1268 3233 1321 3278 ser
1340 3213 1474 3278 Facinus

356 3312 513 3382 Venetias
530 3324 720 3384 revertatur.
812 3315 816 3328 '

461 3479 497 3541 (A
513 3481 639 3530 »Secreta
652 3481 769 3531 Consilii
781 3481 969 3545 Rogatornm«
984 3483 1075 3534 czinrd
1094 3484 1233 3534 velenczei
1246 3481 1472 3545 sillamlrdnpubol.

358 3567 413 3618 hit.
428 3569 462 3618 A.
473 3571 527 3620 vol.
541 3575 552 3619 1
566 3607 572 3630 ,
585 3585 603 3620 a
615 3572 754 3622 velenczei
766 3586 839 3637 nagy
852 3572 1045 3634 levtltarban.)

841 3753 1000 3766 *a*

891 3971 943 4032 81.

353 4123 384 4190 A
401 4124 551 4193 ueleaczei
566 4127 910 4216 lrormdnylaadcsaalt
934 4153 1129 4217 upyarrazoa
1152 4133 1293 4197 bascara
1311 4127 1471 4197 vorrctluao'

750 4239 965 4304 latdrozatai.
987 4238 1083 4304 1345.

459 4389 560 4459 Anno
576 4392 815 4468 MCCCXLV.
842 4397 893 4464 die
925 4395 1102 4482 penultimo
1121 4397 1276 4484 Augusti.
1293 4397 1321 4466 C
1337 4423 1357 4466 a
1371 4422 1391 4484 p
1404 4406 1418 4463 t
1432 4417 1464 4461 a:

351 4495 449 4581 Quod
465 4503 704 4585 respondeatur
729 4505 958 4573 Provisoribns
984 4508 1115 4587 nostris,
1131 4508 1219 4591 quod
1243 4509 1416 4592 recepimus
1436 4511 1465 4570 et
