3214 5260
479 315 496 383 ἶ
597 349 691 412 1352.
1141 349 1203 412 427

50 527 56 540 “
81 527 149 595 dum
166 525 339 594 Goffridus
364 527 449 594 idem
475 525 534 595 sub
559 525 682 595 Nostre
700 523 886 594 Maiestatis
902 525 1031 590 nomine
1045 521 1207 590 resideret

81 635 241 704 inllustro
268 635 426 704 Ciuitatis
451 635 605 720 predicte,
633 634 781 700 homines
797 634 861 718 ipsi
885 633 1095 701 coboduuata
1109 639 1206 718 gente

80 765 161 808 more
191 743 353 810 rebelium
378 763 453 810 cum
468 741 637 825 bandcrijs
662 741 834 825 explicatis
850 741 972 807 dictum
989 738 1144 808 Castrum
1159 739 1208 806 in-

79 851 191 916 uadere
206 858 240 917 et
256 872 375 930 capere
392 857 592 936 satagerunt,
602 848 754 916 faciendo
764 848 810 916 ibi
821 847 954 914 diuersa
968 848 1205 933 oppugnacula,

79 979 146 1024 cum
160 959 340 1042 trabuccis,
355 958 521 1044 lapidibus
537 963 571 1022 ct
585 957 724 1036 balistis,
734 961 915 1040 utposcent
924 977 1111 1042 expugnare
1121 961 1204 1022 cast·

80 1086 145 1132 rum
158 1067 355 1150 predictum,
365 1073 399 1132 et
414 1065 581 1134 offendero
598 1071 728 1131 nostros
743 1063 854 1132 fideles
865 1063 906 1128 de
921 1065 1077 1131 mandato
1094 1069 1208 1131 nostro

80 1173 250 1240 existentes
274 1177 310 1240 in
336 1172 486 1241 custodia
510 1174 588 1239 dicti
614 1173 723 1238 casui.
760 1170 866 1255 Super
893 1172 1012 1255 quibus
1042 1171 1208 1257 requisitis

83 1281 147 1364 ipsc
171 1289 364 1366 exponente,
394 1301 520 1350 necnon
553 1282 579 1348 J
581 1281 708 1348 ordano
733 1279 773 1346 de
798 1278 953 1346 Aduersa
983 1301 1042 1364 per
1073 1279 1209 1346 eundem

81 1385 261 1456 Goffiidum
272 1397 352 1456 tunc
362 1388 388 1455 J
388 1390 599 1470 ustitiarium,
610 1387 782 1456 Vicarium
799 1395 832 1454 et
847 1385 1074 1472 Capitanenm,
1088 1391 1126 1452 ut
1139 1408 1210 1471 pre·

82 1494 187 1580 rerum,
211 1504 250 1564 ut
278 1503 477 1582 congregato
502 1503 598 1581 gente
624 1498 789 1579 armigera
813 1496 1022 1578 undecunque
1036 1494 1071 1558 in
1094 1492 1211 1560 maiori

82 1605 263 1685 quantitate
281 1627 348 1690 qua
363 1612 504 1690 possent,
520 1605 582 1689 ipsi
599 1601 750 1669 Goffrido
761 1608 996 1682 succurrerent,
1004 1622 1128 1668 necnon
1144 1599 1211 1668 dic·

82 1714 145 1774 tam
159 1711 344 1779 Ciuitatem
368 1711 516 1793 Tarenti,
540 1718 574 1778 et
598 1710 746 1777 homines
769 1709 925 1776 Ciuitatis
940 1708 1094 1789 eiusdem,
1110 1729 1149 1774 ac
1164 1708 1211 1793 ip·

84 1835 186 1884 eornm
212 1822 306 1887 bona
331 1821 554 1904 opprimerent
578 1839 617 1884 ac
632 1817 830 1884 inuaderent
853 1823 886 1882 et
901 1814 1076 1897 auferrent,
1089 1821 1125 1880 vt
1148 1816 1211 1899 ipsi

16 1967 22 1994 =.
84 1923 251 1994 Tarentini
269 1929 493 1996 diuerteretur
508 1951 529 1994 a
545 1928 641 1994 dictis
652 1927 887 2006 inuasionibus,
898 1932 931 1991 et
941 1925 983 1992 ad
993 1923 1212 1990 obedientiam

16 2025 17 2032 '
87 2031 162 2098 dicti
177 2032 335 2118 Goffridi,
350 2042 384 2102 et
398 2035 522 2102 Nostra
537 2035 724 2100 Maiestatis
749 2055 807 2117 per
823 2033 1009 2100 huiusmodi
1024 2031 1211 2098 vexationes

28 2167 30 2170 ·
85 2137 220 2208 forsitan
245 2149 382 2228 possent
407 2143 506 2224 trabi,
530 2149 600 2209 tam
631 2162 672 2206 ex
696 2142 758 2208 hoe
784 2161 884 2223 quam
899 2163 940 2208 ex
962 2140 1038 2224 alijs
1053 2138 1214 2205 liucribus

88 2251 121 2310 et
134 2249 269 2317 motiuis
287 2251 436 2332 diuersis,
452 2250 533 2318 data
549 2250 686 2316 materia
702 2250 848 2316 scandali
872 2251 957 2316 inter
975 2249 1080 2316 dictos
1091 2248 1214 2314 Taren·

88 2353 169 2420 tinos
195 2364 336 2443 exparte
360 2379 433 2441 vna,
458 2363 492 2424 et
515 2357 697 2442 predictum
722 2362 944 2442 exponentem,
960 2378 999 2422 ac
1014 2357 1216 2439 subscriptos

15 2451 16 2468 ¹
87 2461 231 2548 aliosque
249 2468 520 2550 consanguineos,
535 2468 665 2548 amicos,
682 2465 912 2550 stipendiarios
936 2472 969 2532 et
985 2484 1136 2532 seeuaces
1161 2485 1213 2529 ex·

86 2575 234 2650 ponentis
252 2574 397 2640 ciusdem
412 2595 452 2640 ex
467 2575 584 2655 altera,
594 2573 772 2658 instigante
787 2573 919 2639 humani
936 2574 1063 2656 generis
1078 2571 1217 2653 inimico,

88 2686 242 2758 operante
258 2682 357 2748 etiam
373 2681 557 2748 conditione
581 2682 721 2764 predicti
743 2680 903 2764 temporis
927 2679 974 2745 sic
998 2678 1132 2758 turbati,
1147 2699 1217 2745 auc·

15 2771 23 2848 s
89 2795 261 2855 creuerunt
292 2789 368 2855 odia
393 2789 496 2872 uaria,
522 2787 745 2869 discessiones,
770 2793 803 2852 et
827 2786 982 2852 scandala
1003 2785 1168 2852 hominum
1183 2789 1218 2850 et

90 2893 296 2963 tumultuosa
311 2896 509 2978 discrimina,
519 2896 615 2981 quod
639 2896 835 2984 alterutrum
848 2897 1052 2978 insurgentes
1068 2893 1111 2961 ad
1126 2914 1220 2959 arma

90 3007 195 3068 exerte
210 3003 346 3071 fuerunt
370 3005 568 3092 inuasiones,
593 3003 697 3086 cedes,
713 3004 946 3088 percussiones,
970 3000 1219 3085 disrcbationes,

15 3101 17 3106 ‘
91 3103 244 3193 dampna,
276 3111 404 3192 iniuria,
436 3110 586 3195 volentis,
617 3111 815 3177 diructioues
846 3111 1023 3191 domorum,
1046 3109 1219 3178 incisiones

94 3211 247 3284 arborum
273 3218 528 3300 fructiferarum,
555 3224 589 3284 et
618 3218 854 3302 extirpationes
884 3217 1061 3297 vinearum,
1091 3217 1220 3302 aliaque

92 3317 221 3390 diuersa
236 3331 269 3390 ct
282 3325 458 3409 nephanda
474 3326 595 3392 delicta
610 3325 796 3392 huiusmodi
819 3324 1051 3391 miserabiliter
1066 3324 1157 3391 fuere
1173 3345 1220 3391 se·

93 3436 199 3516 quuta,
225 3431 455 3498 uniuersaliter
484 3437 517 3498 et
532 3433 778 3516 particulariter
788 3433 874 3498 inter
889 3438 1002 3515 parter
1017 3431 1157 3515 easdem,
1181 3453 1220 3497 ex

94 3536 210 3616 quibus
226 3539 307 3605 dicti
324 3539 495 3605 Tarentini
506 3539 756 3622 dampnificatcs
773 3545 807 3605 et
823 3538 963 3606 offensos
979 3559 1043 3605 non
1059 3538 1220 3604 modicum

95 3661 127 3706 se
154 3655 310 3731 reputare
334 3645 492 3714 feruntur.
517 3643 694 3713 Subiunxit
719 3648 819 3714 etiam
844 3629 930 3714 idem
953 3668 1116 3732 exponens
1132 3643 1221 3729 quod

95 3748 162 3834 ipse
187 3754 236 3841 (et
259 3755 437 3840 subscripti
462 3755 534 3840 alii)
551 3757 655 3837 amici,
679 3756 911 3838 consanguinei
935 3762 969 3822 et
993 3775 1147 3839 sequaces
1171 3752 1222 3818 sui

96 3856 178 3926 aliax
195 3864 345 3945 exigente
362 3863 490 3930 malitia
505 3869 687 3947 temporum
697 3865 839 3930 etcertis
849 3862 1100 3930 emulationibus
1110 3861 1222 3944 uigen-

96 3963 180 4035 tibus
197 3971 231 4036 in
247 3969 337 4036 dicta
354 3969 525 4053 prouincia
541 3977 573 4036 et
589 4005 629 4016 -
648 4007 691 4018 -
716 4003 758 4014 -
784 4005 827 4015 —-
851 4005 893 4016 -
917 4005 960 4014 —
984 4003 1027 4014 —
1051 4005 1095 4054 ·‘.
1119 4001 1162 4013 -
1179 4002 1222 4014 -

98 4071 271 4160 deliquisse
295 4085 469 4162 ponuntur,
494 4099 533 4143 ae
550 4077 669 4143 delicta
684 4078 871 4143 huiusmodi
887 4081 921 4141 et
935 4076 1003 4142 alia
1017 4075 1222 4142 commisisse.

98 4179 140 4248 ut
164 4192 341 4270 propterca
367 4207 426 4269 pro
453 4207 487 4251 se
515 4190 549 4250 et
573 4183 671 4251 dictis
687 4185 761 4270 alijs
777 4183 899 4250 Nostre
915 4183 1086 4249 Maiestati
1102 4179 1224 4266 suppli-

100 4295 183 4360 cauit
199 4294 375 4374 humiliter,
387 4300 422 4359 ut
437 4293 484 4358 eis
501 4298 534 4358 et
549 4293 683 4381 cuilibet
698 4294 843 4376 ipsorum
859 4292 899 4357 dc
908 4292 1110 4375 benignitate
1127 4291 1225 4358 solita

15 4441 18 4450 ι
101 4404 132 4462 et
155 4401 288 4486 speciali
315 4405 425 4485 gratia
450 4399 691 4467 remictcremus
716 4421 826 4466 omnes
851 4407 885 4466 et
910 4400 1052 4484 singulos
1076 4421 1225 4467 excessus

102 4513 270 4592 predictos,
287 4519 320 4576 et
344 4533 524 4596 ponasque
549 4518 681 4596 possent
697 4510 813 4578 exinde
828 4513 1000 4593 resultare,
1014 4513 1165 4597 ipsosque
1183 4506 1226 4573 ad
