3110 5248
372 373 436 444 320
728 395 961 443 1111111111
985 369 1153 442 uncinus.

368 557 590 624 obedientium
613 556 853 642 predictorum
879 558 958 621 item
985 557 1072 638 quod
1089 554 1207 620 Comes
1225 552 1350 620 Paulus
1368 549 1479 633 Oliscie,
1543 575 1545 646 j

370 664 537 730 Scardoue
563 673 596 730 et
613 647 774 730 Dalmisie
799 685 871 730 oum
888 665 954 728 suis
970 669 1004 728 et
1020 683 1093 728 curn
1109 662 1203 728 bonis
1220 669 1253 727 et
1268 661 1357 744 locis,
1372 684 1429 745 que
1443 669 1483 726 te·
1543 717 1545 742 ,

367 777 425 838 net
457 796 513 840 seu
538 771 667 857 posside
726 772 771 838 sit
796 777 830 837 et
854 791 924 837 esse
950 771 1071 838 debeat
1097 771 1132 836 in
1157 771 1308 854 treuguis
1333 771 1483 855 predictis
1543 781 1545 840 ἒ

369 878 480 966 Quare
505 880 653 948 dominus
677 879 755 946 Dux
780 878 913 946 mandat
936 884 970 944 et
993 879 1143 963 precipit,
1158 884 1196 942 nt
1212 879 1281 962 ipse
1297 885 1486 964 111311111-
1542 867 1545 966 1

369 1009 480 1054 onmes
505 994 539 1053 et
554 987 698 1070 singulos
714 988 810 1066 cives,
834 984 981 1054 subditos
998 991 1031 1050 et
1047 984 1161 1050 fideles
1188 984 1333 1064 devotos,
1349 986 1486 1052 obedien·
1543 969 1545 1104 ἰ

369 1105 428 1180 tes,
453 1116 608 1180 sequaces
634 1119 672 1163 ac
698 1091 900 1161 lavorabisea
926 1114 1001 1159 suos
1027 1092 1168 1159 debeant
1194 1093 1371 1159 secundum
1388 1116 1485 1160 eurum
1543 1109 1545 1124 ·

369 1205 605 1270 continentiam
629 1203 837 1287 integraliter
862 1200 1037 1268 observari.
1062 1200 1240 1269 Publioata
1254 1201 1319 1267 luit
1342 1202 1376 1266 iu
1401 1203 1485 1268 scalis

370 1311 517 1378 Rivoalti
533 1335 592 1397 per
607 1332 780 1396 preconem
798 1333 897 1396 supra
913 1311 1089 1377 consalum.

477 1459 529 1519 (Az
543 1458 679 1508 »Estratti
693 1457 738 1508 dai
751 1457 886 1508 notatorii
899 1457 943 1508 del
958 1457 1106 1522 Collegio,«
1131 1457 1221 1508 czimd
1235 1455 1484 1521 olrmdnycsorudbtl

371 1563 387 1597 a
401 1547 541 1598 velenczei
555 1561 629 1612 nagy
643 1547 837 1612 levelttrban.)

900 1854 974 1919 267.

371 2016 434 2084 IV.
469 2017 617 2084 Kelemeo
650 2021 741 2104 pcipe
775 2015 898 2097 Petert,
933 2016 1067 2081 veroaai
1090 2015 1253 2102 ptispcikiit
1279 2014 1485 2101 diplomuciai

370 2126 580 2212 nicqbizdseol
633 2125 730 2190 11111111
781 2123 809 2187 I.
854 2125 955 2210 Lajos
996 2144 1136 2211 niapyar
1179 2124 1360 2210 kiralydoz.
1402 2125 1484 2188 1343.

479 2283 630 2351 Clemens
655 2285 840 2368 Episcopus
866 2289 925 2350 etc.
951 2283 1117 2350 carissimo
1142 2285 1176 2350 in
1202 2282 1337 2352 Christo
1354 2283 1416 2350 filio
1430 2283 1484 2348 Lu-

370 2390 483 2458 dovico
508 2391 655 2476 Vngerie
670 2391 756 2476 Regi
772 2393 892 2458 illustri
908 2392 1046 2458 salutem
1066 2399 1128 2460 etc.
1143 2393 1278 2459 Dudum
1296 2393 1410 2458 dilecto
1426 2391 1483 2456 filio

370 2508 483 2567 nostro
508 2502 694 2568 Bertrando
720 2501 807 2566 tituli
833 2499 946 2566 Sancti
971 2500 1081 2566 Marci
1104 2499 1299 2566 Presbitero
1323 2498 1483 2577 (1111111111,

370 2605 563 2692 Apostolice
578 2607 674 2676 Sedis
690 2608 826 2692 Legato,
834 2606 981 2673 dedimus
991 2627 1051 2691 per
1068 2613 1197 2674 nostras
1213 2606 1347 2674 litteras
1362 2608 1395 2672 in
1408 2627 1483 2672 mau-

370 2716 466 2798 datis,
491 2715 578 2801 quod
602 2717 672 2801 ipse
698 2717 740 2782 ed
764 2722 857 2782 tuam
882 2717 1081 2801 presentiam
1111 2736 1145 2782 se
1175 2713 1349 2800 conferret,
1374 2715 1483 2798 tibique

370 2822 413 2888 ad
438 2845 487 2910 11,
502 2846 566 2908 que
581 2845 640 2908 per
655 2823 875 2890 venerabilem
898 2822 1036 2890 11111111
1052 2829 1197 2889 nostrum
1214 2821 1415 2908 Stephanum
1430 2821 1483 2888 Ar·

371 2931 613 3018 chiepisoopum
629 2929 850 3018 Colocensem‚
869 2940 901 2998 et
917 2932 1073 2999 dilectum
1088 2931 1191 2998 filium
1207 2931 1233 2997 J
1234 2932 1392 2999 ohannem
1405 2932 1483 2998 Elec·

370 3044 440 3105 tum
464 3038 675 3119 Bosnenscm,
699 3046 777 3103 tunc
802 3031 1083 3104 Archidieoouum
1099 3035 1303 3121 Orodieusia
1322 3059 1361 3105 ac
1378 3038 1483 3120 Propo·

371 3145 470 3210 situm
495 3143 659 3210 Budensis
694 3143 948 3228 vesprimiensis
974 3144 1124 3211 Diooesis
1149 3144 1385 3228 Ecclesiarum,
1408 3143 1483 3211 Nun·

371 3253 438 3317 cios
454 3258 528 3319 tuos
543 3252 585 3318 sd
601 3250 718 3317 Sedem
735 3252 964 3337 Apostolioam
981 3255 1191 3320 transmissos
1217 3256 1409 3338 successiue,
1423 3251 1483 3317 Tua

372 3358 465 3426 nobis
490 3356 680 3424 Sublimitas
704 3361 886 3441 intimarat,
910 3382 971 3444 pro
994 3367 1091 3445 parte
1106 3367 1220 3426 nostra
1235 3362 1429 3445 respondere
1443 3382 1483 3426 cu·

370 3471 470 3530 raret.
487 3464 533 3528 Et
550 3464 667 3531 deinde
683 3487 756 3531 cum
772 3466 919 3549 laegatus
935 3467 1022 3534 idem
1038 3467 1229 3534 infirmitate
1246 3470 1373 3553 proprii
1389 3487 1483 3552 corpo·

371 3573 418 3636 ris
434 3573 616 3657 impeditus,
627 3580 660 3639 et
670 3573 860 3658 Legationis
878 3597 934 3642 sue
950 3578 1092 3661 negoriis
1110 3582 1297 3661 occupatus,
1313 3577 1358 3642 ad
1373 3595 1483 3661 precer·

371 3680 452 3747 tiam
476 3688 567 3746 tuam
592 3683 810 3765 personaliter
835 3705 868 3750 se
893 3685 1042 3751 conferre
1068 3706 1133 3750 non
1158 3691 1289 3770 posset:
1306 3683 1380 3752 Nos
1396 3685 1483 3760 adea

374 3807 436 3869 que
452 3810 511 3872 per
528 3795 561 3854 te
576 3787 717 3875 inerant,
726 3798 764 3857 ut
773 3793 965 3877 predicitur,
980 3795 1140 3874 intimata,
1150 3792 1350 3862 sufficienter
1361 3801 1394 3860 et
1409 3794 1483 3879 plene

373 3896 570 3978 respondere
587 3899 739 3982 volentes,
755 3899 1186 3968 decreuimusuenerabilem
1197 3899 1337 3968 fratrem
1356 3909 1484 3968 nostrum

373 4001 510 4069 Petrum
520 4002 838 4086 Veronensem‚tunc
849 4008 1143 4091 Vite1·biensem‚et
1154 4009 1239 4074 bone
1258 4011 1416 4076 memorie
1428 4007 1484 4074 Ma·

373 4110 484 4176 theum
496 4112 718 4182 Veronensem
733 4115 925 4200 Episcopos,
940 4123 1017 4182 tune
1032 4119 1065 4182 in
1082 4119 1234 4184 humanis
1244 4115 1448 4202 agentemad
1461 4121 1485 4178 tt

375 4219 560 4298 specialiter
568 4227 743 4306 propterea
753 4221 927 4290 destinare.
939 4224 1087 4308 Cumque
1104 4225 1154 4292 illi
1172 4225 1215 4292 ad
1231 4227 1295 4292 iter
1310 4219 1485 4293 necessariis

375 4325 560 4406 preparatis
587 4327 800 4411 disponerent
825 4332 960 4415 aggredi
997 4333 1081 4397 11111
1108 4354 1218 4415 111111;
1242 4333 1328 4400 idem
1350 4333 1484 4402 Mattheus

375 4429 568 4514 Episcopus,
593 4435 676 4500 sicut
701 4433 843 4505 Domino
867 4441 1002 4524 placuit,
1017 4441 1116 4507 rebus
1132 4439 1196 4506 fuit
1211 4441 1363 4508 humanis
1378 4457 1484 4520 exemp·

375 4539 436 4600 tus.
462 4536 672 4606 Postmodum
701 4565 774 4610 uero
799 4546 974 4630 11111111111,
1000 4547 1089 4632 quod
1115 4553 1161 4632 tu,
1186 4547 1233 4614 fili
1260 4550 1432 4624 caressime,
1453 4545 1484 4609 dc
