3110 5248
608 343 702 406 1348.
1152 345 1216 410 atr

5 497 7 532 ³
94 514 136 578 rei
150 516 373 583 testimonium
389 537 521 602 presens
537 518 694 600 scriptum
711 518 912 601 triplicatum
940 519 1020 603 fierj,
1046 526 1078 585 rt
1110 541 1222 584 uuum·

5 607 7 662 ἶ
96 623 239 707 qnodque
254 625 424 692 consimile
440 645 540 708 penes
558 645 820 709 unamquamque
835 625 1047 710 Religionum
1071 629 1217 712 ipsarum

5 731 7 742 ’
95 735 268 811 remaneat,
285 737 318 796 et
333 731 491 816 pendenti
506 731 695 798 Maiestatis
711 729 745 796 N
747 738 836 798 ostre
852 731 958 818 sigillo
968 735 1121 801 iussimus
1136 757 1220 804 com·

5 849 7 896 f
93 837 213 922 mmirj.
223 836 350 904 Actum
367 846 403 906 et
419 839 531 906 datum
544 838 687 923 Neapolj
698 861 757 923 per
767 837 1040 908 Bartholomeum
1050 842 1091 908 de
1102 839 1219 925 Oapua

92 941 230 1028 militem,
246 945 467 1030 Logotbetam
486 953 519 1012 et
533 944 825 1014 Prothonoterium
841 947 949 1030 Regni
981 945 1102 1016 Sicilie.
1119 948 1218 1016 Anno

92 1047 218 1117 Domini
249 1052 420 1119 millesimo
446 1053 671 1120 trecentesimo
697 1054 837 1121 secundo
864 1054 917 1122 dio
932 1056 1085 1122 vicesimo
1101 1063 1219 1142 quarto

5 1181 7 1244 ξ
92 1153 278 1225 Decembris
290 1161 394 1244 prime
403 1161 592 1226 indictionis
602 1161 792 1245 Regnorum
803 1168 989 1230 nostrornm
999 1184 1084 1231 anno
1100 1171 1218 1232 octauo

5 1267 6 1350 f
92 1264 218 1332 decimo.
239 1305 285 1314 -
297 1265 396 1334 Nunc
412 1275 522 1334 autem
537 1269 703 1352 cupientes
719 1268 903 1353 predictam
913 1277 1059 1339 noemam
1074 1274 1218 1356 gretiam

91 1371 256 1459 adaugere,
283 1382 321 1441 ut
345 1377 433 1459 quod
460 1376 581 1444 directe
608 1384 811 1460 repugnante
826 1378 962 1445 licentia
977 1379 1148 1462 nequimus
1164 1400 1218 1446 ex·

5 1463 7 1552 l
90 1480 196 1564 plicite
210 1482 331 1566 facere,
348 1504 484 1568 agamus
494 1485 549 1568 pio
560 1484 730 1568 prcposito
739 1505 798 1568 per
809 1483 995 1570 obliquum3
1011 1487 1215 1554 concessione

89 1588 155 1670 ipsa
170 1595 283 1656 nostra
300 1589 433 1680 pridem
449 1589 638 1656 immediate
653 1589 776 1674 collata
788 1591 1004 1675 religionibus
1015 1595 1102 1678 ipsis,
1117 1600 1217 1679 prout

5 1719 6 1730 2
90 1715 183 1780 supra
197 1696 408 1782 describitur,
422 1703 568 1781 pretacte
585 1697 858 1766 considerationis
867 1701 991 1767 intuitu
1000 1723 1061 1786 per
1070 1703 1216 1786 resigne-

5 1781 7 1882 Ξ
90 1803 208 1869 tionem
223 1803 452 1888 religiosorum
467 1804 615 1887 ipsorum
632 1807 666 1870 in
681 1806 803 1871 nostris
821 1807 971 1874 menibus
986 1808 1110 1876 factam
1125 1831 1215 1876 rere·

5 1893 7 1964 Ῐ
91 1918 167 1991 cata,
191 1909 360 1994 religiosis
383 1911 573 1978 mulieribus
589 1912 751 1980 Priorisse
767 1919 800 1978 et
815 1912 995 1981 Conventui
1018 1915 1214 2002 Monasterij

5 2019 7 2054 ³
90 2015 195 2084 Sancti
217 2016 316 2084 Petri
341 2017 384 2082 ad
409 2017 589 2084 Castellum
614 2020 655 2085 de
680 2017 820 2106 Neapolj
848 2019 927 2088 dicti
957 2018 1091 2090 Ordinis
1115 2022 1213 2090 Beati

5 2123 8 2160 ⁵
91 2121 247 2191 Dominici
264 2132 299 2191 et
315 2125 427 2191 eidem
443 2126 648 2193 Monasterio
672 2128 904 2211 predistinctas
929 2149 1054 2198 annuas
1078 2131 1214 2216 pecunie

5 2217 7 2262 ³
90 2234 296 2316 quantitates,
314 2255 383 2319 qne
398 2233 434 2298 in
449 2234 626 2319 compilata
642 2255 768 2303 summa
784 2236 919 2304 collecte
935 2245 1012 2304 sunt
1025 2239 1117 2305 rncie
1142 2261 1214 2306 cen·

5 2357 8 2418 ε
89 2341 398 2426 tnmqninquaginta
418 2339 573 2426 ponderis
589 2343 760 2428 generalis,
775 2345 809 2409 in
833 2345 958 2411 iuribus
975 2352 1009 2412 st
1024 2367 1122 2431 super
1136 2347 1213 2414 iuri·

90 2447 147 2512 bus
175 2449 259 2515 dicte
286 2448 421 2515 dobane
444 2455 556 2515 nostre
582 2449 749 2535 Neapolis,
773 2451 854 2516 ferri
883 2452 1043 2536 videlicet,
1074 2455 1157 2536 picis
1180 2461 1213 2520 et

5 2629 7 2648 ἕ
29 2627 34 2636 ,
91 2557 202 2642 aczarij
223 2556 414 2636 exbibende,
431 2559 615 2624 successiue
631 2559 768 2642 singulis
786 2558 1001 2646 annisPriorj
1021 2561 1212 2629 senProcu·

5 2673 13 2748 ξ,
91 2665 185 2748 ratorj
202 2664 282 2730 dicti
306 2664 501 2750 Monasterij
520 2687 578 2749 per
609 2667 764 2732 terminos
789 2673 1025 2751 competentes:
1049 2670 1098 2734 ita
1124 2669 1211 2752 quod

5 2753 8 2858 f
92 2770 168 2838 siout
181 2773 275 2838 valor
291 2793 417 2839 annuus
428 2795 485 2838 seu
495 2774 692 2840 venditionis
705 2775 827 2859 jurium
838 2774 985 2858 predicte
995 2775 1212 2842 cabellecres·

92 2885 137 2944 eet
152 2887 207 2946 aut
223 2879 388 2945 decrescet
412 2879 446 2943 in
473 2884 581 2963 antea,
606 2880 653 2946 sic
678 2886 712 2947 et
736 2881 809 2965 ipsa
825 2879 959 2946 donatio
975 2881 1062 2946 dicto
1078 2881 1211 2947 Mones·

5 3019 7 3044 ι
92 2990 166 3053 terio
181 2992 343 3071 angeatur
367 2993 401 3052 et
424 2985 591 3053 minuatur
618 3009 680 3072 pro
704 2986 795 3053 dicta
809 2993 884 3053 rata
899 2986 1013 3053 debita
1028 2990 1209 3054 successiue

5 3159 8 3170 ,
91 3093 324 3179 inperpetuum
340 3093 525 3177 subscripto
551 3095 655 3173 modo,
675 3089 795 3160 'damus
811 3093 969 3160 donemus
985 3100 1084 3176 atque
1100 3113 1210 3162 conca·

5 3181 7 3250 l
90 3200 184 3268 dimus
199 3201 320 3268 Divino
335 3202 468 3288 pietatis
483 3201 605 3266 iutuitu
620 3201 660 3266 de
677 3209 766 3267 certa
782 3207 894 3268 nostre
910 3201 1055 3279 scientia,
1065 3199 1208 3266 liberali·

5 3327 7 3392 g
92 3312 152 3372 tate
166 3330 254 3374 mera
271 3313 305 3374 et
320 3304 429 3393 &aba
440 3307 584 3397 specialj;
601 3310 647 3375 sic
657 3309 817 3393 equidem,
829 3308 917 3392 quod
927 3328 987 3391 per
998 3325 1115 3373 manus
1126 3306 1207 3374 dicti

5 3397 7 3478 t
92 3413 205 3481 Prioris
221 3437 279 3482 seu
295 3416 530 3483 Procuratoris
545 3416 649 3501 ipsius
665 3416 862 3501 Monasterij
881 3413 997 3482 Sancti
1013 3413 1107 3481 Petri
1135 3436 1208 3499 pre·

91 3516 159 3588 fatis
172 3523 407 3607 Religionibus,
422 3525 473 3590 vel
484 3545 597 3592 earum
606 3523 777 3591 Prioribus
787 3531 821 3590 et
840 3519 1032 3589 Guardiano
1048 3543 1108 3607 pro
1130 3523 1206 3603 illis,

5 3615 14 3656 ³⁸
79 3627 182 3714 donee
196 3628 351 3697 Studium
374 3632 408 3696 in
433 3635 505 3716 ipsa
520 3629 666 3698 Ciuitate
681 3631 840 3715 Neapolis
867 3629 1030 3698 Generale
1057 3651 1207 3696 serueue-

93 3736 150 3800 rint
164 3737 341 3825 Theologic
351 3739 471 3805 Divina
487 3740 621 3806 scientie
637 3739 833 3823 supradicte,
841 3759 899 3822 per
915 3738 1072 3804 terminos
1082 3756 1207 3820 compe-

5 3903 6 3920 ,
93 3845 186 3909 tentes
216 3846 348 3913 eosdem
378 3868 438 3930 pro
471 3847 730 3913 substentatione
761 3845 962 3932 studentium
993 3843 1207 3929 predistincte

5 3943 6 4010 l
94 3952 208 4035 singule
233 3956 444 4038 quantitates,
468 3956 621 4023 videlicet
636 3956 730 4022 dictis
745 3954 1013 4020 Predicatoribus
1029 3954 1208 4038 octoginta,

5 4045 9 4138 j*
94 4053 263 4126 Minoribus
295 4061 525 4148 quadraginta,
549 4069 583 4128 et
613 4061 794 4128 Heremitis
827 4061 965 4144 triginta
995 4060 1104 4126 uncias
1135 4063 1207 4128 auri

5 4191 7 4240 t
94 4161 163 4229 dicti
175 4169 325 4251 ponderis
342 4173 435 4238 annis
451 4171 587 4255 singulis
603 4173 636 4236 in
651 4175 845 4254 perpetuum
855 4169 999 4253 intregre
1009 4167 1207 4234 tribuantur,

5 4299 6 4368 3
95 4277 125 4335 ut
146 4285 388 4356 perseveranter
413 4286 546 4346 auctore
570 4279 713 4345 Domino
745 4282 877 4343 maneat
901 4277 991 4362 pium
1008 4280 1156 4344 nostrum
1171 4276 1206 4340 in

96 4377 149 4444 hac
162 4391 253 4467 parte
269 4387 483 4470 propositum,
498 4393 531 4452 et
547 4408 605 4472 per
622 4385 786 4470 quoddam
801 4403 1001 4469 consequens
1011 4389 1206 4467 assequatur

5 4543 6 4580 ;
96 4485 239 4576 eflectum,
255 4493 343 4576 quod
360 4499 431 4559 erat
454 4493 548 4561 futile
573 4516 631 4582 per
648 4496 814 4576 directum,
829 4515 895 4561 non
911 4493 1118 4562 obstantibus
1133 4497 1203 4560 tam
