3134 5252
389 323 454 388 alo
745 321 1164 400 ursaonacararsuatuns.

387 501 461 580 tias,
485 497 654 566 curialiter
682 504 801 578 tamen,
823 505 860 562 ut
884 519 943 581 per
977 499 1085 582 ipsum
1116 499 1149 561 et
1180 496 1263 564 alios
1290 493 1509 579 infrascriptos

389 604 503 672 haberi
522 607 628 688 possit
653 608 776 672 veritas
802 604 881 671 dicti
905 605 993 670 facti.
1017 603 1063 670 Et
1087 605 1219 688 insuper
1245 603 1432 669 detineatur
1447 624 1513 686 per·

390 712 545 778 sonaliter
562 713 667 778 dietus
683 709 892 795 Vioecomes3
916 733 975 779 neo
1000 735 1064 778 non
1089 711 1222 778 veniant
1236 708 1396 777 Venetiae
1411 710 1514 775 Lucas

389 827 423 886 et
438 805 609 886 Johannes
641 819 701 885 filii
732 820 870 886 condam
901 819 1036 886 Paulini
1067 819 1107 884 de
1139 817 1296 898 Venetiis,
1320 827 1353 883 et
1368 817 1513 884 habitant

389 947 449 1012 pro
466 929 582 994 maiori
598 934 693 1011 parte
711 925 848 1011 Segnie3
865 933 898 992 et
914 927 1078 1011 Magister
1087 927 1118 1004 ,J
1120 927 1266 992 ohannes
1293 926 1333 990 do
1349 923 1514 1000 Cremona,

390 1039 447 1122 qui
463 1044 539 1103 sunt
554 1038 595 1103 de
612 1037 752 1103 testibus
769 1040 933 1104 contentis
949 1039 983 1104 in
999 1039 1219 1121 inquisitione,
1243 1044 1276 1102 et
1291 1035 1396 1130 magis
1411 1035 1515 1102 viden·

391 1153 446 1212 tur
463 1143 570 1212 facere
586 1146 777 1228 adfectum,
800 1153 838 1212 ut
863 1168 921 1229 per
946 1167 1001 1212 eos
1027 1147 1103 1212 sciri
1120 1145 1224 1230 possit
1248 1143 1367 1210 veritas
1383 1144 1417 1207 in
1433 1141 1514 1208 facto

393 1254 558 1337 predicto,
582 1259 615 1320 et
629 1275 670 1320 ne
686 1260 852 1320 sumerent
878 1254 911 1320 in
937 1253 1094 1320 veniendo
1120 1259 1288 1334 terrorem,
1313 1252 1443 1317 dicatur
1462 1252 1513 1330 eis,

391 1357 480 1444 quod
495 1361 641 1426 volumus
657 1381 713 1426 eos
729 1381 827 1426 causa
843 1341 1050 1426 testificandi.
1073 1359 1119 1425 Et
1145 1359 1367 1425 committatur
1384 1358 1514 1423 advoca·

392 1466 519 1532 toribus
536 1464 733 1548 Communia,
760 1467 849 1548 quod
868 1467 1031 1552 inquirere
1048 1472 1081 1530 et
1105 1467 1291 1532 exaurinare
1317 1465 1468 1542 debeant,
1489 1463 1513 1527 si

392 1575 498 1641 dictus
514 1572 707 1642 Vioecomes
724 1577 774 1641 rel
790 1575 847 1640 alii
864 1575 988 1642 fuerint
1011 1575 1190 1658 culpabiles
1207 1576 1247 1640 de
1273 1595 1401 1640 recessu
1417 1571 1516 1638 Oeni-

394 1683 436 1746 tis
452 1679 598 1747 Palatini
614 1680 762 1766 predicti.

499 1787 609 1873 Oapta
620 1813 626 1852 :
638 1788 737 1872 Quod
753 1788 803 1854 illi
818 1790 894 1856 boni
910 1789 1056 1856 homines
1074 1788 1159 1857 Arbi
1177 1790 1310 1868 detenti,
1334 1790 1411 1872 quia
1427 1793 1512 1853 erant

392 1897 436 1962 ad
468 1896 648 1962 custodiam
680 1897 759 1961 dieti
791 1895 938 1980 Comitis,
960 1897 1063 1963 libere
1095 1897 1135 1962 de
1166 1897 1351 1962 carceribus
1383 1896 1513 1961 debeant

395 2004 545 2070 relaxari.
937 1987 948 1996 ”

499 2110 626 2195 Capta:
650 2109 809 2178 Preterea
835 2112 998 2178 scribatur
1021 2112 1157 2178 Rectori
1185 2110 1282 2192 Arhi,
1315 2119 1347 2176 et
1378 2111 1513 2176 commit

392 2223 484 2284 tatur
514 2239 567 2284 aer
598 2217 624 2282 J
625 2218 745 2284 ohanni
771 2216 971 2302 GradonioO,
994 2220 1080 2285 ituro
1105 2215 1225 2284 Comiti
1258 2216 1409 2298 Arbensi,
1433 2215 1513 2301 quod

393 2323 497 2391 faciat
512 2327 631 2410 apponi
658 2332 808 2409 mentem,
831 2328 858 2390 si
883 2327 1015 2410 quidam
1042 2324 1198 2391 Chirinus
1217 2325 1257 2390 de
1283 2325 1443 2407 Lablana,
1464 2325 1511 2406 qni

392 2434 498 2497 utitur
514 2433 547 2497 in
562 2430 665 2515 Arbo,
689 2439 800 2518 posset
824 2433 949 2512 haberi,
972 2453 1045 2498 cum
1066 2435 1108 2498 sit
1134 2439 1311 2516 suspectus,
1335 2433 1420 2518 quod
1437 2433 1512 2497 lera-

395 2540 478 2606 verit
494 2539 617 2606 dictum
636 2539 797 2606 Comitem
814 2562 887 2607 cum
904 2562 963 2607 sua
978 2541 1089 2621 barca,
1111 2563 1171 2625 pro
1188 2561 1226 2606 eo
1244 2541 1334 2622 quod
1350 2543 1416 2625 ipse
1440 2548 1511 2606 tem·

394 2668 474 2732 pore
490 2647 564 2730 fuge
591 2649 671 2714 dicti
688 2645 824 2714 Comitis
849 2649 932 2713 dixit
948 2647 1153 2727 Viceoomiti,
1177 2648 1265 2732 quod
1290 2655 1419 2714 venerat
1446 2649 1512 2714 illuc

394 2775 453 2839 pro
469 2755 608 2820 levando
625 2776 696 2821 cum
714 2777 773 2820 sua
788 2757 888 2823 barca
912 2778 1010 2821 unum
1028 2756 1070 2820 de
1095 2756 1279 2822 hominibus
1296 2757 1395 2840 ipsius
1413 2754 1511 2822 Comi-

394 2864 446 2946 tis,
469 2863 524 2946 qui
542 2861 659 2929 debeat
676 2863 757 2930 dare
774 2863 834 2929 sibi
850 2885 952 2928 unum
969 2864 1140 2945 ducatum;
1167 2872 1200 2929 et
1216 2865 1243 2928 si
1260 2864 1374 2930 haberi
1391 2865 1512 2948 poterit,

394 2969 487 3036 illum
504 2971 546 3036 ad
564 2993 623 3038 nos
649 2971 708 3037 sub
733 2972 820 3037 bona
845 2972 991 3038 custodia
1017 2974 1136 3038 mittat.
1160 2973 1208 3038 Et
1233 2973 1382 3039 similiter
1405 2971 1510 3036 debeat
1563 3015 1564 3018 κ

396 3077 475 3144 dare
495 3101 622 3145 omnem
654 3100 796 3164 operam,
820 3100 918 3164 quam
942 3080 1072 3164 poterit,
1097 3079 1136 3144 de
1161 3081 1313 3148 habendo
1341 3062 1510 3147 Antonium

396 3184 437 3250 de
456 3181 599 3252 Ciuitate
615 3183 719 3270 Nova,
743 3185 968 3254 castellanum
984 3185 1163 3270 Malvicini,
1180 3188 1236 3272 qui
1252 3186 1316 3252 fuit
1331 3207 1428 3254 causa
1441 3185 1510 3269 fuge
1564 3213 1565 3218 ι

395 3292 474 3360 dicti
491 3292 645 3374 Comitis3
669 3299 701 3359 et
726 3294 754 3358 si
778 3315 852 3361 eum
876 3294 1021 3378 habebit,
1044 3293 1137 3360 illum
1162 3294 1205 3360 ad
1231 3315 1290 3360 nos
1315 3293 1509 3361 transmittat

395 3421 467 3466 cum
483 3401 631 3468 custodia
645 3403 749 3484 bona;
773 3409 807 3467 et
822 3422 882 3486 pro
895 3402 935 3468 iis
951 3401 1077 3468 duobus
1102 3401 1262 3468 habendis
1280 3405 1315 3468 in
1333 3403 1435 3469 forcia
1449 3421 1508 3466 nos-

398 3515 451 3575 tra
466 3512 593 3593 possint
608 3510 706 3576 scribi
723 3517 755 3575 et
770 3512 867 3597 mitti,
890 3511 946 3577 ubi
963 3512 1024 3576 erit
1039 3532 1179 3578 necesse.

507 3618 671 3702 Capta:
696 3615 793 3702 Quod
825 3619 986 3684 scribatur
1027 3618 1195 3704 Stephano
1231 3617 1375 3688 Notario
1404 3624 1510 3692 nostra

262 3775 266 3782 .
397 3726 485 3809 quod
509 3725 618 3807 saciat,
643 3727 730 3810 quod
756 3727 830 3810 equi
863 3731 896 3791 et
920 3727 983 3792 alie
1015 3749 1067 3794 res
1084 3727 1224 3794 Comitis
1244 3729 1391 3796 Palatini
1420 3728 1509 3794 libere

398 3831 515 3898 dentur
534 3841 567 3899 et
599 3833 827 3917 dessignentur
857 3835 975 3901 nuncio
1007 3834 1088 3902 dicti
1119 3833 1265 3918 Comitia,
1290 3838 1344 3903 cui
1373 3837 1511 3922 legitime,

395 3941 528 4006 valeant
544 3941 736 4024 dessignari.
759 3943 848 4007 Etsi
873 3963 1011 4026 persona
1035 3963 1100 4008 non
1118 3949 1202 4009 esset
1225 3942 1281 4027 ibi,
1305 3945 1357 4010 oui
1376 3943 1512 4028 predicta

396 4048 582 4130 consignari
598 4053 740 4130 possent,
750 4049 1007 4116 reccommendet
1023 4071 1062 4114 aa
1076 4049 1213 4115 Rectori
1229 4055 1262 4116 et
1279 4047 1448 4115 Communi
1456 4047 1512 4116 As·

396 4153 439 4234 bi,
472 4156 528 4238 qui
559 4153 618 4220 illa
649 4157 796 4222 similiter
831 4157 1027 4242 demigrant,
1060 4157 1329 4244 quandocumque
1354 4174 1511 4242 personam

397 4257 580 4341 habuerint,
605 4262 661 4344 qui
677 4263 735 4328 illa
754 4264 899 4347 recipere
916 4265 1042 4346 valeat,
1065 4271 1099 4332 et
1123 4267 1192 4350 ipse
1218 4263 1404 4350 Stephanus
1418 4263 1511 4330 Vene-

397 4365 461 4430 tias
481 4374 672 4434 revertatur.

482 4477 517 4542 (A
532 4478 669 4529 velencaei
684 4481 813 4532 »Secreta
826 4480 942 4532 Consilii
954 4480 1209 4549 rogatorum-bor
1222 4483 1277 4534 ait.
1293 4483 1325 4534 A.
1337 4484 1390 4534 vol.
1405 4483 1439 4546 1.)
