3108 5246
447 415 453 420 .
525 303 534 310 ’
561 345 655 421 1349.
1104 349 1168 422 aar

61 523 195 612 quicquid
209 531 363 613 poterunt
388 531 457 593 tam
473 526 512 592 de
528 526 619 594 finali
635 525 819 596 intencione
835 528 914 596 dicti
930 530 1053 600 domini
1067 532 1172 618 Regis

61 642 87 708 tt
99 657 228 720 suorum,
244 657 343 720 quam
369 635 409 702 de
425 635 573 703 omnibus
589 635 673 717 aliis,
689 657 751 720 que
767 637 955 706 viderentur
971 645 1119 724 spectare
1137 647 1172 710 et

57 745 201 830 pertinere
216 745 334 812 honori
348 751 462 812 nostro
478 752 512 812 et
526 744 612 813 bono
628 745 855 830 negociorum
873 751 906 814 et
921 746 1082 832 quidquid
1097 769 1168 816 sen·

57 854 145 920 serint
159 859 190 921 et
204 853 391 936 habuerint,
407 853 559 920 velociter
575 853 667 920 nobis
684 852 827 922 scribant
837 862 976 924 etenum
991 856 1171 945 consilium,

57 967 84 1027 et
95 969 229 1030 nostrum
256 967 432 1048 expectent
456 961 657 1046 mandatnm,
672 968 709 1029 ut
724 961 765 1028 de
780 960 857 1030 hinc
875 971 992 1051 postea
1006 963 1171 1052 provideri

55 1070 154 1154 valeat,
170 1072 253 1138 ncut
268 1070 434 1139 ridebitur
450 1071 519 1138 fore
535 1091 627 1154 opus.

148 1179 254 1265 Capta
270 1205 278 1248 ε
294 1181 454 1246 Preterea
468 1179 497 1245 si
512 1200 585 1246 cum
600 1177 666 1246 Dei
681 1179 802 1247 auxilio
815 1179 1011 1265 composicio
1020 1179 1170 1269 16161(-

54 1294 150 1354 curent
173 1290 277 1355 nostri
304 1285 550 1354 Ambaxatores
580 1293 781 1373 possetenus,
806 1287 894 1371 quod
919 1286 1066 1356 domium
1097 1289 1171 1358 Rex

52 1396 249 1478 personaliter
275 1394 419 1462 affirmet
442 1401 475 1460 et
499 1394 585 1461 iuret
608 1395 790 1479 predictam
814 1395 1084 1482 composicionem
1100 1398 1167 1468 sive

52 1511 213 1588 tractatum
246 1507 484 1592 promittentes,
509 1504 597 1588 quod
622 1527 681 1572 nos
707 1505 857 1572 similiter
872 1506 1106 1574 affirmabimus
1133 1510 1167 1574 et

9 1617 10 1620 ’
52 1611 213 1682 lurabimus
239 1615 469 1700 personaliter,
494 1618 592 1699 prout
615 1612 749 1681 fecimus
775 1613 921 1682 infacto
937 1623 1170 1702 treuguarnm3

52 1727 79 1786 et
99 1721 124 1785 si
147 1721 298 1788 dominns
324 1723 398 1789 Rex
422 1744 482 1805 pro
508 1721 631 1788 honore
656 1723 707 1787 sui
732 1721 865 1804 diceret,
882 1722 981 1806 quod,
996 1729 1170 1809 postquam

52 1831 202 1912 presencia
216 1837 338 1898 nostra
353 1852 419 1897 non
436 1836 486 1897 est
501 1830 556 1912 ibi,
572 1829 712 1897 intendit
737 1830 860 1898 lactum
875 1831 1005 1900 firmare
1021 1830 1171 1902 similiter

8 2003 9 2006 ,
51 1957 100 2020 per
114 1939 253 2006 sindicos
280 1941 360 2023 eius,
386 1940 491 2008 nostri
506 1937 749 2007 Ambaxatores
766 1940 807 2007 de
822 1938 885 2007 hoc
900 1941 1000 2010 etiam
1016 1942 1082 2010 sint
1097 1961 1170 2008 con-

50 2048 129 2129 tenti,
144 2047 322 2116 dummodo
339 2046 525 2114 huiusmodi
540 2047 656 2114 sindioi
671 2048 861 2116 mandatum
876 2050 1021 2118 habeant
1030 2048 1169 2118 etliber·

49 2157 137 2218 tnlem
161 2155 205 2220 ad
229 2156 376 2241 plenum.
401 2153 544 2239 Insuper
569 2155 655 2220 siin
680 2161 852 2223 contractu
873 2178 932 2224 seu
946 2159 980 2224 in
996 2155 1169 2242 scripturis

8 2297 10 2308 ·
49 2255 149 2328 fiendis
164 2262 205 2330 de
221 2264 382 2349 predictis
399 2262 549 2331 dominns
564 2263 637 2329 Rex
653 2270 789 2348 poneret
803 2265 837 2330 in
853 2285 910 2332 suo
926 2265 1024 2332 tirno
1034 2266 1169 2334 Dalma⁴

48 2367 120 2433 eiam
142 2379 174 2436 et
198 2371 407 2453 Chroaciam,
432 2379 580 2438 nostrum
606 2371 755 2438 similiter
771 2373 885 2438 titulus
900 2379 989 2440 totus
1005 2380 1166 2458 ponatur3

49 2476 153 2545 deero
168 2480 260 2562 illud,
269 2485 393 2548 taceret
407 2481 491 2547 sicut
506 2479 586 2547 facit
601 2481 636 2545 in
651 2480 771 2547 litteris
787 2480 881 2548 nobis
898 2481 1014 2564 missis,
1030 2502 1097 2549 non
1111 2501 1169 2550 no·

8 2613 10 2652 ;
48 2583 186 2653 minando
209 2587 419 2654 Dalmaciam
444 2593 478 2654 et
504 2584 711 2672 Chroaciem,
726 2588 830 2656 nostri
849 2589 948 2656 ctiam
963 2595 1104 2672 taceant,
1120 2587 1167 2656 di·

8 2759 9 2770 ,
47 2691 136 2758 cando
151 2692 259 2762 solum
274 2696 351 2763 Dux
365 2693 592 2764 Venetiarum.

8 2803 10 2806 ’
142 2799 291 2887 Capta
307 2829 313 2870 :
332 2800 416 2869 Cum
431 2809 589 2888 optemus,
607 2810 644 2870 ut
659 2825 706 2886 aa,
722 2825 785 2888 que
799 2803 957 2871 habemus
974 2803 1080 2872 lacere
1095 2825 1169 2870 cum

8 2979 10 2984 ,
48 2905 164 2977 domino
178 2911 284 2997 Rege,
298 2911 426 2978 felicem
441 2912 625 2978 sorciantur
641 2909 800 2995 effectum,
816 2917 849 2978 61
864 2919 1041 2997 propterea
1051 2933 1168 2998 oppor-

47 3019 149 3084 tunum
164 3021 218 3103 sit,
234 3026 273 3086 ut
288 3018 532 3086 Ambaxatores
548 3019 652 3086 nostri
667 3018 814 3086 habeant
828 3019 987 3104 Berones,
1008 3019 1168 3088 Curiones

8 3181 9 3186 ,
46 3131 73 3188 61
86 3125 173 3208 alios,
188 3129 246 3211 qui
263 3133 338 3193 sunt
354 3120 393 3192 (16
411 3123 555 3193 Consilio
572 3125 684 3209 Regis,
700 3127 762 3193 sibi
779 3127 951 3211 propicios,
967 3125 1167 3196 favorabiles

47 3237 74 3296 61
86 3232 247 3319 benignos,
264 3241 333 3301 tam
357 3257 417 3320 pro
442 3235 592 3302 habendo
608 3236 755 3320 introytu
779 3234 823 3302 ad
836 3235 1013 3304 'domiuum
1028 3235 1166 3322 Regem,

46 3357 133 3421 quem
156 3365 218 3427 pro
245 3343 447 3427 disponendo
472 3343 597 3411 animos
624 3364 699 3409 suos
715 3342 758 3409 ad
773 3344 894 3410 bonnm
909 3349 1077 3425 nostrum
1093 3364 1166 3428 pos·

47 3448 102 3516 sint
116 3453 204 3520 ultra
219 3453 264 3536 id,
280 3453 368 3537 quod
391 3460 528 3539 possunt
553 3452 736 3538 expendere
751 3454 837 3519 inter
852 3452 1002 3520 Baroncs
1018 3475 1077 3539 per
1091 3471 1167 3537 par·

46 3561 102 3624 tem
125 3561 386 3645 suprascriptam
410 3569 541 3645 captam
565 3560 606 3626 de
626 3561 753 3628 ducatis
769 3559 836 3627 LX
852 3559 966 3644 millia,
984 3558 1168 3646 expendere

47 3672 74 3731 61
89 3667 207 3737 donare
224 3666 374 3734 debonis
391 3671 495 3736 nostri
511 3665 701 3735 Communis
711 3691 815 3753 usqne
831 3669 875 3736 ad
890 3669 1026 3736 ducatos
1044 3667 1078 3740 V
1092 3688 1165 3735 een·

8 3863 9 3866 ,
46 3779 105 3841 tum
126 3779 176 3844 rel
201 3778 316 3857 minus
331 3785 430 3861 prout
446 3777 561 3842 mehus
581 3781 745 3862 poterunt,
762 3775 959 3843 remanendo
974 3777 1009 3843 in
1025 3796 1084 3842 sua
1099 3774 1163 3842 dis·

46 3887 180 3952 crecione
195 3884 388 3970 providendi
404 3884 444 3950 de
460 3886 507 3951 eis
522 3885 573 3950 illi
587 3884 639 3951 vel
654 3883 729 3967 illis,
749 3885 805 3969 qui
823 3883 1019 3953 ridebuntur
1035 3882 1166 3966 eisdem,

47 3995 75 4056 et
85 3991 117 4057 in
132 4016 198 4061 una
214 3995 283 4060 vice
299 3999 333 4060 et
347 3993 504 4078 pluribus,
529 3995 615 4060 sieut
639 4015 700 4078 pro
717 3991 804 4062 bono
820 3991 1022 4080 agendorum
1036 3995 1164 4059 nostro·

48 4119 109 4165 rum
123 4102 183 4170 sibi
198 4102 373 4170 videbitur.

142 4207 232 4294 Oap
243 4218 287 4275 ta
301 4236 308 4276 :
324 4211 372 4278 Et
387 4216 464 4277 ante
489 4213 760 4297 complementum
776 4209 914 4278 alicuius
929 4212 1092 4278 tractatus
1108 4227 1166 4276 sen

8 4381 9 4384 ,
47 4318 289 4402 composicionis,
313 4319 357 4384 ad
383 4339 479 4403 quem
504 4320 554 4386 vel
579 4319 622 4386 ad
648 4340 746 4403 quam
762 4325 869 4386 essent
884 4317 1072 4403 perventuri
1087 4316 1167 4387 dicti

48 4417 279 4495 Anbaxatores
294 4427 399 4494 nostri
424 4447 497 4493 cum
522 4427 652 4494 domino
668 4427 761 4513 Rege
777 4425 914 4512 prelato,
929 4425 1104 4511 specialem
1118 4424 1165 4492 la-

49 4531 126 4600 cunt
150 4539 349 4605 mencionem
375 4535 416 4603 (16
442 4531 571 4604 Comite
597 4535 702 4606 Paulo
720 4543 752 4603 61
768 4543 948 4622 nepotatio
964 4535 1004 4604 de
1019 4533 1116 4603 terris
1133 4542 1165 4600 61
