3166 5256
237 337 241 346 “
326 325 328 330 ’
411 330 453 388 80
751 347 990 394 ornnourcznu
1007 335 1175 393 uuntnnu.

411 505 483 584 tire,
501 526 562 587 que
578 503 660 571 fiunt
677 512 710 571 et
726 507 917 572 ordinantur
932 508 966 570 in
982 506 1069 588 ipsis,
1079 504 1234 570 utomnia
1250 501 1437 586 adplenum
1455 503 1527 566 scire
1578 505 1579 522 ³

288 615 293 624 '
408 611 597 693 ualeamus;
612 620 769 695 ettotum,
781 613 867 697 quod
877 613 1059 678 habueritis
1074 633 1094 677 a
1111 613 1235 677 nunciis
1251 610 1430 694 prelibatis,
1444 611 1527 674 nobis

409 724 442 782 et
466 718 556 785 dicto
581 727 691 786 nostro
709 718 890 804 Capitoneo
916 720 1070 785 denotare
1087 721 1218 785 curetis
1234 720 1405 802 Expeusas
1421 724 1526 799 autem
1577 699 1579 766 l

410 847 491 908 quas
506 827 641 907 facietis,
662 829 754 893 robis
775 828 818 892 ad
834 828 965 910 plenum
983 827 1135 893 satisfieri
1151 827 1317 891 faciemus
1333 826 1421 891 Date
1435 825 1467 888 in
1481 846 1527 888 no
1578 869 1579 880 ,

409 939 476 998 stro
493 932 612 1000 Duoali
627 936 755 1019 palacio
768 936 820 1001 die
835 933 881 999 X.
898 933 1052 1018 Augusti,
1070 932 1176 999 XIII.
1193 935 1377 1000 indictione.

680 1097 818 1158 (Eredetie
831 1111 848 1146 a
860 1096 999 1147 velenczei
1011 1110 1084 1161 nagy
1096 1091 1292 1162 levelttrbau.)

892 1311 1051 1322 n——uunn

936 1583 989 1642 80.

1577 899 1579 952 l

1577 969 1579 1008 l

1577 1381 1579 1434 l

1577 1617 1579 1688 l

411 1741 441 1806 Α
466 1742 620 1806 veleoczei
650 1742 989 1826 kormdaytam'csnob
1020 1739 1231 1803 intc'zlseddsei
1256 1764 1277 1803 a
1302 1739 1418 1804 Jadra
1443 1740 1525 1804 edoni

746 1851 866 1914 bareca
892 1849 1194 1933 tdrpycidoo.1345.

517 2007 615 2074 Anno
638 2006 876 2076 MOCOXLV.
902 2007 1075 2072 indictione
1101 2005 1206 2072 XIII.
1231 2007 1284 2072 die
1304 2007 1446 2073 XXIX.
1464 2006 1524 2072 Au·
1577 2029 1579 2116 p

414 2116 507 2198 gusti.
523 2113 683 2198 Capta:
701 2112 798 2198 Quod
818 2114 1054 2198 respondeatur
1070 2135 1121 2178 ser
1130 2113 1245 2178 Marco
1260 2114 1456 2197 Justiniano,
1471 2113 1523 2178 Ca·
1577 2119 1579 2130 ⁴

412 2224 541 2306 pitaneo
566 2228 677 2287 nostro
702 2221 742 2285 de
767 2229 865 2300 terra,
890 2221 932 2286 ad
958 2221 1086 2285 litteras
1112 2241 1196 2300 suas,
1221 2240 1303 2304 quas
1329 2221 1422 2288 nobis
1446 2219 1524 2284 misit
1577 2217 1579 2276 ἐ

353 2393 355 2399 .
413 2335 550 2414 scriptas
576 2329 668 2396 None
693 2327 817 2394 XXII.
833 2330 952 2394 mensis
968 2329 1126 2411 presentis
1142 2327 1294 2412 Augusti.
1310 2329 1356 2393 Et
1372 2329 1471 2411 primo
1486 2325 1523 2391 nd

411 2439 455 2521 id,
481 2437 567 2520 qnod
587 2438 724 2521 scripsit,
739 2437 825 2520 quod
841 2435 980 2502 libenter
995 2437 1173 2518 equitasset
1188 2436 1230 2500 ad
1247 2436 1401 2516 damnum
1416 2434 1525 2500 Jadra·
1578 2423 1579 2464 7

411 2547 562 2628 tinorum,
579 2545 606 2608 si
622 2547 698 2626 equi
714 2545 764 2608 sui
776 2551 809 2609 et
827 2543 965 2611 aliorum
982 2543 1179 2626 aplicassent
1194 2541 1344 2622 Nonam;
1361 2543 1445 2627 qnod
1459 2562 1522 2605 oum
1578 2555 1579 2618 g

413 2651 590 2731 credamus
615 2650 702 2735 quod
727 2651 807 2716 dicti
832 2651 881 2715 sui
907 2653 982 2734 equi
999 2656 1032 2714 et
1048 2671 1159 2716 omnes
1176 2651 1240 2730 alii,
1258 2651 1315 2734 qui
1331 2653 1522 2717 recesserunt
1577 2647 1579 2652 ’

413 2757 453 2823 de
477 2757 632 2841 Venetiis,
649 2758 764 2823 amodo
781 2758 857 2822 illuc
873 2759 1098 2841 applicuerint,
1116 2755 1234 2822 debeat
1250 2759 1400 2823 continue
1415 2752 1523 2840 princi·
1578 2765 1579 2768 ’

411 2867 530 2950 paliter¹
553 2867 699 2949 equitare
723 2867 774 2930 vel
798 2865 904 2931 lacere
930 2866 1071 2948 equitari
1097 2886 1170 2930 cum
1185 2871 1256 2932 tota
1271 2869 1305 2930 et
1320 2871 1415 2948 parte
1429 2855 1524 2946 gentis
1578 2869 1579 2898 ³

411 2995 466 3040 sue
482 2994 576 3058 super
591 2974 758 3040 territorio
777 2975 987 3058 inimicorum,
1002 2981 1038 3039 ut
1047 2973 1110 3038 sibi
1125 2973 1241 3039 melius
1257 2973 1429 3055 videbitur,
1444 2992 1520 3036 com·
1578 2989 1579 3024 3

412 3081 563 3162 burendo,
592 3080 787 3164 derobaud0,
811 3075 993 3162 incidendo,
1018 3089 1051 3146 et
1067 3079 1238 3164 quodlibet
1262 3081 1354 3147 aliud
1374 3082 1522 3154 damnum,
1577 3099 1579 3170 r

409 3190 495 3273 quod
510 3189 640 3272 poterit,
649 3188 826 3270 inserendo,
835 3189 1010 3254 secundum
1019 3194 1164 3254 tenorem
1174 3195 1206 3253 et
1215 3187 1353 3254 sormam
1369 3209 1424 3252 sue
1439 3205 1517 3252 com-
1577 3187 1579 3264 l

411 3297 580 3376 missionis,
605 3296 682 3380 quia
707 3317 767 3379 pro
794 3297 860 3362 alio
886 3302 998 3379 gentes
1013 3300 1123 3360 nostre
1137 3302 1305 3378 equestres
1321 3303 1354 3360 et
1368 3293 1523 3380 pedestres

411 3404 528 3486 etipse
544 3403 589 3469 ibi
608 3424 671 3469 uon
692 3410 777 3487 sunt,
792 3425 891 3487 quam
906 3425 964 3487 pro
981 3401 1244 3468 damnificatione
1261 3409 1442 3469 nostrorum
1457 3399 1523 3462 hos·
1578 3489 1579 3492 Ἴ

409 3511 491 3575 tium
509 3511 739 3594 predictorum.

516 3617 563 3682 Et
586 3619 665 3702 quia
688 3637 748 3701 pro
773 3618 858 3683 bono
878 3618 1040 3686 dictorum
1063 3617 1263 3700 agendorum
1278 3621 1457 3684 nostrornm
1472 3633 1521 3698 pu·
1578 3649 1579 3652 π

410 3730 526 3806 tamus,
543 3733 576 3791 et
600 3726 696 3792 valde
720 3727 801 3792 utile
826 3733 1014 3812 putaremus
1039 3732 1108 3792 tum
1123 3732 1258 3811 propter
1272 3725 1393 3792 bonum
1406 3729 1521 3804 tempus
1578 3815 1579 3818 Ἴ

411 3839 444 3898 et
459 3833 575 3916 habile,
593 3833 681 3918 quod
696 3833 805 3916 habet,
821 3842 890 3901 tum
906 3836 993 3920 quia,
1009 3841 1107 3919 prout
1122 3835 1260 3919 ipsemet
1275 3834 1398 3912 scribit,
1412 3832 1437 3898 J
1438 3829 1522 3896 adra-

408 3941 471 4005 tini
501 3947 576 4006 sunt
599 3940 774 4022 disfurniti,
801 3949 870 4008 tum
896 3943 994 4008 etiam
1019 3947 1154 4026 propter
1178 3949 1300 4024 gentes
1324 3961 1407 4025 ques
1425 3936 1522 4016 habet,

409 4067 480 4112 cum
506 4047 671 4131 hucusque
700 4052 894 4116 recesserint
918 4050 957 4115 de
985 4049 1133 4120 Venetiis
1159 4070 1232 4114 cum
1258 4049 1333 4129 illis,
1358 4050 1415 4131 qui
1437 4043 1520 4113 bodie

409 4163 621 4240 recesserunt,
645 4163 696 4222 tot
720 4158 873 4223 banderie
898 4157 1052 4241 equitum,
1078 4162 1157 4240 quot
1179 4155 1421 4222 rationabiliter
1435 4151 1520 4218 debet

409 4281 443 4325 se
468 4261 612 4344 reperire
629 4285 701 4328 cum
716 4263 865 4330 barbulis
881 4266 1065 4350 quingentis
1080 4265 1131 4329 rel
1146 4267 1240 4347 circa,
1257 4269 1289 4327 et
1304 4259 1520 4328 nichilominus

410 4363 451 4431 de
477 4367 551 4432 aliis
575 4372 738 4454 equitibus
764 4377 797 4436 et
822 4373 986 4455 peditibus
1011 4373 1045 4436 in
1071 4371 1156 4437 bona
1180 4375 1365 4456 quantitate
1384 4366 1521 4434 continue

409 4469 547 4540 iacimus
573 4477 733 4560 soldizari,
750 4478 836 4561 quod
852 4484 989 4562 poneret
1004 4480 1182 4544 exercitum
1199 4502 1293 4545 suum
1309 4479 1353 4544 ad
1369 4477 1519 4542 civitatem
