3220 5248
404 333 468 398 532
762 327 1000 399 olenounczm
1017 333 1184 398 unauna.

935 645 1010 707 399.

401 803 698 891 Adorodtorcrdpi
723 805 855 870 ddunck
879 827 1046 890 pauesce,
1077 804 1159 889 kopp
1193 803 1349 868 ucleuczei
1382 804 1480 889 cajet
1509 827 1527 866 c
1597 837 1598 882 3

401 936 541 1002 mappas·
565 914 690 979 kormra
707 914 791 978 alati
816 913 883 979 atla
898 913 1034 1000 uzipetelc
1050 912 1195 978 lakocuit
1217 912 1416 999 kdrority'dlc.
1445 915 1529 979 1359.
1597 913 1598 994 f

511 1071 606 1140 Anco
632 1069 909 1142 Mcooovlm
928 1071 1107 1137 indictione
1122 1069 1207 1138 XII.
1223 1071 1279 1136 dic
1295 1069 1416 1139 XVII.
1433 1069 1458 1137 J
1459 1073 1527 1136 unii.
1596 1071 1598 1076 '

403 1181 529 1266 Capta:
556 1180 641 1248 Cum
666 1180 815 1246 dominus
838 1177 951 1244 Banus
967 1177 1143 1245 Sclavenie
1160 1177 1267 1263 pridie
1283 1201 1343 1263 per
1358 1201 1452 1246 snum
1468 1200 1530 1263 spe·

402 1288 518 1354 cialem
542 1285 799 1354 Ambaxatorem
824 1287 1039 1370 requisiverit,
1066 1285 1253 1369 quodcum
1279 1286 1395 1370 aliqua
1422 1293 1528 1353 nostra
1594 1289 1598 1300 '

401 1397 533 1480 navigia
556 1397 763 1462 transeuntia
778 1416 837 1478 per
851 1394 976 1460 insulas
993 1393 1130 1459 fecerint
1146 1393 1301 1460 damnum
1326 1395 1361 1460 in
1388 1395 1529 1461 animali-

401 1505 460 1572 bus
485 1510 519 1570 et
533 1504 627 1570 bonis
643 1503 848 1569 subditorum
866 1523 1005 1585 suorum,
1018 1503 1151 1587 placeat
1166 1502 1259 1569 nobis
1278 1525 1338 1587 pro
1365 1524 1531 1570 conserta·

401 1612 490 1678 tione
517 1613 636 1677 amoris
660 1617 695 1678 et
719 1611 810 1696 pacis
829 1610 944 1675 taliter
969 1609 1132 1692 ordinare,
1158 1611 1245 1693 quod
1270 1611 1311 1678 de
1337 1617 1448 1678 cetero
1473 1631 1527 1694 per

402 1725 533 1784 nostros
557 1717 641 1784 talia
665 1740 730 1784 non
754 1721 1020 1800 committantu1·;
1045 1723 1079 1784 et
1103 1719 1183 1784 utile
1208 1719 1260 1799 sit,
1284 1739 1360 1803 ymo
1385 1719 1526 1785 debitum

404 1826 496 1893 nobis
513 1847 610 1910 super
625 1826 686 1891 hoc
702 1826 781 1892 dare
797 1826 896 1892 talem
912 1826 1068 1908 ordinem,
1080 1825 1246 1911 quodipse
1261 1825 1312 1893 vel
1328 1825 1388 1891 alii
1405 1846 1529 1892 causam

277 1985 279 2002 .
403 1956 467 2001 non
493 1934 637 2001 habeant
660 1935 695 2000 in
713 1941 880 2020 posterum
897 1936 1135 2018 conquerendi:
1152 1936 1242 2002 vadit
1254 1957 1343 2021 pars,
1359 1935 1451 2019 quod
1475 1935 1531 2001 cri·

402 2043 501 2109 detur
525 2041 664 2127 publice,
689 2043 777 2129 quod
802 2043 914 2128 aliqua
931 2049 1044 2111 nostra
1060 2044 1188 2127 navigia
1204 2051 1333 2110 armata
1352 2042 1404 2108 vel
1429 2041 1530 2110 disar-

403 2156 501 2231 mata,
511 2172 568 2219 seu
579 2151 680 2235 aliqui
691 2151 799 2217 nostri
815 2149 936 2232 fideles,
952 2152 1150 2219 transeundo
1159 2173 1219 2235 per
1234 2151 1359 2218 insulas
1376 2156 1409 2217 et
1423 2157 1532 2234 partes

403 2257 587 2342 Solemnis,
603 2259 691 2326 nullo
708 2259 804 2325 modo
821 2258 967 2326 audeant
982 2260 1033 2325 vel
1048 2265 1241 2344 presumant
1255 2258 1366 2326 facere
1382 2259 1534 2336 damnum

403 2367 453 2432 vel
478 2367 666 2434 violentiam
691 2367 836 2451 aliquam
860 2370 895 2432 in
910 2367 1107 2434 animalibus
1123 2365 1172 2433 rel
1188 2366 1262 2432 aliis
1277 2366 1373 2433 bonis
1390 2367 1534 2450 partium

403 2477 625 2562 predictarum
651 2475 712 2542 sub
736 2496 821 2560 pena
844 2475 975 2542 harenis
991 2482 1024 2541 et
1041 2496 1253 2560 personarum
1269 2474 1312 2541 ad
1336 2474 1534 2541 uoluntatem

403 2584 566 2668 Dominii;
592 2591 625 2654 et
641 2587 668 2652 si
684 2586 757 2670 quis
773 2584 1011 2667 contrafecerit,
1028 2590 1061 2651 et
1075 2585 1197 2668 uliquis
1214 2606 1287 2651 eum
1310 2582 1533 2652 accusareriti

405 2693 527 2760 habeat
551 2700 722 2760 accusator
746 2693 788 2760 de
813 2693 908 2760 bouis
925 2692 1080 2775 accusati,
1097 2695 1124 2759 si
1141 2713 1200 2778 per
1216 2695 1285 2760 eius
1310 2700 1532 2760 accusatorem

403 2803 525 2868 veritas
550 2802 719 2885 habeatur,
744 2802 954 2868 medietatem
979 2801 1281 2885 condempnationis
1316 2803 1535 2886 peccuniarie,

405 2916 439 2975 et
462 2915 614 2976 teneatur
638 2910 678 2976 de
694 2908 870 2991 credentia,
887 2913 921 2974 et
937 2907 1098 2992 reliquum
1114 2910 1157 2974 sit
1171 2908 1426 2976 advocatoribns
1445 2907 1535 2975 Oum-
1597 2977 1598 2988 ξ

403 3019 518 3102 munic,
532 3018 650 3101 quibus
666 3016 726 3082 hec
742 3019 996 3096 committuntur,
1019 3014 1082 3081 stb.
1597 3001 1598 3010 ἵ

476 3162 511 3224 (Α
528 3160 636 3210 ›Misti‹
652 3161 742 3212 czimd
755 3160 894 3212 velenczei
905 3161 1143 3225 sillumkdnyvbdi.
1153 3161 1258 3212 xm.
1271 3161 1328 3212 keu
1347 3165 1386 3212 12.
1401 3160 1468 3223 lev.)

888 3306 1049 3318 *σ-

931 3449 1007 3515 400.

405 3612 430 3676 1.
457 3611 556 3696 Lujoa
580 3633 721 3698 mappas·
745 3610 928 3698 kirdlynak
953 3607 1118 3690 condolete,
1142 3609 1224 3695 dopy
1248 3607 1361 3672 Judra
1386 3609 1421 3672 ἐκ
1438 3608 1534 3673 Nona

452 3717 656 3785 cdroooknak
669 3718 767 3784 deebi
783 3716 937 3784 velcaczec'
951 3715 1083 3781 lckooui
1099 3715 1377 3801 kieldpittecseuek.
1397 3715 1497 3782 1359.

512 3881 641 3948 Littere
666 3877 854 3946 transmisse
878 3875 972 3942 Bano
996 3873 1166 3942 Dalmatio
1194 3896 1293 3958 super
1324 3875 1537 3941 extimatione

405 3992 646 4076 possessionum
671 3986 884 4054 Jadrensium
909 3989 942 4050 et
964 3981 1170 4050 Nouensium
1200 3987 1259 4047 etc.
1285 4002 1345 4066 per
1371 3981 1537 4049 dominum
1597 4033 1598 4066 p

405 4098 530 4184 Regem
555 4096 736 4180 Hungerie‚
763 4100 796 4158 et
812 4091 1048 4159 conductarum
1063 4110 1122 4174 per
1138 4087 1412 4157 Bartholomeum
1433 4089 1533 4159 Vrsio
1596 4125 1598 4164 ᾗ

406 4205 446 4271 de
463 4206 607 4271 exercitu
623 4225 681 4270 suo
698 4202 854 4269 existente
870 4201 904 4264 in
921 4195 1044 4265 Servia.

513 4313 651 4379 Nicolao
668 4313 763 4378 Bano
780 4307 946 4376 Dalmatio
962 4313 995 4374 et
1011 4304 1178 4373 Ohroatie.

514 4418 691 4501 Noveritis,
716 4439 776 4484 nos
803 4417 886 4482 alias
911 4415 1081 4500 scripsisse
1097 4411 1315 4480 Jadrensibus
1334 4431 1434 4495 super
1449 4409 1535 4477 sacto

407 4526 626 4598 extimationis
650 4526 888 4611 possessionum
913 4522 1129 4592 Venetiumm
1153 4526 1186 4587 et
1220 4539 1354 4587 auorum
1390 4515 1535 4586 fidumile
1596 4553 1598 4622 3
