3214 5260
1331 291 1336 312 ,·
1363 317 1365 320 Ι
1441 343 1443 348 γ
1507 276 1604 356 ““(ἒ“

1272 439 1283 454 “’
1439 445 1447 460 r
1470 427 1484 452 ιι
1509 427 1600 502 ὴᾚῦμῃ

134 529 243 622 glano,
269 561 366 623 quam
393 542 517 625 recepit
541 542 725 642 Episcopus
751 542 928 610 Firmanus
953 543 1006 608 die
1032 549 1124 609 sexta
1150 544 1272 629 prelati
1372 547 1395 636 s
1414 523 1419 534 ,
1437 583 1449 616 ·.

135 647 260 712 mensis
277 645 414 732 Aprilis,

264 792 351 854 (xlv.
365 792 475 845 szdzadi
488 793 595 844 kezirat
609 809 642 844 az
656 794 750 845 udinei
766 795 936 860 tartomsnyi
950 794 1145 862 leveltiirban.)

134 970 1271 1058 B)LLajosmagyarkirtlynnkameglr'o'tiittbe-
1343 1045 1345 1050 ,
1439 925 1594 1088 j

290 1078 530 1160 kessegrol
554 1078 739 1144 kiadott
762 1079 988 1165 okmanya.
1015 1085 1110 1147 1358.

245 1204 428 1272 Lodovicus
444 1203 508 1270 Dei
524 1209 633 1290 gratia
649 1203 830 1291 Hungarie,
846 1205 1025 1290 Dalmaoie,
1047 1205 1188 1291 Croatie,
1203 1207 1271 1274 Ra·

135 1335 198 1394 me,
215 1310 337 1393 Servio,
356 1309 505 1394 Gallicis,
530 1312 735 1394 Lodomerie,
761 1313 928 1398 Bulgarie,
944 1313 1164 1400 Comanieque
1189 1315 1271 1399 Rex,

135 1421 298 1505 Princeps
310 1420 537 1488 Salernitanus
554 1428 588 1488 et
603 1421 747 1487 Honoris
757 1421 883 1489 Montis
897 1422 1012 1490 Sancti
1021 1422 1140 1508 Angeli
1158 1421 1271 1488 Domi-

134 1550 199 1594 nus
214 1529 374 1595 vniuersis
390 1529 517 1596 Christi
529 1527 679 1595 fidelibus
695 1535 864 1614 presentes
874 1537 1005 1596 nostras
1021 1529 1150 1597 litteras
1166 1529 1272 1615 inspe-

135 1637 242 1702 cturis
259 1635 399 1702 salutem
415 1638 450 1702 in
464 1636 606 1703 Domino
623 1639 862 1722 sempiternam.
889 1637 961 1704 Rex
977 1636 1130 1722 pacificus
1145 1660 1205 1722 pro
1222 1659 1271 1705 re·

135 1744 325 1828 demptione
336 1745 463 1826 generis
480 1742 614 1810 humani
624 1745 663 1810 de
674 1747 854 1830 suppremis
866 1745 1008 1811 celorum
1019 1743 1063 1810 ad
1072 1767 1148 1830 yma
1157 1744 1270 1812 mundi
1321 1833 1322 1836 Ἴ

137 1851 351 1934 descendens,
368 1858 401 1917 ct
421 1851 554 1918 tandem
571 1859 709 1918 mortem
726 1853 856 1919 subiens
873 1852 1094 1939 temporalem,
1110 1854 1271 1920 Dominus

134 1967 252 2026 noster
267 1959 293 2026 J
293 1982 367 2026 esus
378 1957 531 2027 Christus
542 1968 614 2045 post
630 1961 804 2044 gloriosam
820 1963 1093 2029 resurrectionem
1110 1983 1204 2028 suam
1220 1983 1270 2028 as·
1343 2019 1345 2026 ,

136 2091 293 2136 censuros
314 2070 356 2136 ad
372 2075 509 2154 patrem,
524 2091 647 2154 pacem,
665 2091 727 2153 qne
744 2071 892 2138 caritatis
908 2078 957 2137 est
975 2071 1146 2153 vinculum,
1161 2071 1196 2135 in
1212 2091 1270 2136 suo

133 2177 243 2243 natali
258 2177 402 2260 glorioso
419 2178 586 2246 celestium
602 2179 769 2262 agminum
779 2178 988 2247 multitudine
999 2181 1187 2246 nunciatam
1204 2179 1271 2246 suis

135 2284 271 2372 prebuit
279 2285 437 2366 fidelibus,
448 2293 482 2351 et
492 2286 627 2372 reliquit
638 2287 700 2352 sibi
711 2287 861 2356 subditos
872 2290 961 2372 pacis
970 2291 1138 2356 instruens
1148 2293 1271 2354 amato·
1327 2305 1328 2308 ’

135 2415 199 2473 res,
212 2400 250 2458 ut
259 2394 405 2478 relegato
421 2393 497 2460 odio
512 2393 660 2460 fraterne
669 2395 791 2462 invidie
801 2416 892 2463 amor
902 2403 1065 2482 regnaret,
1075 2403 1108 2463 et
1118 2396 1205 2482 quod
1216 2416 1271 2460 no·

134 2502 257 2567 verohe
273 2499 437 2567 discordie
453 2502 656 2584 seiunxisset,
671 2507 778 2568 mater
795 2503 1071 2589 concordiapacis
1081 2504 1187 2570 amica
1198 2502 1271 2567 soli·

135 2607 241 2674 daret.
257 2607 403 2675 Proinde
420 2609 463 2676 ad
473 2611 696 2676 vniuersorum
707 2611 861 2677 noticiam
871 2612 1070 2696 presentium
1081 2609 1268 2675 litterarum
1355 2633 1375 2650 ¹*

136 2718 222 2783 serie
238 2718 385 2784 volumus
409 2721 586 2804 pervenire,
612 2719 699 2803 quod
725 2741 797 2785 cum
822 2720 909 2786 inter
926 2719 1083 2802 quosdam
1099 2717 1267 2802 predeces-

137 2847 229 2892 sores
244 2833 374 2893 nostros
390 2827 538 2894 illustres
553 2828 665 2912 Reges
690 2825 867 2910 Hungarie
882 2833 915 2892 et
930 2849 988 2893 nos
1005 2826 1134 2891 demum
1150 2846 1189 2890 ex
1204 2843 1271 2891 une

135 2940 243 3018 parte,
260 2955 298 3000 ac
314 2935 444 3002 inclitos
468 2936 578 3002 Duces
594 2944 629 3003 et
645 2933 822 3002 Commune
847 2933 1066 3002 Veneciarum
1091 2954 1131 3000 ex
1156 2932 1271 3014 altera,

136 3048 338 3127 procurante
353 3043 448 3110 hoste
463 3044 598 3127 antiquo
608 3045 741 3109 humani
751 3044 879 3128 generis
889 3043 1027 3128 inimico,
1037 3042 1140 3110 multe
1151 3041 1271 3108 discor-

137 3153 202 3233 die,
227 3153 308 3240 rixe,
332 3153 563 3234 contentiones,
589 3154 830 3236 derobationes,
858 3153 1097 3238 oppressiones
1123 3147 1271 3218 offensio·

136 3281 206 3340 nes,
221 3265 351 3345 strages
376 3268 408 3327 et
432 3263 552 3327 damna
568 3267 640 3328 orte
656 3260 794 3327 fuissent
812 3261 1011 3346 temporibus
1029 3259 1203 3327 retroactis
1220 3279 1271 3324 oo·

136 3370 272 3434 cesione
296 3368 403 3453 Regni
428 3368 605 3452 Dalmatis,
631 3391 728 3454 quam
744 3370 843 3436 iidem
857 3371 968 3436 Duces
984 3375 1017 3436 et
1033 3369 1212 3436 Commune
1228 3367 1271 3434 ab

136 3475 218 3541 olim
233 3482 408 3543 tenuerant
424 3482 458 3543 et
473 3477 649 3559 tenebant;
673 3476 806 3543 tandem
832 3478 965 3544 inclitus
976 3477 1130 3544 'dominus
1145 3475 1170 3540 J
1172 3475 1271 3540 ohan·

135 3604 197 3650 nes
221 3582 395 3670 Delphyno
410 3583 629 3652 Veneciarum
645 3582 722 3650 Dux
738 3592 771 3651 et
787 3591 859 3651 tota
875 3585 1100 3653 Communitas
1117 3563 1270 3649 Civitatis

136 3691 306 3760 antedicte
321 3698 397 3777 post
413 3693 624 3776 quamplures
649 3694 840 3759 ambaxatas
856 3692 962 3761 factas
978 3692 1154 3774 hincinde,
1170 3691 1270 3756 hono·

134 3801 259 3868 rabiles
275 3803 362 3868 viros
387 3801 525 3868 Petrum
551 3803 758 3868 Trivisanum
775 3808 808 3869 et
823 3801 849 3869 J
849 3804 1010 3870 ohannem
1026 3795 1214 3867 Gredonico
1232 3820 1270 3864 ao

135 3909 337 3975 Benintendi
351 3909 501 3975 Duoatus
517 3906 733 3978 Veneciarum
750 3909 1000 3992 Cancellarium‚
1017 3909 1103 3976 cives
1119 3907 1270 3974 Civitatis

136 4015 308 4102 prelibato,
324 4016 366 4084 ad
383 4040 442 4083 nos
459 4039 531 4082 eum
546 4016 642 4102 pleno
658 4024 691 4084 et
707 4019 880 4084 sufficienti
895 4017 1061 4098 mandate,
1077 4022 1114 4082 ut
1129 4019 1270 4100 apparet

137 4124 296 4193 exforma
305 4126 513 4192 instrumenti
523 4149 620 4192 manu
630 4125 926 4216 seriptiRaphayni
937 4125 977 4192 de
988 4123 1147 4192 Carisinis
1155 4121 1270 4190 Publi-

137 4235 169 4302 oi
180 4238 379 4302 auctoritate
389 4235 559 4320 Imperiali
572 4233 705 4300 Notarii
721 4241 753 4300 et
767 4235 915 4301 Duoatus
926 4234 1144 4305 Veneciarum
1155 4232 1270 4302 Scribe

138 4345 200 4413 snb
212 4345 384 4410 millesimo
399 4344 627 4410 trecentesimo
644 4343 914 4427 quinquagesimo
931 4343 1067 4428 septimo
1084 4344 1137 4410 die
1153 4342 1268 4426 vigesi-

136 4476 193 4522 mo
203 4462 316 4521 octavo
327 4456 448 4520 mensis
459 4453 491 4518 N
495 4453 666 4535 ovembris,
676 4450 800 4519 decime
811 4451 1004 4535 indictionis,
1015 4454 1092 4518 dum
1103 4454 1136 4519 in
1147 4453 1269 4520 Civita-

136 4573 172 4636 te
181 4569 295 4632 nostra
310 4563 335 4631 J
337 4563 417 4631 adre
424 4563 606 4647 fuissemus,
616 4562 876 4647 transmiserunt,
886 4568 920 4630 et
929 4584 988 4629 nos
998 4561 1176 4629 declaratis
1185 4563 1269 4648 ipso-

642 4743 657 4798 l
