3108 5246
577 373 672 454 nelo.

583 699 657 760 295.

250 857 280 924 Α
301 857 452 924 celenensi
467 859 594 924 tenues
611 857 752 943 mephizd
775 857 878 921 levele.
899 857 994 922 1349.

159 1017 199 1082 In
218 1017 348 1084 Christi
359 1020 486 1085 nomine
496 1015 610 1083 Amen.
621 1016 743 1082 Pateat
755 1017 903 1083 omnibus
914 1017 1088 1096 evidenter,
1099 1013 1186 1100 quod

56 1125 195 1192 lllustn's
212 1133 247 1192 et
264 1125 463 1210 Magnificus
479 1127 648 1206 Dominus,
674 1125 821 1190 dominus
846 1123 1000 1192 Andreas
1026 1125 1182 1192 Dandulo

57 1231 114 1297 Dei
138 1234 248 1316 gratia
275 1233 503 1317 Venetiarum,
528 1231 696 1298 Dalmatio
724 1240 824 1316 atque
840 1231 996 1300 Obroatie
1011 1231 1098 1316 Dux,
1117 1231 1185 1298 Do·
1222 1257 1227 1269 ‘

56 1340 152 1406 minus
169 1338 300 1425 Quarta
326 1339 440 1407 Partis
468 1347 503 1406 ot
525 1341 668 1407 Dimidio
686 1343 788 1407 totius
804 1342 940 1426 Imperii
957 1342 1126 1424 Romania,
1144 1340 1183 1405 do

54 1446 214 1514 voluntate
243 1455 278 1514 et
303 1470 463 1515 consensu
480 1469 611 1515 suorum
629 1447 850 1514 Consiliorum
868 1448 1019 1528 Minoris,
1037 1447 1181 1529 Rogato-

56 1563 168 1620 mmet
184 1554 227 1621 dc
245 1554 488 1640 Quadraginta,
504 1556 548 1621 ad
564 1555 776 1638 infrascripta
793 1555 835 1621 ad
852 1577 965 1621 sonum
981 1575 1137 1638 campane
1154 1560 1187 1620 et

1 1665 3 1740 ζ
55 1678 158 1728 rocem
193 1664 347 1747 preconis
382 1663 471 1729 mole
506 1663 603 1731 solito
629 1662 819 1729 solemniter
845 1669 1125 1746 congregatorum,
1151 1662 1184 1725 in

56 1771 168 1850 quibus
183 1772 407 1838 interfuerunt
431 1772 504 1856 plus
530 1792 629 1854 quam
657 1770 718 1836 due
742 1777 851 1856 partos
867 1771 1029 1837 dictorum
1046 1769 1186 1836 Consili-

1 1871 2 1906 ³
57 1899 149 1960 omm,
165 1887 198 1946 et
216 1901 291 1945 cum
308 1882 363 1961 eis,
380 1887 412 1945 et
428 1880 576 1946 homines
600 1879 761 1945 dictorum
782 1877 1001 1946 Consiliorum
1014 1880 1054 1945 de
1070 1879 1183 1944 autho-

1 1979 2 2067 ,
55 1985 147 2052 ritate
172 1995 207 2052 et
233 2009 393 2054 consensu
417 1989 497 2055 dicti
522 1988 646 2054 domini
668 1988 782 2071 Ducis,
798 1993 830 2053 et
846 2009 918 2054 cum
934 2009 971 2053 eo
988 1986 1187 2052 unanimiter

1 2087 2 2172 J
57 2100 87 2158 et
108 2095 324 2178 concorditer,
350 2098 477 2162 nemine
505 2095 718 2180 discrepante,
743 2097 810 2162 suis
827 2095 1011 2160 nominibus
1028 2102 1058 2162 et
1077 2115 1135 2178 pro
1152 2113 1186 2158 so

1 2197 2 2271 ἶ
57 2201 128 2284 ipsis
154 2211 327 2270 eteorum
353 2203 605 2284 successorihus
632 2225 670 2269 ac
696 2203 825 2269 nomine
851 2209 884 2269 et
907 2203 975 2268 vioe
992 2200 1182 2268 Oommnnis

1 2339 2 2390 j
57 2305 275 2393 Venetiarum,
291 2311 452 2392 fecerunt,
476 2313 715 2377 constituerunt
740 2318 773 2375 et
798 2311 1034 2376 ordinaverunt
1059 2309 1184 2376 nobiles

1 2499 2 2508 ἵ
56 2415 135 2482 riros
149 2418 302 2484 dominos
319 2418 345 2485 J
346 2417 511 2483 ohannem
528 2415 723 2500 Gradonim,
740 2417 913 2483 Nicolaum
931 2417 1045 2482 Pisani
1063 2423 1095 2482 et
1110 2415 1187 2483 Phi·

1 2542 2 2609 ,
56 2521 174 2609 lippum
200 2523 318 2610 Aurrio,
351 2525 557 2592 honorabiles
582 2527 667 2592 cives
693 2525 908 2593 Venetiarum
934 2525 1086 2591 absentes
1111 2531 1181 2590 tan-

1 2667 3 2670 *
59 2651 149 2714 quam
173 2641 354 2719 presentes,
378 2655 450 2700 suos
476 2637 508 2698 et
534 2635 614 2701 dicti
638 2632 828 2701 Communis
853 2632 1011 2714 Sindicos,
1027 2633 1187 2698 Procura-
1266 2654 1269 2660 ·

1 2770 2 2816 3
58 2745 148 2823 tores,
174 2739 318 2808 Antores
345 2746 379 2808 et
403 2741 549 2808 Nunoios
566 2739 744 2827 Speoiales,
771 2748 805 2807 et
828 2741 1006 2826 quemlibet
1022 2761 1136 2806 eorum
1152 2741 1187 2805 in

1 2857 2 2942 ᾗ
59 2847 204 2933 solidum,
218 2851 266 2915 ita
283 2849 371 2934 quod
386 2869 452 2914 non
468 2853 512 2916 sit
526 2851 635 2935 potior
652 2850 795 2917 conditio
807 2850 1007 2934 occupantis,
1024 2847 1082 2915 sed
1097 2848 1185 2933 quod

58 2975 135 3024 unns
150 2979 264 3025 eorum
279 2957 449 3042 inceperit,
466 2960 550 3024 alter
566 2959 709 3025 mediare
733 2959 846 3043 possit,
863 2961 1018 3042 prosequi
1035 2962 1068 3023 et
1084 2955 1188 3033 finire,

1 3051 2 3060 ¹
61 3066 246 3148 specialiter,
272 3065 315 3132 ad
331 3066 471 3132 eundum
487 3068 530 3133 ad
547 3065 796 3133 Serenissimum
811 3065 1001 3150 Principem
1018 3065 1182 3130 dominum

2 3185 3 3258 ζ
59 3169 254 3242 hudorioum
288 3171 353 3242 Dei
379 3177 489 3260 gratia
517 3175 678 3241 illustrem
703 3173 887 3261 Hungarie‚
912 3173 1125 3240 Hierusalem
1150 3177 1184 3238 ot

60 3274 163 3347 Sicilie
189 3281 323 3367 Regem,
348 3289 381 3346 et
405 3283 447 3349 ad
475 3282 728 3349 conveniendum
753 3303 826 3348 cum
851 3285 923 3365 ipso
948 3281 1080 3347 domino
1096 3279 1188 3364 Rege

2 3396 3 3450 l
61 3395 111 3453 seu
136 3391 325 3475 deputantis
342 3393 383 3460 ab
399 3413 446 3475 eo,
463 3397 495 3456 et
512 3391 556 3457 ad
571 3393 791 3474 tractandum,
814 3391 1009 3472 iaciendum,
1028 3389 1188 3472 compleri·

2 3503 3 3536 ³
61 3493 130 3564 dum
145 3508 176 3566 ot
192 3500 390 3566 firmandum
407 3523 528 3584 pacem,
544 3509 650 3586 pacta,
667 3502 928 3586 compositiones,
939 3499 1189 3580 declarationes,

60 3609 292 3690 conventiones,
318 3609 524 3674 concordiam
552 3617 584 3675 et
609 3611 866 3677 transactionem
891 3630 951 3694 pro
967 3610 1037 3692 ipso
1057 3606 1187 3672 domino

3 3719 5 3772 ἕ
60 3708 146 3779 Duce
163 3721 195 3778 ot
211 3711 392 3780 Commune
409 3715 622 3784 Verretiarum
639 3725 798 3812 eteorum
815 3715 1055 3783 successoribus
1073 3735 1189 3798 perpe·

3 3849 5 3920 }
61 3822 121 3903 tuo,
146 3827 178 3887 et
203 3844 262 3906 pro
289 3823 356 3888 suis
373 3825 595 3908 complicibus,
619 3824 770 3907 subditis,
787 3824 1027 3905 adherentibus,
1044 3821 1189 3907 sequaci·

3 3927 4 3958 ³
63 3921 117 3994 bns
142 3936 175 3997 et
190 3930 315 4014 amicis,
331 3953 405 3998 cum
421 3933 495 4017 ipso
511 3933 642 4000 domino
659 3931 751 4018 Rege
767 3955 826 4018 pro
844 3957 877 4000 se
894 3935 1009 3999 eteius
1026 3952 1190 3998 successo·

3 4047 4 4128 ff
63 4033 146 4102 ribus
161 4045 329 4123 perpetuo,
346 4045 379 4106 et
396 4041 464 4107 eins
481 4041 704 4126 complicibus,
716 4043 863 4127 subditis,
879 4041 1111 4109 adherentibus
1128 4046 1190 4107 etc.

4 4157 6 4172 ¹
65 4139 99 4209 de
123 4147 271 4213 omnibus
299 4153 332 4212 et
358 4148 493 4233 singulis
519 4150 642 4234 litibus,
660 4144 811 4232 querelis,
824 4151 1047 4235 petitionibus
1063 4153 1190 4216 contro·

64 4255 176 4336 remiis,
202 4255 437 4338 questionibus,
464 4255 647 4339 discordiis;
674 4257 874 4340 differentiis,
899 4258 1026 4324 damnis
1042 4265 1076 4324 et
1092 4255 1190 4325 offen·

66 4357 199 4429 sionibus
225 4362 482 4447 quibuscumque
508 4365 584 4431 hinc
609 4365 684 4431 inde
708 4366 810 4433 illatis
827 4375 860 4432 et
874 4365 978 4447 sactis,
994 4366 1139 4433 realibus
1156 4371 1188 4432 et

67 4471 284 4550 personalibus
300 4477 332 4538 et
347 4472 458 4538 mixtis
473 4473 667 4559 ubicunque,
687 4474 954 4558 qualitercunque
972 4480 1005 4541 ct
1019 4497 1079 4558 per
1096 4495 1189 4557 quos·

68 4595 183 4663 cunque
209 4579 303 4647 illata
328 4585 361 4647 et
386 4579 474 4650 iacta
500 4583 679 4669 extiterint,
704 4589 736 4652 et
762 4605 953 4668 quocunque
970 4589 1135 4668 tempore,
1153 4587 1185 4652 et
