3110 5248
747 381 963 450 nrrnourr'rar
980 369 1152 478 umente.

918 783 992 845 252.

474 941 758 1008 ostentauerant
764 941 1073 1028 selbotolmasortny
1096 965 1117 1006 a
1133 937 1417 1006 selemselitanus

817 1053 978 1116 eadmero.
990 1050 1086 1114 1348.

492 1221 591 1290 Anno
607 1222 906 1292 MCCCXLVIII.
922 1225 976 1292 die
991 1222 1217 1291 XII.Marcii.
1235 1223 1394 1308 Capta:
1409 1217 1493 1304 Quod

384 1329 443 1397 liat
459 1329 639 1398 sindicatus
655 1333 689 1398 in
704 1353 878 1416 personam
901 1331 1058 1397 nobilium
1087 1332 1229 1397 virorum
1244 1351 1298 1397 ser
1313 1326 1496 1396 blanoilus

384 1437 524 1518 tiniano,
550 1457 601 1502 ser
625 1435 761 1504 Andree
786 1437 990 1505 Meuroceno
1014 1443 1048 1502 et
1073 1457 1125 1503 ser
1156 1435 1287 1504 Nicolai
1318 1431 1498 1513 Gredonico,
1549 1419 1551 1428 ¹

385 1539 648 1610 Ambaxatorum
671 1545 862 1612 nostrorum
886 1544 930 1611 ad
955 1543 1122 1610 dominum
1146 1541 1270 1627 Regem
1295 1537 1497 1625 Hungarieiu

385 1650 475 1716 omui
490 1647 596 1717 forma
610 1651 823 1732 neccessarie,
837 1657 872 1717 et
886 1658 1016 1717 tantum
1042 1648 1085 1716 ad
1109 1648 1252 1734 plenum,
1268 1653 1421 1732 qnantum
1434 1646 1496 1730 plus

383 1773 453 1834 esse
467 1761 584 1839 potest
600 1755 646 1822 nt
662 1778 770 1823 omnes
788 1755 921 1823 Notarii
936 1754 1036 1824 Curia
1052 1759 1120 1822 sint
1143 1755 1252 1840 rogati
1267 1754 1375 1822 fecere
1391 1756 1498 1820 iustru-

384 1869 547 1928 mentum:
572 1863 733 1930 Dominus
766 1861 992 1930 Cancellarius
1024 1885 1076 1929 ser
1100 1861 1281 1946 Nicoliuus,
1307 1883 1360 1927 ser
1374 1861 1494 1930 Marcus

383 1967 503 2052 Vulpe,
518 1991 570 2036 ser
585 1970 791 2055 Raphainus,
807 1993 859 2038 ser
874 1969 908 2036 N
909 1972 1045 2038 icoletus
1065 1969 1107 2036 de
1122 1969 1254 2036 Alexio.

489 2075 531 2141 In
561 2073 686 2143 Christi
716 2080 847 2144 nomine
879 2099 986 2145 amen.
1019 2077 1118 2144 Anno
1148 2077 1343 2144 Natiuitatis
1372 2071 1498 2141 eiusdem

384 2180 556 2249 millesimo
571 2186 801 2251 trecentesimo
811 2186 1066 2270 quadragesimo
1077 2193 1200 2264 octavo,
1210 2183 1389 2251 indictione
1398 2181 1496 2266 primu,
1549 2231 1551 2236 .

384 2287 437 2353 die
453 2287 645 2357 duodecimo
661 2293 779 2358 mensis
805 2293 932 2373 Martii,
956 2295 992 2357 in
1006 2291 1126 2359 Ducali
1150 2292 1275 2376 palatio
1291 2289 1497 2368 Venetorum,
1550 2313 1551 2316 ¹

382 2395 418 2460 in
434 2395 515 2477 sale,
531 2396 565 2460 in
582 2418 648 2481 qua
664 2407 899 2465 consueverunt
913 2399 1124 2486 infrascripta
1140 2397 1289 2466 Consilia
1312 2393 1496 2483 congregari,
1550 2399 1551 2452 ἶ

383 2501 592 2585 presentibus
609 2507 755 2588 sapiente
772 2507 843 2572 viro
859 2507 992 2573 domino
1008 2505 1148 2575 Nicolao
1174 2505 1352 2586 Pistorino,
1365 2503 1496 2572 Ducam
1549 2559 1551 2584 ,

383 2603 601 2676 Veneciarum
627 2608 845 2697 Cancellario,
876 2614 1086 2702 providisque
1111 2613 1189 2680 viris
1214 2635 1268 2679 ser
1292 2611 1439 2679 Nicolino
1461 2607 1495 2673 de
1549 2603 1551 2692 f

381 2712 602 2800 Fraganesoo,
617 2717 773 2787 Johsnne
788 2719 886 2805 Vido,
902 2721 1018 2790 Marco
1033 2722 1234 2802 Vucumdeo,
1259 2719 1340 2786 dieti
1365 2718 1495 2786 Ducatus
1548 2703 1550 2742 ³

381 2817 594 2892 Venetiarum
610 2825 746 2909 Scribis,
762 2835 795 2893 et
811 2829 894 2896 aliis.
910 2828 1054 2896 Illustris
1079 2836 1112 2896 et
1128 2827 1327 2913 Magnificus
1350 2826 1494 2894 Dominus
1547 2839 1549 2892 3

266 2919 272 2926 ’
382 2925 531 2995 dominus
547 2930 700 3000 Andreas
714 2932 871 3002 Dandulo
887 2935 951 3002 Dei
976 2938 1087 3021 gratis
1112 2936 1331 3008 Veratianum
1354 2932 1429 3001 Dux
1446 2941 1495 2999 cto

383 3034 424 3100 de
440 3037 610 3106 voluntate
625 3049 658 3106 et
674 3061 833 3110 consensu
849 3066 982 3112 suorum
999 3041 1218 3112 Consiliorum
1234 3043 1385 3122 Minoris,
1400 3041 1495 3125 Roga·

383 3149 494 3208 torum
509 3153 542 3211 et
558 3147 599 3212 de
616 3146 846 3236 Quadraginta
861 3153 903 3218 ad
919 3152 1132 3238 infrascripta
1157 3152 1201 3219 ad
1227 3173 1344 3218 sonum
1360 3169 1495 3235 campane

381 3253 416 3310 et
441 3269 552 3318 vocem
575 3261 764 3338 preconism
790 3281 880 3326 more
906 3259 1003 3327 solito
1029 3267 1312 3345 congregatorum,
1337 3257 1495 3342 inquibus
1545 3307 1546 3310 ,

382 3354 600 3425 iuterfuerunt
616 3362 690 3447 plus
707 3384 805 3447 quam
822 3365 885 3432 due
901 3373 1014 3450 partes
1038 3367 1199 3435 dictorum
1232 3367 1495 3441 Consiliariorun,
1544 3385 1545 3392 ³

383 3469 416 3528 et
432 3485 505 3531 cum
521 3471 576 3551 eis,
586 3477 620 3537 et
635 3473 782 3540 homines
799 3475 965 3542 dictorum
976 3475 1206 3560 Consiliorum,
1216 3476 1257 3544 de
1268 3477 1456 3545 auctoritate
1470 3477 1495 3538 ct
1542 3477 1544 3554 ζ

382 3589 540 3641 consemu
556 3577 636 3644 dicti
659 3579 782 3648 domini
797 3583 911 3665 Ducis,
927 3591 1050 3652 etcum
1066 3606 1113 3669 eo,
1128 3586 1329 3654 unanimiter
1340 3591 1494 3652 atconcor

382 3675 465 3746 diter
481 3685 608 3752 nemine
624 3687 839 3774 discrepante,
855 3693 923 3758 suis
938 3694 1124 3760 nominibus
1140 3701 1172 3760 et
1187 3692 1249 3779 pro
1263 3716 1298 3760 se
1313 3695 1394 3780 ipsis
1404 3698 1434 3760 et
1455 3707 1496 3754 eo·

381 3803 453 3850 rum
483 3795 728 3880 successoribus,
759 3819 797 3862 ac
837 3799 966 3865 nomine
997 3807 1030 3866 et
1054 3800 1122 3868 vics
1148 3800 1337 3870 Communis
1352 3800 1496 3871 Veneria·

382 3907 453 3958 rum
483 3894 639 3982 feserunt,
670 3905 909 3971 constituerunt
939 3915 973 3974 et
1003 3909 1238 3976 ordinaverunt
1268 3909 1394 3976 nobiles
1424 3907 1496 3972 siros

382 3995 527 4068 dominos
568 4005 719 4074 Marcum
757 4009 985 4096 Justitiniano,
1024 4013 1196 4082 Andraam
1237 4015 1436 4082 Maurooeno
1470 4016 1496 4076 et

381 4100 555 4175 Nicolaum
579 4109 776 4200 Gredonico,
802 4117 1010 4187 honorabiles
1036 4123 1122 4190 cives
1138 4120 1368 4210 Venooiarum,
1399 4123 1496 4189 absen-

382 4213 433 4276 tes
462 4219 627 4302 tamquam
657 4232 832 4306 presentes,
863 4249 938 4296 suos
970 4237 1003 4295 et
1027 4231 1109 4297 dicti
1133 4230 1326 4298 Communis
1353 4229 1496 4324 Sindicct

384 4311 629 4409 Procuratores,
644 4337 771 4400 actores
787 4342 820 4399 et
831 4338 968 4404 nuncios
984 4341 1153 4423 speciales,
1164 4345 1197 4404 et
1213 4339 1496 4423 quemlibetsoruu
1522 4410 1523 4415 ,

382 4422 416 4487 in
432 4425 579 4512 solidum,
604 4433 653 4500 ita
678 4439 765 4520 quod
796 4463 860 4508 non
888 4446 932 4511 sit
956 4446 1065 4529 potior
1082 4446 1225 4512 conditio
1242 4449 1436 4532 occupantis,
1449 4439 1494 4509 ted

383 4529 470 4612 quod
485 4551 567 4601 unus
583 4559 693 4608 eorum
708 4548 874 4634 inceperit,
890 4552 975 4618 alter
1003 4552 1149 4622 mediare
1172 4554 1287 4639 possit,
1310 4571 1456 4638 proooqffl
1449 4552 1494 4614 2²
