3134 5252
402 342 465 404 184
758 359 994 406 nrrnoxnonmr
1020 352 1188 411 aurnuns.
1296 377 1314 394 s

399 539 460 602 pro
476 539 518 599 se,
534 517 710 584 heredibus
726 525 759 584 et
785 520 1024 587 successoribus
1051 522 1117 586 suis
1144 526 1254 590 omnia
1280 526 1361 606 iura,
1379 551 1511 614 queque

401 625 626 708 modocuuque
643 625 768 692 diceret
784 628 834 692 rel
849 634 961 710 posset
976 629 1096 695 habere
1111 632 1145 695 in
1169 633 1195 696 J
1196 632 1278 696 adra
1293 634 1347 698 vel
1362 635 1434 700 aliis
1445 633 1512 702 Giri-

401 735 535 816 tatibus,
546 755 626 816 quas
642 741 790 800 tenemus
807 735 842 801 in
859 733 1126 818 Solemniacum
1142 760 1256 806 earum
1272 744 1473 824 pertinentiis
1487 753 1512 812 et

403 842 617 925 districtibus,
642 843 770 926 possint
786 845 939 928 expedire
955 866 1015 929 pro
1031 847 1092 910 hoc
1107 868 1209 930 usque
1226 849 1270 914 ad
1285 847 1429 915 LXXX
1442 852 1511 920 mille
1564 887 1566 940 3

404 949 541 1016 ducatos
559 953 644 1016 inter
654 949 780 1034 Regem
796 958 830 1017 et
844 951 1001 1032 Berones,
1013 953 1098 1019 siout
1114 955 1280 1038 atquibus
1297 958 1344 1022 eis
1360 958 1511 1038 videbitur,
1564 943 1566 984 ¹

403 1055 454 1122 rel
470 1056 511 1122 ab
527 1057 603 1122 inde
617 1057 703 1122 infra
719 1079 816 1140 quam
832 1059 947 1125 melius
962 1064 1125 1143 poterunt
1564 1135 1566 1148 Σ

508 1165 556 1230 Et
578 1165 709 1249 qnando
735 1187 800 1230 non
816 1173 947 1249 possent
963 1168 1110 1234 obtinere
1127 1169 1304 1236 cessionem
1319 1177 1353 1236 et
1368 1173 1513 1237 translat-i-
1563 1205 1566 1252 ,j

401 1294 496 1338 onem
522 1294 561 1338 ac
585 1274 863 1338 renunciationem
889 1275 1009 1340 iurium
1033 1278 1074 1342 de
1089 1277 1234 1342 Civitate
1250 1275 1355 1343 Jadre
1370 1300 1441 1344 oum
1453 1279 1512 1343 aliis
1564 1267 1566 1302 ⁷

400 1381 499 1446 terris
516 1381 621 1460 simul,
637 1385 674 1445 ut
689 1385 737 1447 est
754 1381 886 1464 dictum,
901 1388 936 1446 et
950 1383 1012 1466 ipsi
1029 1391 1163 1466 possent
1178 1385 1240 1451 hoc
1260 1386 1405 1452 obtinere
1420 1386 1456 1452 de
1470 1383 1512 1451 Oi·
1562 1417 1566 1452 z

400 1489 503 1554 vitate
519 1488 544 1555 J
544 1487 633 1568 edre,
648 1485 815 1554 Distrietu
830 1495 863 1553 et
877 1491 1089 1572 pertinenciis
1106 1494 1185 1572 eius,
1200 1513 1266 1557 non
1281 1491 1429 1560 faciendo
1444 1513 1511 1562 nen,
1565 1511 1566 1550 ff

400 1598 520 1662 tionem
537 1596 577 1661 de
609 1596 682 1661 aliis
713 1597 820 1674 terris,
835 1597 961 1678 possint
992 1601 1174 1682 expendere
1205 1623 1266 1684 pro
1292 1601 1356 1668 hoc
1371 1601 1512 1685 usquead

402 1725 560 1769 summam
577 1701 645 1767 XL
660 1702 749 1767 mille
767 1703 959 1768 ducatorum
975 1704 1060 1770 iuter
1086 1704 1209 1788 Regem
1226 1713 1259 1771 et
1274 1707 1430 1787 Berones,
1445 1709 1512 1773 sicut
1564 1739 1566 1774 z

403 1812 448 1875 eis
464 1801 635 1888 videbitur,
651 1812 701 1876 vel
718 1811 759 1875 ab
775 1809 850 1874 inde
865 1809 960 1890 inira,
977 1833 1076 1894 quam
1091 1814 1207 1878 melius
1221 1821 1384 1897 poterunt.

509 1917 670 2000 Capta:
695 1918 782 1982 Etsi
799 1939 857 2000 per
874 1917 1017 2001 aliquem
1033 1921 1256 2001 predictorum
1272 1922 1440 1989 modorum
1454 1943 1511 1989 con·
1565 1921 1566 1992 Ῐ

402 2025 546 2090 cordium
572 2025 665 2108 sequi
690 2045 754 2088 non
780 2031 900 2107 posset,
924 2031 956 2088 et
981 2023 1053 2090 Rex
1078 2034 1326 2095 contentaretur
1341 2031 1419 2095 dare
1433 2029 1510 2095 uobis

400 2132 425 2199 J
427 2132 553 2213 adram,
578 2139 611 2197 et
636 2152 695 2196 nos
721 2151 841 2216 ponere
867 2134 900 2197 in
918 2132 1089 2215 pacificam
1105 2137 1341 2217 possessionem
1357 2137 1452 2219 ipsius
1465 2158 1512 2220 per
1564 2181 1566 2186 ,

401 2239 533 2306 modum
549 2245 581 2304 et
596 2261 656 2322 pro
682 2239 865 2324 quantitate
890 2239 1024 2322 pecunie
1050 2240 1140 2306 diota
1165 2245 1324 2326 superius,
1351 2243 1467 2308 scilieet
1480 2243 1511 2306 de
1564 2241 1566 2304 f

401 2345 467 2412 LX
495 2348 584 2412 mille
609 2347 801 2412 ducatorum
827 2353 861 2410 et
875 2344 912 2410 X
928 2347 1017 2413 mille
1032 2368 1092 2430 pro
1109 2347 1306 2430 Beronibus,
1323 2358 1356 2416 et
1371 2350 1511 2432 velletut
1564 2371 1566 2440 j

402 2456 484 2521 alias
500 2475 559 2537 per
575 2454 702 2537 aliquos
718 2452 759 2517 de
776 2454 844 2517 suis
859 2455 974 2518 missos
991 2453 1151 2520 Veneriae
1167 2458 1399 2522 raciocinatum
1413 2456 1511 2532 extitit,
1565 2467 1566 2476 ’

401 2560 490 2645 quod
516 2561 579 2626 alie
595 2567 686 2626 terre
703 2557 871 2626 sclavonia
887 2569 1094 2626 remanerent
1110 2565 1217 2643 quiete
1233 2563 1268 2628 in
1285 2568 1372 2629 statu
1385 2563 1511 2647 presenti

401 2689 505 2750 usque
528 2668 570 2734 ad
586 2669 622 2734 X
638 2689 757 2746 anuos3
773 2674 909 2750 possunt
935 2671 1038 2734 nostri
1062 2671 1262 2754 promittere,
1286 2671 1375 2756 quod
1390 2687 1511 2736 exnunc
1565 2663 1566 2736 J

401 2777 520 2842 erimus
535 2777 688 2855 contenti,
705 2776 792 2858 quod
809 2775 972 2858 eligantur
988 2775 1070 2842 uu'us
1086 2799 1147 2860 pro
1163 2785 1268 2860 parte,
1285 2779 1342 2861 qui
1357 2785 1511 2861 procurent
1564 2761 1566 2818 Ᾰ

402 2884 599 2950 concordare
615 2889 734 2968 partes.
751 2884 797 2948 Et
813 2885 840 2947 si
857 2906 923 2948 uon
937 2891 1092 2967 poterunt
1111 2907 1167 2950 eas
1182 2885 1390 2967 concordare,
1405 2885 1512 2972 eligant

400 2992 538 3057 tercium
561 2991 648 3056 iutra
664 2990 806 3074 aliquem
831 2992 1014 3056 terminum.
1031 2991 1076 3056 Et
1092 2993 1156 3074 ipsi
1170 2997 1247 3074 tter,
1264 2992 1375 3075 elapso
1390 2993 1511 3059 termino
1564 3031 1566 3084 3

402 3099 530 3184 prefato
547 3099 657 3164 decem
681 3121 848 3178 annorum,
864 3121 961 3182 super
977 3098 1063 3164 lacto
1080 3100 1227 3184 ipsarum
1243 3105 1406 3165 terrarum
1422 3101 1510 3164 deter-
1565 3115 1566 3174 j

402 3209 527 3274 minent
542 3207 756 3290 postmodum,
772 3209 856 3272 sient
874 3207 919 3270 eis
935 3206 1054 3271 iustius
1071 3207 1253 3289 apparebit.

509 3314 574 3380 Die
590 3314 693 3379 XIX.
709 3310 858 3396 Augusti.
875 3311 1020 3397 Capta
1044 3312 1079 3380 si
1093 3334 1170 3379 vero
1185 3311 1259 3378 Rex
1274 3335 1339 3378 nou
1356 3318 1457 3396 posset
1471 3309 1512 3376 rel

401 3443 466 3488 non
481 3423 579 3487 vellet
594 3443 628 3486 se
644 3423 864 3486 intromittere
881 3421 921 3485 de
945 3421 1053 3486 dando
1069 3421 1202 3488 uobis'J
1204 3421 1327 3502 adram,
1342 3422 1511 3506 promitten-

401 3531 490 3596 tibus
516 3531 612 3597 nobis
639 3536 728 3594 stare
744 3529 984 3613 compromisso,
1005 3535 1042 3594 ut
1058 3534 1190 3612 captum
1205 3536 1264 3611 est,
1280 3537 1313 3595 et
1329 3532 1397 3614 ipse
1412 3529 1511 3594 saltem
1564 3525 1566 3554 ³

402 3643 650 3704 contentaretur
666 3638 759 3703 nobis
777 3637 892 3703 cedere
902 3643 936 3704 et
945 3641 1136 3704 renunciare
1155 3638 1228 3702 iura
1245 3634 1511 3722 omnia,quedioe·

401 3751 452 3812 ret
468 3746 519 3811 vel
535 3751 646 3829 posset
661 3746 781 3812 habere
793 3747 826 3811 in
837 3743 862 3809 J
863 3746 945 3811 adra
961 3753 995 3810 et
1009 3746 1225 3828 pertinentiis,
1235 3751 1268 3810 et
1278 3750 1511 3818 contentaretur,

401 3860 438 3918 ut
453 3853 536 3919 alias
553 3853 785 3920 ratiocinatum
799 3853 873 3933 fuit,
883 3874 942 3936 per
959 3853 1086 3936 aliquos
1097 3852 1137 3916 de
1148 3853 1215 3917 suis
1230 3853 1348 3918 missos
1358 3851 1512 3926 Venecias,

402 3962 490 4045 quod
506 3962 570 4026 alie
585 3967 682 4042 terre,
698 3983 780 4045 quas
797 3968 943 4027 tenemus
953 3962 986 4026 in
1003 3959 1186 4039 Sclavonia,
1202 3965 1405 4026 remanerent
1418 3958 1511 4043 quiete

401 4091 505 4152 usque
529 4070 573 4135 ad
599 4069 790 4136 decennium
807 4071 841 4135 in
858 4076 946 4136 statu
962 4070 1115 4153 presenti,
1131 4070 1261 4153 possint
1276 4068 1380 4136 nostri
1393 4088 1446 4152 pro
1460 4064 1513 4129 boc

402 4179 583 4261 expendere
608 4180 694 4245 inter
710 4179 836 4262 Regem
853 4187 887 4244 et
901 4179 1051 4246 Berones
1067 4197 1171 4260 usque
1188 4179 1230 4243 ad
1246 4176 1312 4242 XL
1330 4177 1456 4242 ducatos
1470 4171 1512 4235 rel

402 4284 522 4352 abinde
538 4286 634 4368 iufra,
651 4309 750 4370 quam
776 4288 904 4353 melius.
916 4294 1080 4372 poterunt,
1099 4294 1132 4351 et
1150 4287 1342 4370 promittere
1358 4283 1396 4349 de
1412 4279 1513 4348 stando

401 4396 632 4476 compromisso
658 4418 716 4486 per
742 4396 872 4464 modum
888 4398 921 4461 in
937 4396 1083 4483 proxime
1108 4394 1298 4478 precedenti
1315 4389 1451 4478 capitulo
1465 4407 1513 4452 uu·

401 4507 557 4573 notatum.
994 4507 1002 4520 '
