3166 5256
380 316 422 374 66
728 333 962 378 omnounczrar
987 319 1157 378 ambesa.

374 489 588 570 proclamari3
606 497 638 552 et
648 491 676 552 si
686 491 797 572 aliquo
813 497 958 572 tempore
974 490 1178 572 acciperetur
1193 490 1363 569 tergovina
1378 488 1499 568 aliqua,

374 601 411 658 ut
435 596 556 660 dictum
581 603 639 676 est,
664 618 721 680 per
738 595 900 661 Comitem
926 595 1195 678 Constantinum,
1217 597 1268 661 vel
1293 596 1362 660 eius
1388 601 1499 676 gentes

376 701 425 772 vel
449 723 508 785 per
523 701 648 785 aliquos
669 703 759 784 alios,
776 703 863 768 dicta
878 705 1010 768 domina
1026 701 1200 768 Comitissa
1217 707 1345 768 tenetur
1361 709 1395 766 et
1411 702 1506 767 debet

375 807 416 871 de
442 809 586 890 presenti
610 809 642 872 in
664 808 763 892 duplo
779 811 946 874 emendari
962 810 1069 876 iacere
1085 814 1287 894 tergorinam
1304 810 1350 873 sic
1362 809 1505 874 indebite

375 919 551 997 acceptam,
577 920 610 978 et
635 915 669 980 in
694 916 842 980 manibus
870 917 990 980 domini
1007 915 1144 982 Comitis
1160 915 1301 981 Sibenici
1318 921 1504 998 presentare

377 1028 409 1085 et
434 1022 627 1105 consignare
644 1022 761 1088 iacere.
776 1024 822 1089 Et
838 1024 899 1089 hoc
915 1025 1078 1107 promittit
1094 1023 1267 1088 actendere
1285 1028 1316 1087 et
1332 1023 1506 1088 observare

374 1129 408 1192 in
433 1150 491 1194 sua
516 1127 616 1210 legali
642 1128 713 1210 fide,
739 1135 773 1194 et
797 1130 905 1194 facere
925 1130 1074 1196 similiter
1091 1130 1261 1194 actendere
1278 1135 1311 1192 et
1325 1127 1505 1192 observare

375 1235 443 1298 eius
468 1233 571 1298 filium
596 1233 754 1300 Comitem
780 1236 974 1314 Johannem‚
999 1243 1031 1300 et
1055 1233 1213 1300 Comitem
1245 1233 1505 1299 Constantinum.

380 1342 422 1404 ut
438 1341 525 1406 ultra
536 1340 597 1407 boc
608 1343 651 1406 ad
660 1345 816 1408 maiorem
831 1345 1111 1408 conservacionem
1127 1343 1346 1426 predictorum
1363 1343 1505 1407 omnium

374 1449 463 1514 dicta
479 1448 611 1514 domina
633 1450 809 1516 Comitisea
826 1450 889 1516 suit
904 1458 1068 1534 contenta,
1085 1454 1112 1516 si
1130 1450 1369 1515 contrafaceret
1385 1451 1420 1514 in
1435 1471 1505 1534 pre-

374 1555 467 1620 dictis
492 1558 544 1621 vel
559 1559 671 1638 aliquo
687 1559 909 1642 predictorum
926 1580 983 1642 per
1000 1583 1042 1638 se,
1059 1579 1151 1623 suum
1168 1558 1279 1636 filium,
1294 1564 1326 1622 et
1343 1555 1505 1623 Comitem

374 1660 623 1730 Constantinum
650 1665 841 1749 prefectum,
867 1668 917 1733 vel
934 1688 992 1750 per
1008 1668 1091 1732 alios
1107 1667 1218 1749 aliquo
1233 1667 1328 1731 modo
1350 1665 1401 1729 rel
1418 1668 1505 1748 inge-

374 1773 437 1852 nio,
453 1773 602 1837 incedere
629 1796 746 1856 penam
771 1782 957 1840 contentam
983 1776 1017 1840 in
1042 1797 1122 1858 pace
1143 1776 1226 1840 inita
1244 1776 1330 1840 inter
1345 1775 1505 1838 illustrem

374 1878 550 1944 Dominum
562 1881 725 1953 dominum
736 1882 860 1947 Ducem
868 1882 1079 1951 Veneciarum
1094 1905 1134 1947 ex
1149 1903 1215 1946 una
1230 1887 1332 1966 parte,
1348 1887 1380 1946 et
1397 1879 1504 1946 Comi-

373 1993 438 2050 tem
462 1987 649 2072 Nelipcinm
675 2013 714 2054 ex
739 1990 853 2071 altera,
879 2013 942 2074 qne
967 1990 1116 2056 devenire
1142 1990 1260 2054 debeat
1275 1992 1309 2054 in
1326 1988 1505 2054 Commune

375 2091 526 2159 Sibenici.
552 2093 626 2178 Qua
652 2098 760 2160 omnia
785 2103 819 2162 et
838 2097 966 2180 singula
982 2099 1206 2180 suprascripta
1221 2097 1254 2160 in
1271 2098 1417 2179 presenti
1433 2119 1507 2162 con-

375 2206 485 2266 tractu
511 2208 666 2268 contenta
690 2204 776 2270 bona
796 2205 859 2268 fide
878 2207 947 2270 sine
963 2204 1076 2270 frande
1092 2204 1142 2270 sel
1158 2205 1269 2287 aliqua
1284 2205 1416 2269 malicia
1431 2227 1507 2288 pro-

374 2309 464 2373 misit
478 2309 609 2373 domina
626 2307 802 2375 Comitissa
818 2311 946 2393 prefata
962 2312 1134 2377 actendere
1150 2319 1183 2378 et
1193 2311 1374 2393 observare,
1390 2318 1506 2376 elnon

376 2417 599 2481 contrafacere
624 2418 674 2481 vel
698 2419 808 2482 venire
834 2439 892 2501 per
917 2441 949 2483 se
975 2421 1027 2484 vel
1051 2419 1143 2499 alios,
1167 2424 1205 2483 ut
1229 2418 1352 2483 dictum
1369 2423 1429 2498 est,
1445 2419 1506 2483 sub

376 2544 461 2604 pona
485 2524 634 2606 predicta
660 2530 692 2588 et
716 2525 920 2608 obligacione
947 2527 1087 2590 omniurn
1108 2545 1240 2590 snorum
1258 2525 1419 2590 bonorum
1435 2547 1507 2610 pre

379 2630 516 2693 sentium
528 2637 560 2694 et
570 2629 772 2711 futurorum3
788 2655 853 2716 qua
863 2655 947 2715 pena
957 2633 1065 2698 soluta
1079 2633 1129 2697 vel
1146 2654 1217 2714 non,
1234 2639 1350 2698 exacta
1365 2632 1418 2697 rel
1433 2655 1508 2710 non,

376 2736 483 2818 petita
499 2737 550 2800 vel
566 2760 638 2822 non,
654 2740 801 2822 predicta
818 2741 925 2804 omnia
935 2746 969 2805 et
984 2740 1111 2822 singula
1127 2761 1254 2823 semper
1272 2739 1367 2806 firma
1382 2761 1509 2823 perma-

378 2848 476 2906 neant
501 2851 534 2908 et
553 2844 692 2912 debeant
707 2846 882 2911 observari.
899 2849 1036 2930 Insuper
1052 2848 1091 2912 de
1109 2847 1235 2912 damnis
1251 2847 1353 2912 illatis
1369 2869 1429 2930 per
1446 2843 1509 2913 Co-

375 2950 485 3014 mitem
512 2948 763 3018 Constantinum
784 2975 839 3018 eeu
856 2955 925 3018 eius
940 2960 1068 3038 gentem
1086 2953 1257 3019 Communi
1273 2958 1306 3018 et
1322 2952 1508 3019 bominibus

377 3053 517 3121 Sibenici
543 3063 813 3125 contentarerunt
838 3061 932 3126 ambe
958 3068 1079 3144 partae,
1098 3061 1247 3126 videlicet
1266 3060 1356 3126 dicta
1371 3059 1506 3126 domina

377 3161 554 3230 Comitissa
571 3189 628 3232 suo
644 3169 774 3233 nomine
790 3170 930 3253 proprio,
947 3176 979 3234 ot
996 3171 1064 3234 eius
1080 3169 1174 3248 filine,
1184 3175 1217 3234 et
1231 3167 1382 3234 similiter
1398 3169 1510 3234 dictus

377 3268 493 3335 Comes
520 3271 661 3338 Sibenici
687 3278 814 3341 nomine
839 3286 873 3343 et
898 3279 968 3342 vice
993 3277 1181 3342 Communis
1199 3275 1285 3342 dicte
1304 3282 1400 3355 terre,
1419 3273 1511 3358 quod

376 3377 472 3443 dicta*
492 3378 613 3446 damna
637 3391 826 3449 remaneant
852 3386 886 3448 in
902 3383 1099 3450 discrecione
1116 3391 1148 3449 et
1163 3382 1367 3466 beneplacito
1382 3383 1512 3448 domini

376 3484 481 3551 Ducis
507 3494 540 3552 et
565 3486 752 3554 Communis
777 3491 1004 3571 veneciarum,
1020 3490 1171 3558 videlicet
1185 3490 1225 3554 de
1241 3491 1408 3555 solucione
1426 3492 1513 3572 ipso-

374 3615 445 3656 rum
471 3594 673 3678 damnorum,
690 3605 723 3662 ot
737 3598 824 3680 quod
840 3599 882 3679 id,
899 3598 987 3680 quod
1002 3598 1075 3680 ipsa
1090 3597 1283 3662 Dominacio
1297 3597 1333 3660 in
1349 3596 1509 3679 predictis

375 3699 577 3766 ordinaverit
602 3707 634 3765 et
660 3703 787 3768 claruerit
812 3703 1054 3786 iniungendum,
1071 3705 1157 3786 quod
1174 3707 1222 3768 ita
1238 3709 1350 3786 partes
1366 3703 1512 3768 debeant

374 3808 607 3874 inviolabiliter
632 3811 813 3878 observare.
839 3809 960 3876 Actum
987 3815 1020 3876 in
1041 3811 1203 3896 Sibenieo‚
1218 3810 1364 3875 indomo
1379 3810 1512 3876 habita·

376 3917 479 3980 cionis
496 3915 614 3981 Desini
630 3919 736 3982 vocati
754 3917 891 3996 Calada
908 3919 1113 4001 presentibus
1130 3919 1217 3983 dicto
1233 3918 1365 3994 Desino,
1382 3917 1514 3984 Rados-

374 4023 465 4088 claro
491 4023 674 4090 Sclaricicb
701 4025 740 4088 de
765 4024 925 4109 Badagno
943 4025 1157 4091 districtualis
1184 4025 1315 4090 domine
1332 4021 1514 4090 Comitisse

373 4130 538 4212 predicto;
554 4138 586 4196 ct
603 4132 806 4216 sapientibus
823 4135 900 4199 viris
918 4155 970 4198 ser
986 4133 1129 4200 Mihaele
1146 4135 1185 4199 de
1202 4131 1327 4214 Scagro
1343 4129 1383 4196 de
1399 4129 1515 4196 Jadra

372 4235 557 4300 habitatore
578 4237 730 4320 Sibenici,
746 4241 909 4323 Magistro
925 4241 1062 4307 Matheo
1080 4241 1217 4307 condam
1234 4239 1357 4305 domini
1375 4237 1515 4320 SymeO.

372 4342 423 4405 n'ls
441 4343 480 4406 de
498 4344 800 4426 Perusio,Albe1-to
817 4348 956 4414 Notario
973 4350 1110 4414 condam
1127 4348 1257 4414 Arandi
1274 4347 1314 4410 dc
1329 4345 1464 4430 Padua,
1481 4355 1513 4412 et

372 4451 533 4532 Magistro
549 4439 713 4535 Angnbllo
726 4456 931 4521 Cancellario
943 4454 1131 4522 Communis
1149 4454 1300 4536 Sibenici,
1316 4459 1349 4518 ct
1361 4455 1440 4520 aliis
1458 4477 1518 4521 ro·
