3108 5246
336 353 400 417 392
691 363 927 415 announcznr
944 351 1113 414 suabsna.

333 527 529 614 premissam
556 526 754 606 ordinariam
780 523 1037 594 commissionem
1064 525 1148 592 dicti
1161 527 1282 595 domiui
1298 526 1467 596 Karoliiu
1542 546 1545 555 ’

336 642 428 703 corto
453 655 586 703 suorum
602 635 769 702 Raronnm
794 633 1008 702 deliberatiuo
1034 634 1179 702 Consilio
1204 634 1338 718 iactam,
1362 638 1396 703 in
1410 639 1468 704 aia·
1547 681 1548 693 η

335 743 409 810 dem
435 745 501 810 suis
528 745 647 810 litteris
663 743 842 826 Regalibus
868 762 1055 827 expressam
1070 743 1104 810 in
1119 743 1178 810 siis
1195 763 1309 810 eorum
1325 750 1362 810 et
1376 744 1467 812 iustis

335 850 508 918 itineribus
524 851 739 934 procedentes
756 850 790 915 in
800 851 881 918 locis
891 855 1074 916 vestrorum
1083 850 1277 917 tributorum
1288 872 1350 936 per
1361 872 1470 939 super·

335 959 420 1026 fluas
435 959 632 1054 tributarias
645 959 832 1024 exacciones
842 958 978 1025 nimium
993 958 1200 1042 infestaretis,
1217 961 1311 1028 nobis
1329 982 1468 1045 conque·
1548 978 1550 988 ·

340 1068 383 1132 sti
408 1070 596 1134 extiterunt.
620 1065 719 1134 Vnde
743 1089 814 1134 cum
839 1069 975 1134 absente
999 1069 1072 1152 ipso
1092 1067 1222 1134 domino
1247 1068 1342 1155 Rege
1367 1069 1467 1136 trabe

262 1165 273 1186 ⁸
334 1181 452 1241 nostro
468 1175 641 1242 karissimo
655 1175 768 1243 totalis
785 1196 865 1242 cura
883 1176 933 1242 sui
947 1176 1115 1260 regiminis
1131 1183 1164 1246 et
1183 1176 1292 1261 Regni
1308 1178 1469 1262 guberna·
1551 1185 1552 1190 ’

337 1280 414 1348 cula
428 1287 498 1348 tum
510 1283 585 1368 jure
600 1283 747 1350 naturali
765 1289 969 1367 exposcente,
985 1288 1056 1349 tum
1067 1283 1169 1348 eciam
1184 1303 1225 1347 ex
1240 1284 1345 1368 ipsius
1360 1283 1469 1367 Rega-

334 1389 377 1454 lis
394 1389 536 1474 benigna
550 1390 749 1456 admissione
772 1387 897 1457 Nostra
922 1389 1064 1456 incumbi
1080 1388 1261 1456 dinoscitur
1275 1390 1468 1470 Maiestati;

335 1516 461 1580 nosque
476 1497 511 1564 in
526 1497 678 1567 absencia
694 1498 839 1565 eiusdem
864 1497 986 1564 domini
1000 1496 1104 1580 Regn's
1128 1497 1243 1564 fratris
1259 1499 1364 1565 nostri
1379 1499 1467 1564 noui

334 1609 422 1670 tates
438 1624 504 1671 non
518 1605 652 1674 velimus
667 1605 704 1671 in
718 1604 836 1689 Regno
861 1603 934 1670 fieri
958 1603 1134 1690 aliquales:
1150 1603 1302 1672 fidelitati
1316 1610 1423 1672 vestre
1438 1613 1467 1670 ot

334 1716 523 1780 vastrorum
548 1711 768 1798 quorumlibet
801 1712 922 1778 Ducali
946 1711 1055 1778 edicto
1080 1713 1289 1798 precipiendo
1304 1713 1419 1781 damus
1435 1713 1465 1776 in

334 1819 511 1902 mandatis,
527 1827 688 1906 quatenus
705 1821 794 1904 ipsos
810 1823 1008 1888 mercatores
1025 1819 1065 1887 de
1080 1818 1206 1888 Sancta
1219 1817 1366 1904 Colonia,
1376 1827 1411 1887 et
1426 1819 1464 1886 de

336 1919 487 1995 Ciuitate
497 1926 584 2012 Hoy,
594 1949 633 1994 ac
643 1928 683 1993 de
700 1927 774 1994 aliie
790 1926 939 2012 partibus
948 1927 1034 1995 Rani
1045 1947 1119 1994 cum
1127 1928 1225 1995 rebus
1240 1927 1461 1996 mercimonia-

335 2033 428 2102 libus
444 2056 503 2119 per
518 2034 724 2120 Huugariam
743 2025 902 2102 iterantes
917 2033 985 2121 (igy
1004 2035 1235 2104 »itinerantes«
1255 2037 1394 2124 helyett)
1409 2055 1462 2101 seu

336 2142 552 2225 procedentes
568 2164 627 2226 per
643 2141 817 2226 ampliores
833 2143 1020 2208 exacciones
1035 2142 1232 2212 tributarias
1249 2143 1291 2211 ab
1315 2145 1385 2227 biis,
1402 2163 1462 2227 que

339 2251 374 2316 in
391 2250 562 2336 premissis
586 2250 771 2336 Regalibua
794 2249 914 2317 litteris
940 2251 1085 2316 seriatim
1102 2255 1336 2337 exprimuntur,
1350 2253 1461 2320 moles-

336 2367 410 2424 tare
435 2362 468 2423 et
499 2357 694 2443 perturbare
718 2358 904 2424 nullatenus
929 2360 1198 2444 presumpmatis3
1223 2362 1308 2427 sicut
1322 2366 1459 2426 nostram

334 2466 598 2550 indignacionem
614 2465 763 2550 grauiter
778 2464 945 2531 incurrere
960 2463 1155 2534 formidatis.
1181 2466 1309 2534 Datum
1322 2465 1413 2535 Bude
1427 2469 1457 2532 in

333 2573 417 2638 sesto
434 2569 549 2639 Sancti
565 2571 742 2656 Laurencij
759 2593 845 2639 anno
861 2571 995 2640 Domini
1009 2573 1135 2642 Mona
1153 2576 1416 2662 quisquagesimo.

442 2717 582 2778 (Eredetia
593 2718 777 2782 berhartytu,
790 2721 920 2784 melynek
932 2721 1035 2771 btttra
1047 2735 1063 2772 a
1075 2721 1169 2786 peccet
1182 2737 1239 2773 van
1252 2735 1377 2788 uyomra,
1388 2723 1453 2774 uon

333 2806 417 2858 varos
430 2807 631 2859 lavelttrtban.
646 2809 679 2860 V.
693 2811 718 2860 ὃ.
732 2809 971 2876 gydjtemtnyimk
986 2811 1007 2862 1.
1022 2811 1131 2864 nuceta
1144 2815 1206 2863 ³43.
1219 2810 1250 2874 L)

820 2952 982 2964 η-υ-η-ν-α-Ψ

864 3136 937 3196 319.

334 3289 413 3359 Colo
440 3292 476 3357 di
500 3291 701 3357 Hierico-nuk
720 3294 945 3380 rayilatkoaata
961 3295 1076 3362 Endre
1093 3295 1223 3362 sicilici
1239 3297 1355 3385 kiruiiy
1370 3297 1452 3360 bairi·

799 3401 895 3466 idrdl.
920 3402 1016 3468 1350.

441 3555 551 3626 Verus
577 3558 716 3624 Tribuni
742 3559 873 3627 libellus
889 3567 1005 3628 contra
1022 3563 1177 3630 scismata
1195 3568 1230 3629 et
1246 3584 1373 3630 errores
1388 3561 1454 3629 scri·

331 3672 408 3751 ptus
425 3666 468 3731 ad
484 3663 778 3750 Archiepiscopum
795 3667 1008 3751 Pragensem.

441 3774 635 3843 Reverende
651 3775 754 3844 Pater
769 3784 803 3844 et
819 3775 971 3846 Domine.
988 3777 1082 3847 Inter
1097 3781 1207 3847 varios
1223 3789 1256 3847 et
1271 3781 1454 3867 multiplices

331 3881 469 3965 laqueos
490 3883 551 3950 stb.

441 3988 577 4073 Quanta
603 3991 662 4059 sub
688 4013 767 4058 cura
792 3995 887 4061 hruus
905 3996 1073 4079 regiminis
1090 3994 1216 4063 Summi
1233 3996 1405 4064 Pontificis
1419 3997 1452 4062 sit

332 4098 366 4161 in
384 4097 501 4180 Regno
527 4097 660 4181 Apulie,
687 4099 774 4183 quod
800 4103 903 4167 solum
923 4109 1056 4168 vocatur
1072 4101 1223 4187 Regnum
1238 4103 1395 4186 Ecclesia,
1409 4127 1455 4170 no-

335 4203 384 4268 vis
400 4206 602 4288 temporibus
617 4205 707 4272 facta
723 4213 862 4291 strages,
878 4230 943 4274 non
959 4210 1248 4294 ignoratmundns.
1266 4209 1455 4278 Prohdoior!

332 4331 397 4374 non
413 4312 557 4394 ignorat,
582 4312 724 4397 qualiter
752 4315 916 4398 quondam
932 4316 1005 4382 Rex
1021 4317 1188 4385 Robertus
1204 4317 1364 4386 decedens
1379 4321 1454 4384 inno

332 4423 457 4482 centem
483 4417 576 4485 illum
602 4441 722 4502 agnum
746 4421 874 4506 Regem
899 4420 1070 4492 Andream
1093 4425 1277 4510 legitimum
1303 4427 1336 4491 in
1351 4426 1454 4508 Regno
1519 4423 1522 4430 ’

333 4524 501 4593 constituit
518 4547 748 4616 successorem,
773 4538 806 4600 et
829 4532 863 4602 in
890 4527 1014 4618 Regem
1041 4533 1158 4600 statuit
1175 4533 1356 4618 legitimum
1373 4553 1451 4598 coro·
1529 4559 1535 4566 ·
