3108 5246
7 208 17 314 t'

578 384 673 448 1350.
1128 386 1190 452 391

68 559 187 630 litteras
213 557 492 630 Excellentissimi
517 567 549 628 et
573 559 743 645 Magnifici
767 559 931 647 Principis
946 563 1069 629 domini
1084 562 1194 630 Ludo-

66 670 123 736 nioi
136 669 241 754 Regis
257 670 433 754 Hungarie
448 667 563 734 fratris
579 669 685 734 nostri
709 667 884 749 karissimi,
906 670 940 734 in
957 672 1074 754 quihus
1106 671 1193 740 inter

64 784 168 843 cetera
183 778 327 845 vidimus
342 779 508 861 contineri,
525 775 614 860 quod
639 775 700 860 ipsi
724 777 883 843 tributum
899 798 957 845 seu
973 780 1136 846 teloneum
1153 780 1192 846 de

64 882 149 949 bonis
166 889 200 949 et
215 885 317 950 rebus
333 883 509 951 eorundem
525 905 563 950 eo
578 882 674 949 modo
689 884 770 950 dare
786 891 820 950 et
829 885 1015 968 persoluere
1026 885 1192 970 deberent,

63 998 155 1076 prout
178 997 381 1060 mercatores
404 990 590 1075 Pragenscs
616 992 697 1057 dant
724 997 758 1058 et
783 994 984 1077 persoluunt
1015 993 1057 1060 In
1073 995 1192 1062 litteris

63 1106 165 1166 autem
191 1101 374 1168 eorundem
398 1099 613 1186 Pragensium
643 1121 702 1185 per
735 1099 982 1169 serenissimum
1007 1103 1193 1190 Principem

63 1207 222 1274 dominum
245 1209 413 1276 Karolum
446 1209 610 1294 quondam
640 1207 767 1292 Regem
799 1209 982 1294 Huugarie,
1012 1212 1191 1294 genitorem

63 1321 202 1382 nostrum
225 1316 437 1384 karissimum
462 1319 510 1382 eis
534 1317 693 1382 concessis
717 1316 830 1383 taliter
862 1320 1063 1384 continetur:
1095 1317 1193 1402 Quod

62 1425 92 1488 in
120 1425 226 1508 primo
253 1427 394 1492 introitu
418 1425 461 1492 ad
487 1431 590 1490 metas
616 1424 695 1490 dicti
719 1423 827 1509 Regni
854 1425 1025 1509 Hungarie
1050 1428 1084 1492 iu
1101 1427 1193 1496 Alba

62 1529 208 1600 Ecclesia
224 1535 258 1600 in
277 1535 393 1619 wlgari
418 1533 547 1618 Wyuar
562 1533 730 1598 nominata
747 1532 843 1598 debet
858 1533 941 1599 solui
958 1533 1192 1618 octouigesima

63 1637 208 1706 derebus
232 1640 547 1722 mercimonialibus3
572 1640 651 1704 item
667 1639 786 1706 abinde
811 1641 881 1708 siue
904 1642 938 1705 in
955 1638 1106 1708 Saaswar
1121 1643 1192 1709 siue

62 1745 232 1817 inSanohe
249 1751 292 1818 de
309 1751 452 1834 quolibet
467 1769 565 1814 curru
580 1748 826 1831 mercimoniali,
836 1749 894 1833 qui
903 1749 1082 1833 vulgariter
1091 1750 1192 1816 rudus

67 1853 188 1940 dicitur,
206 1858 307 1924 debet
323 1858 407 1924 solui
423 1879 503 1922 rnus
519 1856 601 1922 letto
619 1856 688 1922 siue
705 1857 770 1922 tria
781 1856 947 1940 pondera;
963 1855 1042 1923 item
1058 1856 1098 1922 de
1115 1879 1192 1941 quo·

62 1961 135 2028 libet
168 1987 272 2032 curru
304 1963 468 2050 syneches
508 1965 596 2030 dioto
621 1964 764 2029 medium
794 1964 953 2031 tributum
984 1985 1043 2030 seu
1068 1965 1192 2031 medius
1289 2019 1293 2028 .

63 2068 159 2153 lult03
175 2082 210 2138 et
224 2073 350 2140 abhinc
365 2073 398 2138 in
424 2068 630 2138 Jablunchza
646 2072 733 2136 circa
755 2069 908 2137 Castrum
924 2070 1122 2138 Korlathhw
1139 2073 1192 2137 de·

65 2175 114 2243 het
128 2179 213 2247 solui
229 2179 431 2248 solummodo
447 2179 604 2247 tributum
621 2180 739 2263 pontis,
753 2181 865 2263 itaque
881 2178 920 2244 de
947 2180 1092 2264 quolibet
1107 2203 1192 2265 equo

64 2284 111 2349 rel
123 2284 208 2353 boue
225 2287 382 2356 trahente
399 2307 530 2353 currum
546 2307 626 2351 vnus
643 2286 796 2352 denarius
820 2286 1041 2371 Vyennensis3
1057 2289 1135 2354 item
1151 2289 1191 2354 de

64 2395 236 2474 pecudibus
264 2396 448 2462 vendicioni
466 2393 671 2479 exponendis,
701 2395 827 2460 scilicet
857 2395 983 2461 duabus
1011 2395 1191 2463 maioribus

66 2498 210 2568 similiter
236 2525 319 2569 vnus
345 2502 496 2573 denarius
519 2501 739 2586 Wyennensis
751 2526 758 2583 ;
772 2501 851 2567 item
868 2503 908 2568 de
925 2511 1064 2587 quatuor
1080 2504 1191 2590 paruis

64 2610 265 2694 animalibus,
281 2611 375 2677 sicuti
392 2610 516 2690 ouibus,
526 2611 634 2694 capris
649 2616 681 2675 et
699 2616 732 2676 et
748 2611 865 2694 porcis,
876 2611 1027 2678 similiter
1042 2634 1122 2680 vnus
1137 2614 1191 2680 de·

66 2718 171 2784 narius
187 2719 413 2804 Wyennensis
431 2724 463 2783 ct
479 2737 543 2784 non
560 2718 651 2801 plus;
676 2718 755 2784 item
781 2717 900 2784 abinde
925 2723 958 2785 in
973 2719 1044 2787 loco
1060 2720 1190 2788 Bikzad

66 2823 131 2890 siue
145 2827 179 2893 in
195 2827 277 2893 villa
292 2823 384 2910 Beyn
400 2825 499 2892 debet
515 2824 598 2890 solui
614 2824 772 2896 tributum
789 2827 876 2890 siout
890 2827 924 2892 in
941 2823 1091 2894 Saaswar
1110 2832 1142 2892 et
1158 2831 1190 2894 in

66 2931 194 3018 Zynche
213 2935 256 3000 de
272 2934 419 3000 curribus
445 2933 739 3000 mercimonialibus
754 2939 901 3015 tant-um3
916 2940 1067 3020 preterea
1083 2959 1103 3006 a
1117 2936 1191 3000 civi·

65 3045 127 3110 tate
136 3040 605 3128 TyrnaviensiusqueBudam
621 3039 655 3107 in
670 3041 750 3108 locis
760 3040 980 3128 infrascriptis
996 3043 1092 3112 debet
1104 3043 1192 3128 exigi

65 3149 220 3216 tributum
245 3149 395 3216 similiter
420 3148 460 3214 de
485 3148 634 3214 curribus
649 3149 948 3216 mercimonialibns
965 3150 1061 3218 modo
1077 3170 1191 3234 supra·

68 3255 158 3340 dicto,
182 3258 294 3342 primo
319 3257 353 3322 in
378 3254 604 3340 Farlrashyda,
628 3263 744 3340 postea
768 3259 802 3322 in
819 3255 944 3342 Semcy,
960 3258 1039 3324 item
1054 3259 1089 3328 in
1104 3259 1190 3327 villis

64 3361 310 3452 Archiepiseopi
326 3363 562 3449 Strigoniensis
577 3363 738 3451 Nyarhyd
754 3369 790 3432 et
805 3365 945 3435 Vduard
968 3367 1099 3450 vocatis,
1113 3369 1191 3434 item

67 3473 145 3541 vltra
173 3473 369 3542 Danubium
399 3495 439 3538 ex
463 3473 528 3540 ista
552 3478 647 3558 parte
671 3475 705 3539 in
731 3471 908 3558 Strigonio,
933 3481 1046 3558 postea
1061 3475 1096 3540 in
1112 3474 1190 3540 villa

67 3575 176 3648 Sancti
191 3580 313 3648 Jacobi
327 3600 387 3664 pre
403 3578 523 3648 Oastro
540 3580 671 3648 Veteris
687 3579 790 3664 Bude,
813 3585 847 3648 et
870 3583 904 3646 in
918 3587 1018 3666 ponte
1034 3567 1189 3647 Ciuitatis

67 3685 222 3756 Budensis
246 3689 365 3754 debent
390 3687 518 3754 tributa
542 3689 629 3772 exigi
643 3689 843 3756 solummodo
860 3690 900 3756 de
917 3687 1075 3768 curribus,
1091 3693 1189 3772 prout

67 3801 208 3881 superius
234 3804 284 3863 est
309 3817 505 3882 expressum.
529 3796 606 3863 Hoc
629 3803 740 3868 tamen
763 3796 940 3879 declarato,
956 3795 1043 3880 quod
1059 3797 1093 3860 in
1109 3796 1189 3863 locis

48 3903 259 3973 tribuerem
283 3902 482 3988 supradictis
506 3905 597 3970 nulla
620 3904 692 3970 fieri
715 3905 832 3972 debeat
856 3904 1012 3989 religacio
1029 3923 1190 3984 curruum,

67 4018 268 4100 preterquam
283 4013 318 4078 in
329 4009 537 4093 ciuitatibus,
547 4013 581 4077 in
597 4011 714 4098 quibus
729 4013 892 4080 tricesima
909 4017 985 4077 sunt
999 4012 1189 4092 constitute3

31 4155 34 4160 ,
68 4140 122 4204 que
136 4122 246 4190 omnia
260 4119 335 4186 loca
349 4119 546 4186 tributorum
562 4125 631 4186 tam
641 4119 767 4188 ciuibus
777 4119 1004 4186 Brunensibus
1021 4117 1061 4186 de
1072 4117 1188 4203 Regno

67 4221 225 4313 bohemie,
242 4249 341 4313 quam
358 4229 484 4296 ciuibus
501 4227 777 4312 Tyrnauiensibus
800 4227 1016 4296 referentibus
1041 4227 1190 4294 sciuisset

68 4333 144 4406 idem
160 4339 313 4405 domiuus
329 4335 402 4404 Rex
417 4337 548 4422 genitor
572 4343 685 4406 noster
708 4327 778 4406 osse
793 4359 813 4406 a
828 4343 975 4421 tempore
991 4335 1073 4407 Bele
1087 4336 1189 4422 Regis

71 4447 216 4514 instituta
231 4445 389 4531 legitima,
403 4451 436 4512 et
452 4448 561 4514 omnia
576 4446 645 4513 iore
660 4448 757 4515 iusta.
779 4445 904 4532 Quibus
921 4445 1051 4530 quidem
1066 4445 1189 4514 litteris

69 4547 243 4642 Regalibus
260 4553 422 4637 exhibitis,
445 4552 544 4623 iidem
559 4560 757 4624 mercatores
782 4554 816 4623 in
847 4574 884 4621 eo
901 4553 988 4640 quod
1005 4573 1058 4622 ros
1073 4557 1189 4621 contra
