3108 5246
430 361 440 382 Ι
545 425 635 502 1351.
1085 431 1147 508 401

25 607 189 698 sapientes,
207 611 298 698 equod
315 625 382 682 tam
406 637 466 700 pro
494 615 762 682 honoredomini
787 614 898 700 Regis,
925 639 1023 700 quam
1038 627 1151 686 nostro

24 721 118 790 eidem
135 725 270 790 domino
286 723 371 808 Regi
387 724 575 791 scribantur
591 723 702 790 littere
717 723 945 808 infrascripta:

121 831 316 900 Maiestatis
331 830 452 900 Vestra
467 831 600 898 litteras
616 853 721 915 nuper
737 832 948 915 suscepimus,
956 854 1095 917 quarum
1104 837 1151 902 in-

22 937 146 1006 tellecto
172 946 290 1006 tenore
318 939 378 1005 sub
405 938 597 1026 compendio
613 938 847 1024 respondemus
863 965 870 1006 :
887 938 985 1025 Quod
1003 951 1153 1027 gerentes

22 1047 157 1130 inuotis,
173 1049 262 1114 sicut
278 1069 404 1132 semper
419 1053 452 1114 et
467 1049 634 1133 gessimus,
650 1053 689 1113 ut
703 1046 790 1113 inter
805 1045 962 1116 Vestram
978 1049 1150 1118 Excellen-

22 1156 96 1220 tinm
121 1163 154 1223 et
178 1179 241 1224 nos
266 1155 372 1223 solida
387 1175 453 1240 pax
478 1163 512 1222 et
537 1157 665 1222 sincera
684 1155 863 1240 pervigeat,
879 1158 1153 1241 quemadmodum

23 1265 102 1330 inter
118 1267 297 1350 utriusque
314 1264 561 1350 predecessores
576 1263 707 1330 illibata
722 1264 859 1348 viguisse
875 1265 1064 1349 dinoscitur;
1080 1289 1153 1352 gra·

23 1379 87 1439 tum
102 1373 276 1455 babemus,
292 1373 380 1457 quod
390 1371 633 1440 Ambaxatores
649 1371 772 1441 Vestre
790 1371 983 1441 serenitatis
1000 1381 1033 1440 et
1048 1381 1124 1442 nost
1143 1377 1151 1390 '

24 1481 221 1566 inpartibus
248 1482 369 1566 Segnis
393 1504 455 1567 pro
474 1483 577 1567 ipsius
593 1483 685 1566 pacis
702 1483 935 1567 compositione
952 1483 1153 1550 conveniant

25 1589 141 1658 Verum
158 1591 201 1656 de
218 1591 361 1657 termino
386 1592 543 1676 temporis
569 1589 743 1658 statuendo
759 1612 820 1675 pro
836 1590 960 1656 honore
977 1589 1154 1658 Oelsitudi·

24 1697 69 1762 nis
82 1696 217 1780 Vestre,
233 1700 314 1783 qnia
331 1697 447 1765 decens
458 1706 517 1782 est,
532 1700 567 1766 in
584 1706 691 1766 vestro
701 1700 888 1766 relaxamus
903 1699 1061 1782 arbitri03
1077 1719 1154 1765 nam

27 1807 285 1893 quandocunque
311 1807 351 1874 de
378 1809 561 1875 intentione
576 1809 686 1893 Regia
701 1807 873 1876 certificati
888 1807 1042 1873 fuerimus
1057 1827 1155 1892 super

26 1913 98 1997 boe3
113 1936 180 2000 eos,
198 1916 259 2000 qui
284 1937 343 2000 pro
359 1923 454 2000 parte
469 1923 586 1984 nostra
601 1918 731 1984 venturi
747 1916 877 1996 fuerint,
891 1914 1022 1981 mittere
1038 1933 1154 2001 procu·

26 2023 162 2089 rabimus
180 2024 218 2089 in
234 2024 375 2091 termino
391 2025 548 2106 stabilito,
564 2025 716 2108 dispositi
726 2031 834 2089 mente
845 2024 973 2090 sincera
983 2023 1026 2090 ad
1037 2023 1156 2110 omnia,

28 2151 82 2212 que
98 2129 139 2196 ad
155 2151 276 2213 pacem
300 2131 516 2197 inducendam
540 2131 855 2214 benivolentiamque
881 2129 1064 2213 aagendam
1079 2129 1155 2196 hinc

28 2236 95 2300 mdc
111 2231 252 2320 pbssent
267 2237 511 2323 quomodolibet
531 2237 724 2306 redundare.

127 2343 294 2432 Capta:
314 2347 413 2432 Quod
433 2348 596 2416 scribatur
605 2345 941 2432 BernardoNotario,
950 2344 1092 2434 qualiter
1107 2367 1156 2415 re·

28 2454 163 2538 cepimus
171 2457 305 2523 litteras
315 2457 439 2523 domini
453 2454 555 2540 Regis
571 2464 605 2523 et
625 2477 713 2539 suas,
729 2462 763 2524 et
778 2458 867 2541 quod
882 2456 989 2523 eidem
1003 2455 1088 2541 Regi
1106 2478 1156 2522 re·

1 2637 3 2650 ι
29 2564 216 2654 spondemus
226 2588 286 2652 per
294 2567 424 2633 litteras
433 2563 639 2650 presentibus
652 2566 815 2650 alligatas,
823 2585 963 2650 quarum
973 2564 1157 2650 exemplum

30 2669 85 2736 sibi
92 2673 258 2741 mittimus
269 2673 489 2758 interclusum,
498 2677 537 2740 ni
547 2674 587 2739 de
598 2675 677 2758 ipsis
691 2669 813 2740 litteris
828 2673 1023 2739 informatus
1039 2671 1157 2737 rodda·

30 2779 85 2845 tur.
95 2777 298 2848 Mandantes
308 2783 380 2864 sibi,
391 2781 480 2866 quod
490 2784 518 2848 si
529 2783 679 2849 dominus
690 2777 763 2847 Rex
779 2781 871 2847 nobis
888 2781 986 2846 vellet
1001 2778 1158 2844 rescribe·

31 2907 71 2968 re,
94 2891 182 2973 quod
207 2892 340 2957 mittero
364 2891 556 2958 deberemus
580 2889 822 2958 Ambaxatores
848 2893 979 2954 nostros
994 2887 1028 2952 in
1044 2887 1157 2970 aliquo

32 2999 167 3079 tempore
183 3018 245 3082 per
261 3001 367 3084 ipsum
382 3006 508 3084 taxato,
533 3001 673 3085 accipiat
689 2998 818 3064 litteras
843 2997 941 3082 ipsas,
958 2997 993 3060 et
1006 2992 1160 3060 informet

33 3123 62 3166 se
77 3103 115 3170 de
130 3108 315 3173 intentione
324 3107 403 3174 dicti
413 3108 517 3194 Regis
527 3129 625 3192 quam
636 3109 767 3174 caucius
783 3105 916 3190 poterit,
931 3109 964 3169 et
979 3102 1087 3170 veniat
1103 3099 1159 3166 Se·

33 3212 144 3298 gaiam,
160 3237 247 3300 quas
262 3214 356 3283 nobis
371 3216 483 3284 mittat
499 3217 599 3298 illinc,
615 3223 765 3282 nostrum
775 3221 950 3298 expectans
960 3209 1160 3278 mandatum.

132 3359 167 3420 (Α
184 3357 295 3409 »nisti«
311 3359 401 3412 czimd
415 3363 557 3412 velencnei
571 3362 751 3424 etlamkonyv
765 3359 867 3410 XXVI.
880 3355 1045 3418 kdtetebol.)

515 3505 541 3512 ...-
548 3505 668 3513 ...han——

561 3659 635 3723 328.

30 3816 61 3910 ,Λ
79 3815 233 3909 floreaczi
257 3819 539 3906 Iciiztdraasdpaak
568 3815 592 3882 I.
619 3817 776 3885 Jotaaaa
801 3818 926 3885 sicilici
951 3813 1105 3906 birciiynd
1129 3814 1162 3882 aa

403 3927 554 3994 Toreatai
572 3926 680 4012 Lajoe.
706 3930 802 3992 1351.

136 4090 327 4175 Magnificis
346 4089 424 4154 viris
440 4087 613 4154 Prioribus
639 4087 783 4170 Artium,
800 4086 994 4156 Vexillifero
1011 4081 1162 4169 Justicie,
1240 4153 1244 4158 ,

39 4191 234 4279 Rumoribus,
251 4197 407 4278 Consilia
424 4195 552 4280 Populo
569 4203 604 4262 et
621 4195 794 4262 Oonnnuni
811 4194 968 4262 Ciuitatis
984 4192 1162 4273 Florentio,

43 4306 209 4372 carissimis
227 4306 341 4371 amicis
357 4305 488 4371 nostris.
508 4309 510 4316 ’

139 4413 310 4500 Magnifioi
327 4414 387 4479 viri
403 4417 436 4478 et
452 4411 548 4479 amici
563 4409 740 4479 karissimi.
759 4411 812 4478 Ex
828 4409 885 4476 illo
901 4408 1101 4476 sinceritatis
1116 4409 1164 4476 in·

46 4518 162 4603 etinctu,
178 4543 243 4606 quo
259 4543 317 4588 vos
334 4543 414 4604 erga
430 4519 570 4603 Regiam
596 4519 738 4586 Domum
754 4524 900 4584 nostram
916 4517 1052 4583 excitari
1067 4519 1164 4583 confi·

41 4624 148 4714 ¹dimus,
162 4631 247 4696 sicut
262 4630 338 4696 hinc
355 4629 431 4695 inde
447 4635 651 4714 propagatus
662 4625 933 4713 apreeessoribus
948 4625 1084 4692 affectus
1100 4626 1165 4690 exi·

86 4765 143 4803 nor.
158 4767 241 4804 nuno.
257 4765 323 4801 mer.
340 4772 385 4784 --
401 4763 468 4808 noun⁴
483 4765 545 4800 err.
559 4765 589 4800 11.
1012 4734 1055 4800 26
