3214 5260
381 368 446 444 496
732 391 965 440 urrnonuczur
982 355 1149 438 emman.

382 555 571 634 uadi-enses,
586 553 673 638 quod
690 553 717 617 si
734 573 835 636 nsque
846 549 888 616 ad
898 551 1007 616 decem
1018 551 1144 616 nobiles
1155 549 1177 614 J
1182 551 1335 617 adrenses
1346 571 1385 616 ex
1394 551 1506 616 ostrin-

384 665 474 746 secis,
490 666 546 746 qui
563 661 670 726 volent
685 660 811 726 intrare
828 660 887 726 sub
904 657 971 724 illis
986 661 1101 742 pactis,
1118 659 1205 742 quod
1221 660 1365 724 remissis
1380 659 1506 724 iniuriis

383 773 431 836 uti
448 769 574 854 possint
598 767 736 833 ubilibet
761 769 795 832 in
820 770 918 832 terris
942 765 1145 831 dominorum
1170 764 1382 847 Venetorum,
1397 767 1448 832 ita
1463 773 1508 832 ta·

384 899 458 943 men
485 876 573 960 quod
599 877 646 940 eis
673 875 819 940 solvatur
843 874 987 957 precium
1013 877 1252 956 possessionum
1269 896 1411 955 suarum,
1428 877 1509 940 sicut

384 984 538 1052 valebant
552 991 696 1067 tempore
721 989 807 1048 mote
832 1003 958 1065 guerre.
981 980 1116 1046 Domini
1131 987 1241 1047 autem
1257 981 1508 1048 Ambaxiatores

384 1093 522 1160 libenter
538 1091 723 1157 ultimatam
748 1091 989 1174 responsionem
1015 1093 1048 1152 et
1073 1089 1284 1155 intentionem
1309 1089 1509 1154 dominorum

385 1200 588 1270 Venetorum
605 1221 703 1283 super
719 1197 921 1284 quibuslibet
936 1195 1083 1263 articulis
1099 1218 1138 1262 ex
1154 1195 1310 1280 predictis
1326 1199 1438 1282 petitis
1454 1219 1509 1281 per

386 1307 516 1374 eosdem
531 1307 670 1374 libenter
686 1308 841 1373 habuisse
857 1307 1042 1372 voluissent.
1059 1304 1125 1372 Sed
1142 1305 1204 1370 hoc
1220 1305 1301 1372 dicti
1309 1304 1430 1374 Veneti
1442 1307 1509 1370 nul·

386 1417 516 1482 latenas
539 1413 646 1479 facere
670 1415 849 1496 voluerunt,
873 1415 938 1479 uisi
963 1421 1000 1478 ut
1026 1434 1128 1497 supra
1151 1412 1307 1495 fecerant,
1333 1421 1509 1480 asserentes

387 1524 475 1608 quod
490 1523 615 1587 frustra
631 1521 840 1586 declararent
864 1522 947 1586 alias
972 1522 1197 1604 responsiones
1214 1529 1246 1586 et
1261 1521 1361 1586 aliam
1378 1522 1509 1586 ulterius

388 1631 589 1699 voluntatem
607 1649 728 1710 eorum,
744 1629 804 1693 uisi
820 1630 1062 1710 responsionem
1079 1633 1111 1692 et
1126 1629 1341 1693 inteutionem
1357 1628 1509 1693 haberent

393 1739 597 1805 dominorum
623 1735 862 1818 Hungarorum
886 1742 920 1800 et
939 1733 1152 1800 Jadrensium
1177 1757 1275 1820 super
1303 1735 1451 1801 articulis
1480 1739 1511 1799 et

389 1845 581 1912 differentiis
597 1844 778 1910 antedictis,
803 1841 1058 1910 Ambaxiatores
1083 1849 1192 1909 autem
1207 1844 1347 1926 predicti
1362 1845 1396 1909 in
1412 1845 1512 1914 Veue

389 1956 444 2020 tiis
461 1975 556 2037 super
573 1951 670 2018 factis
685 1952 710 2017 J
711 1951 896 2018 adrensium
914 1951 1111 2018 concordare
1127 1972 1192 2014 non
1206 1950 1354 2017 solentes
1373 1975 1444 2017 cum
1461 1952 1510 2016 do-

389 2063 479 2127 mino
494 2061 585 2126 Duce
601 2061 635 2124 in
652 2060 806 2125 discussis
831 2067 865 2126 et
890 2059 924 2124 in
949 2059 1173 2124 determinatis
1192 2058 1264 2124 aliis
1281 2059 1524 2142 principalibus·

390 2169 536 2235 articulis
560 2168 798 2252 pertinentibus
822 2169 866 2235 ad
891 2169 1057 2234 dominum
1084 2167 1218 2251 Regem,
1241 2168 1408 2235 licentiam
1433 2191 1509 2234 rece

391 2278 492 2342 dendi
506 2282 704 2360 receperunt·
722 2297 788 2358 qua
804 2276 929 2360 habita,
946 2277 1094 2343 Paduam
1110 2282 1277 2362 venerunt,
1286 2279 1342 2343 ubi
1353 2277 1510 2344 habebant

391 2407 490 2469 equos
506 2405 589 2468 suos,
606 2405 718 2450 uersus
734 2385 939 2469 Hungariam
956 2383 1160 2449 intendentes
1169 2386 1322 2468 prosequi
1339 2388 1403 2450 iter
1418 2407 1510 2453 suum.

498 2491 744 2558 Accedentibus
759 2493 860 2574 igitur
885 2491 1175 2557 Ambaxiatoribus
1191 2491 1348 2575 predictis
1363 2491 1511 2572 Paduam,

392 2599 602 2666 Reverendus
626 2604 721 2681 pater
747 2596 894 2664 dominus
920 2598 1109 2664 Pareteusis
1133 2600 1316 2684 Episcopus
1341 2603 1440 2665 etiarn
1454 2600 1510 2665 Pa·

394 2710 492 2774 duam
516 2708 661 2787 accessit,
685 2713 719 2769 et
742 2706 903 2772 Dominus
927 2703 1079 2772 Ciuitatis
1095 2705 1210 2772 Padue
1227 2707 1331 2773 voluit
1348 2709 1430 2775 scire
1445 2730 1510 2773 cnu-

394 2838 456 2897 sas,
481 2821 617 2898 propter
642 2835 722 2898 quas
747 2814 920 2880 concordia
942 2821 1151 2898 remanserat,
1167 2815 1209 2880 ab
1226 2812 1511 2881 Ambaxiatoribus

394 2922 576 2990 antedictis
602 2921 698 2989 Vnde
723 2923 855 3004 cupiens
880 2928 990 3005 partes
1006 2923 1127 2987 iterato
1143 2921 1186 2987 ad
1203 2923 1411 2988 concordiam
1427 2923 1511 2988 redu-

396 3055 477 3112 cere,
494 3030 665 3098 Vicarium
692 3051 784 3096 suum
800 3052 872 3095 cum
887 3031 985 3095 certis
1002 3031 1074 3095 aliis
1090 3029 1248 3095 militibus
1264 3031 1305 3096 de
1321 3030 1512 3096 confidencia

396 3139 669 3205 Ambaxiatorum
688 3138 810 3202 domini
835 3137 937 3222 Regis
963 3139 1121 3208 Venetias
1145 3138 1330 3205 destinauit
1359 3141 1404 3205 Et
1419 3139 1512 3204 domi·

396 3269 456 3312 nus
473 3246 662 3312 Pareteusis
686 3247 868 3329 Episcopus
894 3268 1041 3312 reversus
1066 3245 1128 3312 fuit
1152 3268 1224 3310 cnm
1248 3246 1382 3312 eisdem.
1402 3245 1512 3313 Nuneii

398 3361 506 3420 autem
523 3352 659 3419 Domini
685 3351 837 3418 Civitatis
862 3353 976 3419 Padue
996 3349 1133 3438 predicti
1149 3361 1298 3437 presente
1315 3355 1446 3420 domino
1460 3355 1512 3419 Pa·

397 3477 524 3528 reteuse
549 3461 714 3545 Episcopo
739 3463 826 3526 inter
851 3469 961 3528 cetera
977 3462 1105 3527 domino
1121 3461 1216 3544 Duci,
1231 3463 1386 3528 dixerunt
1401 3463 1513 3528 Amba·

398 3570 579 3636 xiatoribus
595 3568 718 3635 domini
743 3569 845 3652 Regis
869 3571 1051 3655 Huugarie,
1067 3572 1122 3654 qui
1148 3572 1180 3636 iu
1205 3571 1371 3636 discordia
1386 3589 1513 3636 recesse-

398 3685 473 3745 rant
488 3678 529 3743 de
544 3675 701 3761 Venetiis,
725 3679 875 3744 Paduam
900 3681 1095 3763 applicuisse
1112 3679 1153 3744 ad
1169 3680 1378 3763 Hungariam
1405 3675 1512 3744 reverti

399 3787 551 3852 volentes
569 3785 652 3852 Cum
669 3794 777 3852 autem
793 3788 862 3871 ipse
878 3789 919 3854 ob
935 3789 1090 3853 honorem
1105 3789 1246 3872 partium
1263 3795 1397 3872 optaret
1413 3807 1512 3872 pacem

399 3902 435 3960 et
451 3895 665 3975 concordiam,
690 3903 724 3960 et
748 3896 846 3960 etiam
873 3917 932 3978 pro
959 3917 1016 3960 suo
1041 3897 1218 3976 commodo,
1237 3897 1313 3978 quia
1328 3897 1451 3960 ricinus
1464 3899 1514 3970 est,

400 4002 454 4067 ubi
480 4002 617 4067 dominis
642 3999 778 4068 Venetis
804 4003 949 4086 placeret
974 4004 1036 4069 sibi
1061 4002 1229 4070 notificare
1254 4001 1466 4085 differentias
1486 4002 1513 4064 iu

402 4109 520 4193 quibus
544 4115 708 4174 tractatus
733 4111 902 4176 concordie
927 4117 1127 4177 remanserat
1143 4131 1215 4174 cnm
1231 4108 1513 4176 Ambaxiatoribus

403 4220 588 4302 antedictis,
603 4221 673 4304 ipse
699 4227 771 4286 erat
795 4227 931 4304 paratus
949 4221 1101 4287 laborare
1116 4242 1188 4285 cum
1203 4218 1341 4284 Nuuciis
1357 4217 1515 4304 Apostoli·

404 4326 459 4408 cis,
475 4332 512 4390 ut
528 4348 623 4410 super
640 4327 832 4393 differentiis
847 4327 927 4411 ipsis
942 4333 1053 4412 partes
1063 4326 1287 4407 concordaret,
1302 4331 1335 4391 et
1351 4333 1514 4411 propterca

402 4431 654 4500 Ambaxiatores
680 4436 800 4502 domiui
832 4435 933 4520 Regis
963 4457 1130 4502 remanere
1161 4435 1281 4500 faceret
1310 4448 1368 4518 per
1399 4435 1512 4516 aliquos

402 4539 482 4610 dies.
509 4541 642 4608 Domini
668 4544 797 4626 Veneti,
822 4546 878 4626 qui
904 4543 1096 4610 ridebantur
1122 4543 1239 4626 dolere,
1255 4542 1344 4626 quod
1359 4559 1424 4628 pax
1438 4541 1511 4607 facta
