3134 5252
562 367 662 430 1346.
747 409 754 416 -
1108 371 1169 437 173

64 542 104 606 sui
118 540 220 606 debita
235 543 422 608 executione
433 542 597 608 lentescat.
615 541 768 609 Ceterum
779 547 856 627 quia
867 543 1059 628 supplicasti
1074 548 1169 614 nobis

63 650 234 733 expressius,
250 655 285 714 vt
299 672 338 714 eo
353 649 528 716 consultius
553 672 654 734 eoque
681 652 803 717 celcius
829 651 939 718 valeas
954 653 996 719 ad
1013 655 1171 737 premissa

1 748 2 752 ¹
63 759 227 846 procedere,
253 781 319 843 quo
343 759 485 843 plurium
508 765 542 824 et
556 759 735 844 peritorum
760 760 903 826 virorum
921 763 1055 828 consilio
1071 762 1172 830 fueris

1 885 2 909 ¹
63 873 89 930 et
102 865 278 932 assistentia
288 865 496 949 quoadiutus,
512 867 617 933 vttibi
633 867 666 930 in
683 867 748 951 hijs
764 867 931 934 fauoribus
948 869 1054 933 nostri
1069 871 1170 953 presi·

1 950 2 1015 Ῐ
60 974 104 1040 dic
117 974 300 1040 assistentes
320 974 498 1039 concedere
523 974 743 1056 dignaremur,
770 974 858 1058 quod
877 971 1080 1042 Adenullum
1107 977 1170 1042 Cu·

1 1080 10 1157 i,
60 1103 173 1146 manum
196 1082 237 1148 de
262 1081 408 1164 Neapoli
423 1081 791 1164 Viceprothonotarium
808 1081 917 1163 Regni
933 1084 1036 1148 nostri
1054 1081 1173 1181 Sicilie,

60 1211 92 1256 ac
110 1189 276 1256 Matheum
291 1191 331 1256 de
357 1190 462 1256 Porta
478 1188 518 1255 de
535 1187 683 1270 salerno,
697 1196 729 1254 et
738 1191 763 1256 J
765 1190 924 1255 ohannem
941 1190 981 1256 de
1000 1191 1115 1256 Laudo
1133 1192 1172 1257 de

8 1313 16 1322 ·
60 1297 158 1380 Capua
167 1298 349 1381 Magistros
365 1295 558 1362 Rationales
577 1296 699 1379 Magne
716 1295 838 1361 Nostre
859 1297 957 1362 Curie
973 1297 998 1362 J
1000 1299 1067 1363 uris
1084 1297 1172 1364 Cini-

60 1405 95 1470 lis
121 1405 341 1488 Professores,
371 1427 431 1470 nec
465 1425 529 1468 non
559 1403 748 1470 Johannem
779 1403 818 1468 de
845 1404 986 1470 Ciuitate
1012 1405 1174 1472 Thestius

3 1574 4 1577 ,
59 1513 202 1592 Judicem,
227 1512 418 1578 Johannem
443 1508 680 1577 Acoczaiooum
707 1511 746 1576 dc
765 1509 911 1594 Ravello,
928 1519 962 1577 et
978 1512 1114 1577 Petrum
1130 1513 1171 1578 de

60 1620 235 1686 Montelorti
260 1619 405 1685 eiusdem
423 1619 516 1684 Jun's
534 1615 649 1685 Ciuilis
672 1617 880 1684 Professores
896 1620 920 1685 J
923 1619 1034 1685 udices
1050 1619 1172 1704 Magne

60 1725 143 1792 (lune
166 1728 298 1807 Nostre,
324 1727 378 1792 cui
393 1747 494 1810 prees,
512 1725 597 1790 viros
614 1725 745 1807 quidem
761 1727 849 1792 clare
868 1727 1008 1792 scientie
1033 1733 1173 1813 noteque

57 1835 127 1918 fidei,
143 1844 174 1903 et
189 1837 367 1921 legalitatis
383 1841 540 1919 expertos,
557 1855 595 1900 ac
610 1835 644 1899 in
661 1835 797 1900 diuersis
813 1837 950 1918 puplicis
968 1837 1172 1922 priuatisque

57 1945 182 2028 negotijs
197 1943 435 2027 comprobatos,
452 1943 578 2008 etalios
595 1963 676 2026 quos
691 1943 845 2028 ydoneos,
854 1943 897 2008 ad
908 1943 968 2008 hoc
986 1949 1174 2028 oportunoa

56 2059 82 2116 et
103 2053 223 2119 habiles
249 2052 321 2116 iore
347 2051 547 2134 cognocens,
572 2071 747 2118 convocare
773 2074 811 2116 ac
842 2073 1022 2136 assumere,
1047 2053 1173 2137 tibique

56 2159 156 2225 naleas
178 2160 345 2240 adhibere,
369 2165 404 2224 rt
419 2180 481 2224 vna
500 2160 636 2224 cumeis
653 2159 705 2223 uel
724 2181 836 2225 corum
852 2160 928 2245 alijs
944 2160 1051 2244 possis
1068 2165 1173 2226 matu-

55 2268 113 2332 rius
128 2275 224 2350 otque
250 2266 430 2332 consultius
455 2266 630 2350 procedere
646 2267 689 2332 ad
704 2268 872 2352 premissa,
888 2290 927 2334 ac
949 2270 995 2333 eis
1012 2273 1171 2334 eteorum

55 2375 185 2456 cuilibet,
210 2378 266 2458 qui
292 2375 335 2440 ad
361 2373 575 2440 assistendum
592 2375 651 2440 tibi
668 2381 700 2440 et
716 2376 948 2442 consulendum
964 2377 1168 2459 conueniant,

55 2488 144 2564 prout
166 2489 199 2547 et
221 2481 354 2566 quando
371 2503 426 2546 eos
456 2481 669 2562 requirendos
702 2489 734 2547 et
759 2463 927 2549 uocandos
955 2483 1096 2564 duxeris,
1113 2483 1172 2549 sub

53 2611 127 2672 pena
137 2609 349 2674 personarum
359 2596 392 2654 et
400 2589 560 2655 bonorum
569 2589 714 2672 ipsorum
725 2592 867 2657 omnium
877 2590 1041 2656 mandare
1052 2590 1172 2674 ualens,
1247 2599 1249 2604 '

53 2697 190 2765 daremus
215 2697 403 2782 specialiter
419 2703 634 2782 potestatem3
660 2696 731 2763 Nos
756 2700 857 2783 igitur
891 2703 1173 2782 presuppcnentes
1271 2731 1275 2736 ·

53 2807 147 2874 zelum
160 2815 215 2874 tue
231 2806 417 2876 deuotionis
434 2811 466 2870 et
481 2804 558 2870 fidei
572 2805 819 2889 constantisque
832 2806 960 2890 justitie
975 2807 1008 2870 in
1025 2812 1083 2871 tua
1099 2826 1172 2889 per-

53 2938 121 2986 sona
146 2925 263 3004 aperta
288 2917 439 2984 claritate
456 2914 590 2998 pollere,
606 2920 639 2980 ct
655 2922 933 2998 presupponentes
952 2914 1101 2998 predicta
1117 2933 1175 2998 per

52 3035 79 3092 te
91 3031 193 3113 petita
202 3030 238 3094 in
247 3026 415 3093 meliorem
431 3031 559 3108 partem
569 3022 693 3106 cedere,
710 3029 808 3106 teque
825 3023 935 3092 omnia
950 3024 1013 3088 rite
1024 3028 1173 3087 acturum

53 3157 115 3202 cum
129 3137 255 3204 salubri
280 3134 415 3202 consilio
437 3132 675 3218 predictorum
691 3132 896 3198 concedimus
915 3139 1028 3198 tenore
1045 3151 1174 3216 presen-

53 3245 123 3310 tium
149 3245 189 3311 de
214 3248 308 3308 certa
331 3246 447 3306 nostra
473 3239 607 3306 scientia
632 3238 694 3303 tibi
709 3238 847 3305 liberam
862 3244 1067 3323 potestatem,
1084 3237 1172 3326 quod
1275 3243 1279 3248 “

52 3354 147 3434 possis
162 3351 339 3435 predictos,
350 3355 382 3414 ct
398 3348 479 3414 alios
496 3368 576 3430 quos
587 3346 718 3412 duxeris
729 3347 762 3411 in
773 3343 989 3413 Consiliarios
1005 3365 1171 3411 assumere

53 3478 84 3523 uc
106 3461 272 3538 adhibere,
297 3458 325 3522 si
342 3461 375 3522 et
391 3461 489 3540 prout
508 3455 570 3520 tibi
595 3454 758 3521 videbitur
773 3454 932 3537 expedire,
957 3455 1067 3538 eisque
1082 3475 1173 3518 man·

53 3565 121 3634 dare
138 3566 305 3652 subponis
322 3564 452 3646 eisdem,
467 3569 502 3629 vt
511 3563 574 3629 tibi
589 3562 838 3628 aduocationem
855 3583 912 3628 seu
928 3561 1175 3643 requisitionem

52 3681 131 3742 tuam
142 3699 239 3762 super
249 3676 314 3761 hijs
324 3672 494 3741 consulere
505 3694 544 3738 ao
555 3673 707 3738 assistere
718 3668 867 3752 debeant,
877 3677 977 3754 prout
991 3691 1050 3752 per
1060 3673 1092 3734 te
1108 3666 1176 3734 lue·

33 3785 110 3850 ¹rint
134 3785 292 3868 requisiti.
317 3781 443 3847 Datum
467 3779 610 3864 Neapoli
639 3801 697 3863 per
713 3776 909 3845 Adinulfum
936 3777 1118 3843 Cumanum
1135 3777 1174 3842 de

53 3889 184 3977 Neapoli
210 3897 271 3958 cto.
296 3909 380 3955 anno
405 3889 540 3956 Domini
556 3889 610 3954 M⁰
632 3887 734 3955 CCCo
750 3887 890 3956 XLVI⁰
908 3887 960 3953 die
977 3885 1171 3968 11H⁰Julij

53 3997 174 4066 ΧΙΠΙο
189 4000 363 4080 indicione,
379 3997 568 4080 Regnorum
583 4003 767 4063 nostrorum
784 4017 868 4061 anno
884 3995 988 4061 11110.

24 4123 26 4126 Ι
83 4164 115 4228 (A
129 4165 214 4230 »Bag
228 4163 379 4229 Angioiai«
394 4161 425 4212 B.
441 4161 791 4226 aaa.·z.1seg.Jonannae
806 4161 827 4210 Ι.
841 4159 993 4209 kdtettbtl.
1008 4162 1058 4206 200
1071 4157 1137 4221 lev.)

528 4446 687 4459 nnn-naaman·-
