<?xml version="1.0" encoding="UTF-8"?>
<!DOCTYPE html PUBLIC "-//W3C//DTD XHTML 1.0 Transitional//EN"
    "http://www.w3.org/TR/xhtml1/DTD/xhtml1-transitional.dtd">
<html xmlns="http://www.w3.org/1999/xhtml" xml:lang="en" lang="en">
 <head>
  <title>
</title>
<meta http-equiv="Content-Type" content="text/html;charset=utf-8" />
  <meta name='ocr-system' content='tesseract 3.04.00' />
  <meta name='ocr-capabilities' content='ocr_page ocr_carea ocr_par ocr_line ocrx_word'/>
</head>
<body>
  <div class='ocr_page' id='page_1' title='image "./magyardiplomacz01wenzgoog_0447.png"; bbox 0 0 3108 5246; ppageno 0'>
   <div class='ocr_carea' id='block_1_1' title="bbox 570 333 664 400">
    <p class='ocr_par' dir='ltr' id='par_1_1' title="bbox 570 333 664 400">
     <span class='ocr_line' id='line_1_1' title="bbox 570 333 664 400; baseline 0 0"><span class='ocrx_word' id='word_1_1' title='bbox 570 333 664 400; x_wconf 82' lang='lat'>1351.</span> 
     </span>
    </p>
   </div>
   <div class='ocr_carea' id='block_1_2' title="bbox 583 641 657 704">
    <p class='ocr_par' dir='ltr' id='par_1_2' title="bbox 583 641 657 704">
     <span class='ocr_line' id='line_1_2' title="bbox 583 641 657 704; baseline -0.014 -1"><span class='ocrx_word' id='word_1_2' title='bbox 583 641 657 704; x_wconf 88' lang='grc'><strong>339.</strong></span> 
     </span>
    </p>
   </div>
   <div class='ocr_carea' id='block_1_3' title="bbox 2 799 1182 975">
    <p class='ocr_par' dir='ltr' id='par_1_3' title="bbox 2 799 1182 975">
     <span class='ocr_line' id='line_1_3' title="bbox 2 799 1182 901; baseline 0.002 -35"><span class='ocrx_word' id='word_1_3' title='bbox 2 800 9 901; x_wconf 58' lang='grc' dir='ltr'>ξ</span> <span class='ocrx_word' id='word_1_4' title='bbox 60 801 193 866; x_wconf 68' lang='lat' dir='ltr'>Erecthei</span> <span class='ocrx_word' id='word_1_5' title='bbox 209 821 354 889; x_wconf 72' lang='lat' dir='ltr'>mopyor</span> <span class='ocrx_word' id='word_1_6' title='bbox 368 800 684 888; x_wconf 77' lang='lat' dir='ltr'>anpokirdlyae&#39;aok</span> <span class='ocrx_word' id='word_1_7' title='bbox 700 826 723 866; x_wconf 86' lang='lat' dir='ltr'><strong><em>a</em></strong></span> <span class='ocrx_word' id='word_1_8' title='bbox 735 799 884 868; x_wconf 82' lang='lat' dir='ltr'>oelenczcc‘</span> <span class='ocrx_word' id='word_1_9' title='bbox 896 803 1182 890; x_wconf 80' lang='lat' dir='ltr'>kormdnytana&#39;ee.</span> 
     </span>
     <span class='ocr_line' id='line_1_4' title="bbox 585 911 682 975; baseline -0.01 0"><span class='ocrx_word' id='word_1_10' title='bbox 585 911 682 975; x_wconf 82' lang='lat'><strong><em>1351.</em></strong></span> 
     </span>
    </p>
   </div>
   <div class='ocr_carea' id='block_1_4' title="bbox 0 1067 1187 2235">
    <p class='ocr_par' dir='ltr' id='par_1_4' title="bbox 0 1067 1187 2235">
     <span class='ocr_line' id='line_1_5' title="bbox 155 1067 1184 1154; baseline 0.001 -19"><span class='ocrx_word' id='word_1_11' title='bbox 155 1067 254 1135; x_wconf 83' lang='lat' dir='ltr'>Anno</span> <span class='ocrx_word' id='word_1_12' title='bbox 290 1067 458 1137; x_wconf 80' lang='lat' dir='ltr'>MOOOL.</span> <span class='ocrx_word' id='word_1_13' title='bbox 491 1069 544 1136; x_wconf 90' lang='lat' dir='ltr'>die</span> <span class='ocrx_word' id='word_1_14' title='bbox 570 1069 683 1154; x_wconf 90' lang='lat' dir='ltr'>quinto</span> <span class='ocrx_word' id='word_1_15' title='bbox 699 1068 906 1136; x_wconf 87' lang='lat' dir='ltr'>Novembris.</span> <span class='ocrx_word' id='word_1_16' title='bbox 932 1067 1058 1153; x_wconf 81' lang='lat' dir='ltr'>Capta:</span> <span class='ocrx_word' id='word_1_17' title='bbox 1086 1069 1184 1154; x_wconf 83' lang='lat' dir='ltr'>Quod</span> 
     </span>
     <span class='ocr_line' id='line_1_6' title="bbox 62 1177 1184 1264; baseline -0.001 -21"><span class='ocrx_word' id='word_1_18' title='bbox 62 1179 99 1244; x_wconf 86' lang='lat' dir='ltr'>ad</span> <span class='ocrx_word' id='word_1_19' title='bbox 113 1178 237 1244; x_wconf 78' lang='lat' dir='ltr'>litteras</span> <span class='ocrx_word' id='word_1_20' title='bbox 254 1179 386 1246; x_wconf 91' lang='lat' dir='ltr'>domine</span> <span class='ocrx_word' id='word_1_21' title='bbox 404 1177 530 1264; x_wconf 80' lang='lat' dir='ltr'>Regius</span> <span class='ocrx_word' id='word_1_22' title='bbox 546 1177 719 1264; x_wconf 83' lang='lat' dir='ltr'>Hungarie</span> <span class='ocrx_word' id='word_1_23' title='bbox 734 1177 981 1263; x_wconf 77' lang='lat' dir='ltr'>respondeatur,</span> <span class='ocrx_word' id='word_1_24' title='bbox 997 1178 1085 1263; x_wconf 91' lang='lat' dir='ltr'>quod</span> <span class='ocrx_word' id='word_1_25' title='bbox 1103 1177 1184 1244; x_wconf 92' lang='lat' dir='ltr'>mul-</span> 
     </span>
     <span class='ocr_line' id='line_1_7' title="bbox 2 1285 1184 1372; baseline 0.002 -20"><span class='ocrx_word' id='word_1_26' title='bbox 2 1317 3 1326; x_wconf 46' lang='lat'><em>*</em></span> <span class='ocrx_word' id='word_1_27' title='bbox 60 1293 121 1352; x_wconf 89' lang='lat' dir='ltr'>tum</span> <span class='ocrx_word' id='word_1_28' title='bbox 143 1287 251 1370; x_wconf 84' lang='lat' dir='ltr'>placet</span> <span class='ocrx_word' id='word_1_29' title='bbox 277 1288 372 1355; x_wconf 88' lang='lat' dir='ltr'>nobis</span> <span class='ocrx_word' id='word_1_30' title='bbox 395 1295 428 1353; x_wconf 86' lang='lat' dir='ltr'>et</span> <span class='ocrx_word' id='word_1_31' title='bbox 451 1286 620 1354; x_wconf 84' lang='lat' dir='ltr'>reddimur</span> <span class='ocrx_word' id='word_1_32' title='bbox 645 1287 815 1370; x_wconf 86' lang='lat' dir='ltr'>consolati,</span> <span class='ocrx_word' id='word_1_33' title='bbox 840 1288 927 1372; x_wconf 93' lang='lat' dir='ltr'>quod</span> <span class='ocrx_word' id='word_1_34' title='bbox 946 1285 1184 1356; x_wconf 71' lang='lat' dir='ltr'>serenissimus</span> 
     </span>
     <span class='ocr_line' id='line_1_8' title="bbox 59 1387 1185 1478; baseline 0.001 -20"><span class='ocrx_word' id='word_1_35' title='bbox 59 1393 197 1460; x_wconf 86' lang='lat' dir='ltr'>dominns</span> <span class='ocrx_word' id='word_1_36' title='bbox 221 1393 299 1462; x_wconf 80' lang='lat' dir='ltr'>Rex</span> <span class='ocrx_word' id='word_1_37' title='bbox 326 1401 423 1462; x_wconf 85' lang='lat' dir='ltr'>natus</span> <span class='ocrx_word' id='word_1_38' title='bbox 449 1395 519 1463; x_wconf 86' lang='lat' dir='ltr'>sius</span> <span class='ocrx_word' id='word_1_39' title='bbox 543 1397 578 1461; x_wconf 93' lang='lat' dir='ltr'>in</span> <span class='ocrx_word' id='word_1_40' title='bbox 604 1387 757 1478; x_wconf 77' lang='lat' dir='ltr'>Regnum</span> <span class='ocrx_word' id='word_1_41' title='bbox 772 1417 845 1461; x_wconf 92' lang='lat' dir='ltr'>cum</span> <span class='ocrx_word' id='word_1_42' title='bbox 861 1394 968 1462; x_wconf 82' lang='lat' dir='ltr'>solute</span> <span class='ocrx_word' id='word_1_43' title='bbox 982 1394 1129 1475; x_wconf 86' lang='lat' dir='ltr'>redierit,</span> <span class='ocrx_word' id='word_1_44' title='bbox 1145 1395 1185 1460; x_wconf 91' lang='lat' dir='ltr'>de</span> 
     </span>
     <span class='ocr_line' id='line_1_9' title="bbox 60 1501 1183 1588; baseline -0.001 -20"><span class='ocrx_word' id='word_1_45' title='bbox 60 1503 139 1568; x_wconf 87' lang='lat' dir='ltr'>cuins</span> <span class='ocrx_word' id='word_1_46' title='bbox 153 1503 348 1583; x_wconf 80' lang='lat' dir='ltr'>honoribus,</span> <span class='ocrx_word' id='word_1_47' title='bbox 373 1502 480 1569; x_wconf 82' lang='lat' dir='ltr'>solute</span> <span class='ocrx_word' id='word_1_48' title='bbox 497 1507 532 1569; x_wconf 86' lang='lat' dir='ltr'>et</span> <span class='ocrx_word' id='word_1_49' title='bbox 547 1502 749 1570; x_wconf 82' lang='lat' dir='ltr'>successibus</span> <span class='ocrx_word' id='word_1_50' title='bbox 763 1501 926 1584; x_wconf 81' lang='lat' dir='ltr'>felicibus,</span> <span class='ocrx_word' id='word_1_51' title='bbox 951 1509 1111 1586; x_wconf 85' lang='lat' dir='ltr'>tanquam</span> <span class='ocrx_word' id='word_1_52' title='bbox 1127 1503 1183 1588; x_wconf 89' lang='lat' dir='ltr'>qui</span> 
     </span>
     <span class='ocr_line' id='line_1_10' title="bbox 10 1609 1185 1698; baseline 0.002 -24"><span class='ocrx_word' id='word_1_53' title='bbox 10 1690 15 1698; x_wconf 25' lang='grc' dir='ltr'><em>η</em></span> <span class='ocrx_word' id='word_1_54' title='bbox 60 1609 272 1676; x_wconf 70' lang='lat' dir='ltr'>sinceritatem</span> <span class='ocrx_word' id='word_1_55' title='bbox 289 1616 324 1677; x_wconf 90' lang='lat' dir='ltr'>et</span> <span class='ocrx_word' id='word_1_56' title='bbox 338 1609 590 1676; x_wconf 86' lang='lat' dir='ltr'>benivolentiam</span> <span class='ocrx_word' id='word_1_57' title='bbox 605 1631 680 1677; x_wconf 90' lang='lat' dir='ltr'>cnm</span> <span class='ocrx_word' id='word_1_58' title='bbox 689 1611 748 1676; x_wconf 94' lang='lat' dir='ltr'>illo</span> <span class='ocrx_word' id='word_1_59' title='bbox 763 1616 910 1676; x_wconf 84' lang='lat' dir='ltr'>tenemus</span> <span class='ocrx_word' id='word_1_60' title='bbox 926 1617 960 1675; x_wconf 88' lang='lat' dir='ltr'>ct</span> <span class='ocrx_word' id='word_1_61' title='bbox 974 1616 1086 1676; x_wconf 88' lang='lat' dir='ltr'>tenere</span> <span class='ocrx_word' id='word_1_62' title='bbox 1103 1631 1185 1676; x_wconf 89' lang='lat' dir='ltr'>sem·</span> 
     </span>
     <span class='ocr_line' id='line_1_11' title="bbox 59 1717 1183 1802; baseline -0.004 -14"><span class='ocrx_word' id='word_1_63' title='bbox 59 1737 109 1800; x_wconf 84' lang='lat' dir='ltr'>per</span> <span class='ocrx_word' id='word_1_64' title='bbox 129 1718 344 1802; x_wconf 68' lang='lat' dir='ltr'>intendimus</span> <span class='ocrx_word' id='word_1_65' title='bbox 369 1719 584 1786; x_wconf 79' lang='lat' dir='ltr'>consolamur.</span> <span class='ocrx_word' id='word_1_66' title='bbox 609 1717 667 1786; x_wconf 87' lang='lat' dir='ltr'>Ad</span> <span class='ocrx_word' id='word_1_67' title='bbox 691 1718 915 1786; x_wconf 82' lang='lat' dir='ltr'>Ambaxatam</span> <span class='ocrx_word' id='word_1_68' title='bbox 941 1737 1019 1785; x_wconf 84' lang='lat' dir='ltr'>vero</span> <span class='ocrx_word' id='word_1_69' title='bbox 1046 1718 1183 1798; x_wconf 88' lang='lat' dir='ltr'>dicatur,</span> 
     </span>
     <span class='ocr_line' id='line_1_12' title="bbox 61 1825 1185 1911; baseline 0.005 -23"><span class='ocrx_word' id='word_1_70' title='bbox 61 1825 139 1906; x_wconf 89' lang='lat' dir='ltr'>quod</span> <span class='ocrx_word' id='word_1_71' title='bbox 153 1825 196 1891; x_wconf 82' lang='lat' dir='ltr'>ed</span> <span class='ocrx_word' id='word_1_72' title='bbox 212 1847 350 1911; x_wconf 88' lang='lat' dir='ltr'>presens</span> <span class='ocrx_word' id='word_1_73' title='bbox 366 1847 432 1892; x_wconf 91' lang='lat' dir='ltr'>non</span> <span class='ocrx_word' id='word_1_74' title='bbox 446 1826 649 1893; x_wconf 83' lang='lat' dir='ltr'>mitteremus</span> <span class='ocrx_word' id='word_1_75' title='bbox 665 1825 790 1893; x_wconf 82' lang='lat' dir='ltr'>nobiles</span> <span class='ocrx_word' id='word_1_76' title='bbox 808 1827 895 1892; x_wconf 84' lang='lat' dir='ltr'>cives</span> <span class='ocrx_word' id='word_1_77' title='bbox 910 1833 1041 1893; x_wconf 87' lang='lat' dir='ltr'>nostros</span> <span class='ocrx_word' id='word_1_78' title='bbox 1057 1825 1100 1893; x_wconf 87' lang='lat' dir='ltr'>ed</span> <span class='ocrx_word' id='word_1_79' title='bbox 1116 1832 1185 1894; x_wconf 79' lang='lat' dir='ltr'>tum</span> 
     </span>
     <span class='ocr_line' id='line_1_13' title="bbox 60 1931 1186 2020; baseline 0.005 -25"><span class='ocrx_word' id='word_1_80' title='bbox 60 1931 179 2017; x_wconf 77' lang='lat' dir='ltr'>longum</span> <span class='ocrx_word' id='word_1_81' title='bbox 204 1941 240 2002; x_wconf 91' lang='lat' dir='ltr'>et</span> <span class='ocrx_word' id='word_1_82' title='bbox 265 1957 364 2019; x_wconf 79' lang='lat' dir='ltr'>grave</span> <span class='ocrx_word' id='word_1_83' title='bbox 389 1935 533 2019; x_wconf 78' lang='lat' dir='ltr'>riagium</span> <span class='ocrx_word' id='word_1_84' title='bbox 556 1940 691 2020; x_wconf 89' lang='lat' dir='ltr'>propter</span> <span class='ocrx_word' id='word_1_85' title='bbox 707 1934 841 2000; x_wconf 85' lang='lat' dir='ltr'>sinistra</span> <span class='ocrx_word' id='word_1_86' title='bbox 858 1941 891 2001; x_wconf 86' lang='lat' dir='ltr'>et</span> <span class='ocrx_word' id='word_1_87' title='bbox 907 1933 1091 2018; x_wconf 79' lang='lat' dir='ltr'>pericrdosa</span> <span class='ocrx_word' id='word_1_88' title='bbox 1106 1939 1186 2001; x_wconf 88' lang='lat' dir='ltr'>tem·</span> 
     </span>
     <span class='ocr_line' id='line_1_14' title="bbox 60 2041 1187 2128; baseline 0.005 -24"><span class='ocrx_word' id='word_1_89' title='bbox 60 2059 134 2121; x_wconf 89' lang='lat' dir='ltr'>pora</span> <span class='ocrx_word' id='word_1_90' title='bbox 156 2044 338 2126; x_wconf 79' lang='lat' dir='ltr'>regnsnoia</span> <span class='ocrx_word' id='word_1_91' title='bbox 363 2043 478 2128; x_wconf 83' lang='lat' dir='ltr'>hyeme</span> <span class='ocrx_word' id='word_1_92' title='bbox 503 2045 658 2126; x_wconf 89' lang='lat' dir='ltr'>presenti.</span> <span class='ocrx_word' id='word_1_93' title='bbox 685 2041 808 2112; x_wconf 88' lang='lat' dir='ltr'>Verum</span> <span class='ocrx_word' id='word_1_94' title='bbox 833 2043 947 2110; x_wconf 86' lang='lat' dir='ltr'>estatis</span> <span class='ocrx_word' id='word_1_95' title='bbox 962 2063 1049 2110; x_wconf 91' lang='lat' dir='ltr'>nunc</span> <span class='ocrx_word' id='word_1_96' title='bbox 1062 2043 1187 2110; x_wconf 83' lang='lat' dir='ltr'>instan-</span> 
     </span>
     <span class='ocr_line' id='line_1_15' title="bbox 0 2146 754 2235; baseline 0.005 -24"><span class='ocrx_word' id='word_1_97' title='bbox 0 2191 1 2194; x_wconf 63' lang='lat'>,</span> <span class='ocrx_word' id='word_1_98' title='bbox 59 2146 96 2211; x_wconf 88' lang='lat' dir='ltr'>tis</span> <span class='ocrx_word' id='word_1_99' title='bbox 109 2153 254 2235; x_wconf 89' lang='lat' dir='ltr'>tempore</span> <span class='ocrx_word' id='word_1_100' title='bbox 270 2151 422 2217; x_wconf 82' lang='lat' dir='ltr'>veniente</span> <span class='ocrx_word' id='word_1_101' title='bbox 437 2151 560 2234; x_wconf 91' lang='lat' dir='ltr'>poterit</span> <span class='ocrx_word' id='word_1_102' title='bbox 571 2151 754 2235; x_wconf 87' lang='lat' dir='ltr'>providere.</span> 
     </span>
    </p>
   </div>
   <div class='ocr_carea' id='block_1_5' title="bbox 1 2269 1065 2358">
    <p class='ocr_par' dir='ltr' id='par_1_5' title="bbox 1 2269 1065 2358">
     <span class='ocr_line' id='line_1_16' title="bbox 1 2269 1065 2358; baseline -0.008 -7"><span class='ocrx_word' id='word_1_103' title='bbox 1 2342 2 2351; x_wconf 72' lang='grc'>,</span> <span class='ocrx_word' id='word_1_104' title='bbox 85 2269 87 2274; x_wconf 67' lang='grc'><em>’</em></span> <span class='ocrx_word' id='word_1_105' title='bbox 167 2293 201 2356; x_wconf 76' lang='lat' dir='ltr'>(a</span> <span class='ocrx_word' id='word_1_106' title='bbox 217 2295 330 2346; x_wconf 71' lang='lat' dir='ltr'>›usti‹</span> <span class='ocrx_word' id='word_1_107' title='bbox 345 2293 898 2358; x_wconf 66' lang='lat' dir='ltr'>czrmrveunezersinnincuyvxxvr.</span> <span class='ocrx_word' id='word_1_108' title='bbox 912 2292 1065 2358; x_wconf 70' lang='lat' dir='ltr'>necessu)</span> 
     </span>
    </p>
   </div>
   <div class='ocr_carea' id='block_1_6' title="bbox 540 2436 700 2447">
    <p class='ocr_par' dir='ltr' id='par_1_6' title="bbox 540 2436 700 2447">
     <span class='ocr_line' id='line_1_17' title="bbox 540 2436 700 2447; baseline 0 -1"><span class='ocrx_word' id='word_1_109' title='bbox 540 2439 614 2447; x_wconf 57' lang='grc' dir='ltr'>..ο-ι</span> <span class='ocrx_word' id='word_1_110' title='bbox 625 2439 630 2443; x_wconf 88' lang='grc'>-</span> <span class='ocrx_word' id='word_1_111' title='bbox 643 2436 700 2446; x_wconf 70' lang='lat'>›..-··=</span> 
     </span>
    </p>
   </div>
   <div class='ocr_carea' id='block_1_7' title="bbox 584 2600 658 2663">
    <p class='ocr_par' dir='ltr' id='par_1_7' title="bbox 584 2600 658 2663">
     <span class='ocr_line' id='line_1_18' title="bbox 584 2600 658 2663; baseline -0.014 0"><span class='ocrx_word' id='word_1_112' title='bbox 584 2600 658 2663; x_wconf 88' lang='lat'>340.</span> 
     </span>
    </p>
   </div>
   <div class='ocr_carea' id='block_1_8' title="bbox 1 2739 1187 3066">
    <p class='ocr_par' dir='ltr' id='par_1_8' title="bbox 1 2739 1187 3066">
     <span class='ocr_line' id='line_1_19' title="bbox 61 2739 1187 2850; baseline 0.004 -28"><span class='ocrx_word' id='word_1_113' title='bbox 61 2739 158 2826; x_wconf 79' lang='lat' dir='ltr'>Jdnos</span> <span class='ocrx_word' id='word_1_114' title='bbox 173 2761 354 2848; x_wconf 77' lang='lat' dir='ltr'>oerzpro&#39;mi</span> <span class='ocrx_word' id='word_1_115' title='bbox 368 2761 497 2847; x_wconf 80' lang='lat' dir='ltr'>pttrpo&#39;k</span> <span class='ocrx_word' id='word_1_116' title='bbox 520 2763 553 2826; x_wconf 76' lang='lat' dir='ltr'>ta</span> <span class='ocrx_word' id='word_1_117' title='bbox 573 2760 707 2847; x_wconf 84' lang='lat' dir='ltr'>Volfort</span> <span class='ocrx_word' id='word_1_118' title='bbox 726 2762 825 2827; x_wconf 78' lang='lat' dir='ltr'>Utrik</span> <span class='ocrx_word' id='word_1_119' title='bbox 841 2762 1024 2850; x_wconf 75' lang='lat' dir='ltr'>oaumepyei</span> <span class='ocrx_word' id='word_1_120' title='bbox 1032 2760 1187 2848; x_wconf 80' lang='lat' dir='ltr'>fdiepdn,</span> 
     </span>
     <span class='ocr_line' id='line_1_20' title="bbox 1 2866 1186 2958; baseline 0.008 -30"><span class='ocrx_word' id='word_1_121' title='bbox 1 2876 2 2947; x_wconf 74' lang='lat' dir='ltr'>s</span> <span class='ocrx_word' id='word_1_122' title='bbox 63 2866 138 2932; x_wconf 83' lang='lat' dir='ltr'>mint</span> <span class='ocrx_word' id='word_1_123' title='bbox 152 2869 181 2933; x_wconf 93' lang='grc' dir='ltr'>Ι.</span> <span class='ocrx_word' id='word_1_124' title='bbox 199 2871 303 2956; x_wconf 76' lang='lat' dir='ltr'>Lajoo</span> <span class='ocrx_word' id='word_1_125' title='bbox 318 2889 460 2957; x_wconf 70' lang='lat' dir='ltr'>mappae</span> <span class='ocrx_word' id='word_1_126' title='bbox 482 2869 662 2956; x_wconf 77' lang='lat' dir='ltr'>kirclynat</span> <span class='ocrx_word' id='word_1_127' title='bbox 680 2869 800 2936; x_wconf 73' lang='lat' dir='ltr'>lovere·</span> <span class='ocrx_word' id='word_1_128' title='bbox 814 2869 1033 2958; x_wconf 76' lang='lat' dir='ltr'>Aoipoonban</span> <span class='ocrx_word' id='word_1_129' title='bbox 1053 2870 1108 2936; x_wconf 89' lang='lat' dir='ltr'>VI.</span> <span class='ocrx_word' id='word_1_130' title='bbox 1125 2871 1186 2937; x_wconf 87' lang='lat' dir='ltr'>Ke-</span> 
     </span>
     <span class='ocr_line' id='line_1_21' title="bbox 1 2973 809 3066; baseline 0 -26"><span class='ocrx_word' id='word_1_131' title='bbox 1 2973 2 3028; x_wconf 62' lang='lat' dir='ltr'>i</span> <span class='ocrx_word' id='word_1_132' title='bbox 423 2976 524 3042; x_wconf 81' lang='lat' dir='ltr'>lemen</span> <span class='ocrx_word' id='word_1_133' title='bbox 534 2977 697 3066; x_wconf 73' lang='lat' dir='ltr'>pdprincil.</span> <span class='ocrx_word' id='word_1_134' title='bbox 714 2980 809 3044; x_wconf 79' lang='lat'><em>1352.</em></span> 
     </span>
    </p>
   </div>
   <div class='ocr_carea' id='block_1_9' title="bbox 1 3132 1188 4614">
    <p class='ocr_par' dir='ltr' id='par_1_9' title="bbox 1 3132 1188 3437">
     <span class='ocr_line' id='line_1_22' title="bbox 1 3132 1186 3226; baseline 0.004 -27"><span class='ocrx_word' id='word_1_135' title='bbox 1 3223 2 3226; x_wconf 8' lang='grc' dir='ltr'><strong>Ἴ</strong></span> <span class='ocrx_word' id='word_1_136' title='bbox 159 3132 314 3202; x_wconf 79' lang='lat' dir='ltr'>Clemens</span> <span class='ocrx_word' id='word_1_137' title='bbox 339 3137 522 3221; x_wconf 79' lang='lat' dir='ltr'>Episcopus</span> <span class='ocrx_word' id='word_1_138' title='bbox 548 3143 607 3202; x_wconf 84' lang='lat' dir='ltr'>eto.</span> <span class='ocrx_word' id='word_1_139' title='bbox 633 3137 804 3205; x_wconf 85' lang='lat' dir='ltr'>carissimo</span> <span class='ocrx_word' id='word_1_140' title='bbox 828 3139 862 3204; x_wconf 93' lang='lat' dir='ltr'>in</span> <span class='ocrx_word' id='word_1_141' title='bbox 886 3136 1020 3206; x_wconf 83' lang='lat' dir='ltr'>Christo</span> <span class='ocrx_word' id='word_1_142' title='bbox 1038 3137 1106 3206; x_wconf 88' lang='lat' dir='ltr'>filio</span> <span class='ocrx_word' id='word_1_143' title='bbox 1121 3136 1186 3204; x_wconf 91' lang='lat' dir='ltr'>Lu·</span> 
     </span>
     <span class='ocr_line' id='line_1_23' title="bbox 1 3236 1186 3330; baseline 0.008 -29"><span class='ocrx_word' id='word_1_144' title='bbox 1 3239 2 3246; x_wconf 77' lang='grc'>’</span> <span class='ocrx_word' id='word_1_145' title='bbox 65 3236 166 3308; x_wconf 80' lang='lat' dir='ltr'>dorico</span> <span class='ocrx_word' id='word_1_146' title='bbox 190 3243 279 3327; x_wconf 79' lang='lat' dir='ltr'>Regi</span> <span class='ocrx_word' id='word_1_147' title='bbox 304 3240 453 3328; x_wconf 79' lang='lat' dir='ltr'>Vugarie</span> <span class='ocrx_word' id='word_1_148' title='bbox 477 3244 599 3310; x_wconf 88' lang='lat' dir='ltr'>illustri</span> <span class='ocrx_word' id='word_1_149' title='bbox 623 3246 762 3312; x_wconf 85' lang='lat' dir='ltr'>salutem</span> <span class='ocrx_word' id='word_1_150' title='bbox 777 3252 838 3312; x_wconf 84' lang='lat' dir='ltr'>etc.</span> <span class='ocrx_word' id='word_1_151' title='bbox 852 3243 1068 3314; x_wconf 87' lang='lat' dir='ltr'>Venientibus</span> <span class='ocrx_word' id='word_1_152' title='bbox 1083 3267 1186 3330; x_wconf 88' lang='lat' dir='ltr'>nuper</span> 
     </span>
     <span class='ocr_line' id='line_1_24' title="bbox 1 3347 1188 3437; baseline 0.007 -27"><span class='ocrx_word' id='word_1_153' title='bbox 1 3355 2 3372; x_wconf 66' lang='lat'>¹</span> <span class='ocrx_word' id='word_1_154' title='bbox 64 3347 101 3410; x_wconf 85' lang='lat' dir='ltr'>ad</span> <span class='ocrx_word' id='word_1_155' title='bbox 115 3349 313 3431; x_wconf 86' lang='lat' dir='ltr'>presentiam</span> <span class='ocrx_word' id='word_1_156' title='bbox 328 3357 475 3417; x_wconf 86' lang='lat' dir='ltr'>nostram</span> <span class='ocrx_word' id='word_1_157' title='bbox 492 3351 670 3418; x_wconf 84' lang='lat' dir='ltr'>venerabili</span> <span class='ocrx_word' id='word_1_158' title='bbox 688 3353 787 3419; x_wconf 87' lang='lat' dir='ltr'>fratre</span> <span class='ocrx_word' id='word_1_159' title='bbox 798 3358 908 3420; x_wconf 88' lang='lat' dir='ltr'>nostro</span> <span class='ocrx_word' id='word_1_160' title='bbox 925 3353 949 3418; x_wconf 82' lang='lat' dir='ltr'><strong>J</strong></span> <span class='ocrx_word' id='word_1_161' title='bbox 951 3352 1078 3419; x_wconf 90' lang='lat' dir='ltr'>ohanne</span> <span class='ocrx_word' id='word_1_162' title='bbox 1093 3351 1188 3437; x_wconf 84' lang='lat' dir='ltr'>Epis-</span> 
     </span>
    </p>

    <p class='ocr_par' dir='ltr' id='par_1_10' title="bbox 64 3453 1182 3541">
     <span class='ocr_line' id='line_1_25' title="bbox 64 3453 1182 3541; baseline 0.008 -25"><span class='ocrx_word' id='word_1_163' title='bbox 64 3471 135 3537; x_wconf 88' lang='lat' dir='ltr'>copo</span> <span class='ocrx_word' id='word_1_164' title='bbox 149 3453 397 3541; x_wconf 84' lang='lat' dir='ltr'>Vesprimiensi,</span> <span class='ocrx_word' id='word_1_165' title='bbox 412 3465 445 3524; x_wconf 86' lang='lat' dir='ltr'>et</span> <span class='ocrx_word' id='word_1_166' title='bbox 467 3457 587 3524; x_wconf 89' lang='lat' dir='ltr'>dilecto</span> <span class='ocrx_word' id='word_1_167' title='bbox 604 3457 672 3524; x_wconf 89' lang='lat' dir='ltr'>filio</span> <span class='ocrx_word' id='word_1_168' title='bbox 689 3459 793 3526; x_wconf 90' lang='lat' dir='ltr'>nobili</span> <span class='ocrx_word' id='word_1_169' title='bbox 809 3461 878 3525; x_wconf 85' lang='lat' dir='ltr'>viro</span> <span class='ocrx_word' id='word_1_170' title='bbox 904 3457 1019 3528; x_wconf 89' lang='lat' dir='ltr'>Vlrico</span> <span class='ocrx_word' id='word_1_171' title='bbox 1035 3460 1076 3526; x_wconf 90' lang='lat' dir='ltr'>dc</span> <span class='ocrx_word' id='word_1_172' title='bbox 1092 3461 1182 3530; x_wconf 91' lang='lat' dir='ltr'>Wol-</span> 
     </span>
    </p>

    <p class='ocr_par' dir='ltr' id='par_1_11' title="bbox 1 3556 1188 4614">
     <span class='ocr_line' id='line_1_26' title="bbox 64 3556 1186 3650; baseline 0.01 -29"><span class='ocrx_word' id='word_1_173' title='bbox 64 3556 129 3626; x_wconf 83' lang='lat' dir='ltr'>ford</span> <span class='ocrx_word' id='word_1_174' title='bbox 154 3561 283 3630; x_wconf 80' lang='lat' dir='ltr'>Gemite</span> <span class='ocrx_word' id='word_1_175' title='bbox 306 3562 417 3630; x_wconf 82' lang='lat' dir='ltr'>Castri</span> <span class='ocrx_word' id='word_1_176' title='bbox 440 3565 555 3630; x_wconf 82' lang='lat' dir='ltr'>Ferrei</span> <span class='ocrx_word' id='word_1_177' title='bbox 570 3565 711 3650; x_wconf 85' lang='lat' dir='ltr'>Nunoijs</span> <span class='ocrx_word' id='word_1_178' title='bbox 726 3567 801 3646; x_wconf 87' lang='lat' dir='ltr'>tuis,</span> <span class='ocrx_word' id='word_1_179' title='bbox 818 3587 901 3650; x_wconf 86' lang='lat' dir='ltr'>quos</span> <span class='ocrx_word' id='word_1_180' title='bbox 917 3572 950 3632; x_wconf 89' lang='lat' dir='ltr'>et</span> <span class='ocrx_word' id='word_1_181' title='bbox 965 3566 1094 3634; x_wconf 80' lang='lat' dir='ltr'>litteras</span> <span class='ocrx_word' id='word_1_182' title='bbox 1109 3573 1186 3636; x_wconf 86' lang='lat' dir='ltr'>tuas</span> 
     </span>
     <span class='ocr_line' id='line_1_27' title="bbox 43 3667 1187 3759; baseline 0.009 -29"><span class='ocrx_word' id='word_1_183' title='bbox 43 3676 48 3688; x_wconf 92' lang='lat'>&#39;</span> <span class='ocrx_word' id='word_1_184' title='bbox 65 3667 149 3736; x_wconf 87' lang='lat' dir='ltr'>uobis</span> <span class='ocrx_word' id='word_1_185' title='bbox 173 3671 336 3738; x_wconf 87' lang='lat' dir='ltr'>exhibitas</span> <span class='ocrx_word' id='word_1_186' title='bbox 362 3695 420 3757; x_wconf 92' lang='lat' dir='ltr'>per</span> <span class='ocrx_word' id='word_1_187' title='bbox 435 3672 565 3738; x_wconf 90' lang='lat' dir='ltr'>eosdem</span> <span class='ocrx_word' id='word_1_188' title='bbox 580 3674 854 3759; x_wconf 84' lang='lat' dir='ltr'>contomplatione</span> <span class='ocrx_word' id='word_1_189' title='bbox 870 3681 928 3741; x_wconf 83' lang='lat' dir='ltr'>tua</span> <span class='ocrx_word' id='word_1_190' title='bbox 944 3675 1083 3759; x_wconf 81' lang='lat' dir='ltr'>benigne</span> <span class='ocrx_word' id='word_1_191' title='bbox 1100 3697 1187 3742; x_wconf 88' lang='lat' dir='ltr'>rece-</span> 
     </span>
     <span class='ocr_line' id='line_1_28' title="bbox 1 3775 1187 3883; baseline 0.008 -45"><span class='ocrx_word' id='word_1_192' title='bbox 1 3812 2 3883; x_wconf 32' lang='lat'>,</span> <span class='ocrx_word' id='word_1_193' title='bbox 66 3775 171 3861; x_wconf 89' lang='lat' dir='ltr'>pimus,</span> <span class='ocrx_word' id='word_1_194' title='bbox 197 3786 233 3847; x_wconf 90' lang='lat' dir='ltr'>et</span> <span class='ocrx_word' id='word_1_195' title='bbox 258 3802 319 3864; x_wconf 91' lang='lat' dir='ltr'>que</span> <span class='ocrx_word' id='word_1_196' title='bbox 344 3781 408 3866; x_wconf 86' lang='lat' dir='ltr'>ipsi</span> <span class='ocrx_word' id='word_1_197' title='bbox 424 3779 545 3867; x_wconf 89' lang='lat' dir='ltr'>Nunoij</span> <span class='ocrx_word' id='word_1_198' title='bbox 564 3781 657 3849; x_wconf 90' lang='lat' dir='ltr'>nobis</span> <span class='ocrx_word' id='word_1_199' title='bbox 673 3805 732 3867; x_wconf 93' lang='lat' dir='ltr'>pro</span> <span class='ocrx_word' id='word_1_200' title='bbox 749 3789 844 3867; x_wconf 86' lang='lat' dir='ltr'>parte</span> <span class='ocrx_word' id='word_1_201' title='bbox 860 3781 1100 3865; x_wconf 83' lang='lat' dir='ltr'>Magnitudinis</span> <span class='ocrx_word' id='word_1_202' title='bbox 1117 3780 1187 3847; x_wconf 79' lang='lat' dir='ltr'>Tus</span> 
     </span>
     <span class='ocr_line' id='line_1_29' title="bbox 1 3884 1187 3975; baseline 0.009 -30"><span class='ocrx_word' id='word_1_203' title='bbox 1 3886 2 3918; x_wconf 66' lang='lat'>³</span> <span class='ocrx_word' id='word_1_204' title='bbox 66 3884 129 3950; x_wconf 84' lang='lat' dir='ltr'>riue</span> <span class='ocrx_word' id='word_1_205' title='bbox 143 3888 231 3954; x_wconf 77' lang='lat' dir='ltr'>vocis</span> <span class='ocrx_word' id='word_1_206' title='bbox 247 3889 430 3954; x_wconf 86' lang='lat' dir='ltr'>ministerio</span> <span class='ocrx_word' id='word_1_207' title='bbox 440 3889 619 3973; x_wconf 88' lang='lat' dir='ltr'>prudenter</span> <span class='ocrx_word' id='word_1_208' title='bbox 629 3897 662 3956; x_wconf 85' lang='lat' dir='ltr'>et</span> <span class='ocrx_word' id='word_1_209' title='bbox 671 3891 808 3975; x_wconf 90' lang='lat' dir='ltr'>prouidc</span> <span class='ocrx_word' id='word_1_210' title='bbox 819 3890 1013 3972; x_wconf 87' lang='lat' dir='ltr'>retulerunt,</span> <span class='ocrx_word' id='word_1_211' title='bbox 1025 3895 1059 3956; x_wconf 87' lang='lat' dir='ltr'>et</span> <span class='ocrx_word' id='word_1_212' title='bbox 1075 3890 1187 3956; x_wconf 89' lang='lat' dir='ltr'>eedem</span> 
     </span>
     <span class='ocr_line' id='line_1_30' title="bbox 1 3987 1188 4081; baseline 0.008 -28"><span class='ocrx_word' id='word_1_213' title='bbox 1 4031 2 4034; x_wconf 56' lang='lat'><em>=</em></span> <span class='ocrx_word' id='word_1_214' title='bbox 66 3987 164 4058; x_wconf 87' lang='lat' dir='ltr'>littere</span> <span class='ocrx_word' id='word_1_215' title='bbox 190 3995 413 4078; x_wconf 83' lang='lat' dir='ltr'>continebant,</span> <span class='ocrx_word' id='word_1_216' title='bbox 439 3996 615 4080; x_wconf 82' lang='lat' dir='ltr'>diligenter</span> <span class='ocrx_word' id='word_1_217' title='bbox 641 3997 763 4064; x_wconf 85' lang='lat' dir='ltr'>cuditis</span> <span class='ocrx_word' id='word_1_218' title='bbox 787 4005 821 4064; x_wconf 87' lang='lat' dir='ltr'>et</span> <span class='ocrx_word' id='word_1_219' title='bbox 846 3996 975 4081; x_wconf 86' lang='lat' dir='ltr'>placide</span> <span class='ocrx_word' id='word_1_220' title='bbox 1000 3996 1188 4080; x_wconf 88' lang='lat' dir='ltr'>intellectis,</span> 
     </span>
     <span class='ocr_line' id='line_1_31' title="bbox 1 4093 1186 4190; baseline 0.008 -29"><span class='ocrx_word' id='word_1_221' title='bbox 1 4150 2 4155; x_wconf 62' lang='grc'>,</span> <span class='ocrx_word' id='word_1_222' title='bbox 69 4093 277 4168; x_wconf 78' lang='lat' dir='ltr'>serenitatem</span> <span class='ocrx_word' id='word_1_223' title='bbox 289 4103 396 4168; x_wconf 79' lang='lat' dir='ltr'>Tuam</span> <span class='ocrx_word' id='word_1_224' title='bbox 412 4125 510 4187; x_wconf 90' lang='lat' dir='ltr'>super</span> <span class='ocrx_word' id='word_1_225' title='bbox 527 4125 574 4184; x_wconf 90' lang='lat' dir='ltr'>eo,</span> <span class='ocrx_word' id='word_1_226' title='bbox 591 4104 678 4187; x_wconf 93' lang='lat' dir='ltr'>quod</span> <span class='ocrx_word' id='word_1_227' title='bbox 694 4112 727 4170; x_wconf 88' lang='lat' dir='ltr'>te</span> <span class='ocrx_word' id='word_1_228' title='bbox 743 4106 777 4170; x_wconf 92' lang='lat' dir='ltr'>in</span> <span class='ocrx_word' id='word_1_229' title='bbox 793 4106 925 4190; x_wconf 85' lang='lat' dir='ltr'>negotio</span> <span class='ocrx_word' id='word_1_230' title='bbox 942 4104 1050 4188; x_wconf 83' lang='lat' dir='ltr'>Regni</span> <span class='ocrx_word' id='word_1_231' title='bbox 1067 4103 1186 4188; x_wconf 84' lang='lat' dir='ltr'>Sicilie,</span> 
     </span>
     <span class='ocr_line' id='line_1_32' title="bbox 1 4202 1188 4279; baseline 0.009 -12"><span class='ocrx_word' id='word_1_232' title='bbox 1 4202 2 4206; x_wconf 71' lang='grc'>’</span> <span class='ocrx_word' id='word_1_233' title='bbox 69 4223 119 4272; x_wconf 89' lang='lat' dir='ltr'>nec</span> <span class='ocrx_word' id='word_1_234' title='bbox 140 4231 205 4274; x_wconf 93' lang='lat' dir='ltr'>non</span> <span class='ocrx_word' id='word_1_235' title='bbox 225 4209 439 4277; x_wconf 82' lang='lat' dir='ltr'>liberationis</span> <span class='ocrx_word' id='word_1_236' title='bbox 477 4212 669 4278; x_wconf 89' lang='lat' dir='ltr'>dilectorum</span> <span class='ocrx_word' id='word_1_237' title='bbox 694 4212 835 4279; x_wconf 89' lang='lat' dir='ltr'>filiorum</span> <span class='ocrx_word' id='word_1_238' title='bbox 861 4214 1019 4279; x_wconf 84' lang='lat' dir='ltr'>nobilium</span> <span class='ocrx_word' id='word_1_239' title='bbox 1044 4213 1188 4279; x_wconf 82' lang='lat' dir='ltr'>uirorum</span> 
     </span>
     <span class='ocr_line' id='line_1_33' title="bbox 68 4302 1188 4406; baseline 0.006 -27"><span class='ocrx_word' id='word_1_240' title='bbox 68 4308 213 4383; x_wconf 85' lang='lat' dir='ltr'>Lndouici</span> <span class='ocrx_word' id='word_1_241' title='bbox 239 4325 273 4383; x_wconf 83' lang='lat' dir='ltr'>et</span> <span class='ocrx_word' id='word_1_242' title='bbox 287 4317 428 4384; x_wconf 84' lang='lat' dir='ltr'>Roberti</span> <span class='ocrx_word' id='word_1_243' title='bbox 445 4319 486 4384; x_wconf 92' lang='lat' dir='ltr'>de</span> <span class='ocrx_word' id='word_1_244' title='bbox 503 4319 659 4402; x_wconf 88' lang='lat' dir='ltr'>Duraoio,</span> <span class='ocrx_word' id='word_1_245' title='bbox 677 4341 759 4403; x_wconf 89' lang='lat' dir='ltr'>quos</span> <span class='ocrx_word' id='word_1_246' title='bbox 777 4319 856 4387; x_wconf 91' lang='lat' dir='ltr'>dicti</span> <span class='ocrx_word' id='word_1_247' title='bbox 874 4302 1061 4406; x_wconf 80' lang='lat' dir='ltr'>Episcopus</span> <span class='ocrx_word' id='word_1_248' title='bbox 1078 4328 1112 4388; x_wconf 87' lang='lat' dir='ltr'>et</span> <span class='ocrx_word' id='word_1_249' title='bbox 1128 4320 1188 4392; x_wconf 86' lang='lat' dir='ltr'>Vl-</span> 
     </span>
     <span class='ocr_line' id='line_1_34' title="bbox 69 4418 1187 4508; baseline 0.01 -23"><span class='ocrx_word' id='word_1_250' title='bbox 69 4418 151 4504; x_wconf 86' lang='lat' dir='ltr'>ricns,</span> <span class='ocrx_word' id='word_1_251' title='bbox 176 4423 336 4491; x_wconf 87' lang='lat' dir='ltr'>habentes</span> <span class='ocrx_word' id='word_1_252' title='bbox 361 4424 404 4492; x_wconf 88' lang='lat' dir='ltr'>ad</span> <span class='ocrx_word' id='word_1_253' title='bbox 429 4424 490 4489; x_wconf 88' lang='lat' dir='ltr'>hoo</span> <span class='ocrx_word' id='word_1_254' title='bbox 506 4448 526 4491; x_wconf 82' lang='lat' dir='ltr'>a</span> <span class='ocrx_word' id='word_1_255' title='bbox 540 4432 573 4491; x_wconf 88' lang='lat' dir='ltr'>te</span> <span class='ocrx_word' id='word_1_256' title='bbox 590 4426 780 4493; x_wconf 85' lang='lat' dir='ltr'>mundatum</span> <span class='ocrx_word' id='word_1_257' title='bbox 796 4427 967 4508; x_wconf 85' lang='lat' dir='ltr'>sufficiens,</span> <span class='ocrx_word' id='word_1_258' title='bbox 983 4433 1042 4495; x_wconf 89' lang='lat' dir='ltr'>tuo</span> <span class='ocrx_word' id='word_1_259' title='bbox 1058 4427 1187 4496; x_wconf 90' lang='lat' dir='ltr'>nomine</span> 
     </span>
     <span class='ocr_line' id='line_1_35' title="bbox 69 4524 1188 4614; baseline 0.01 -21"><span class='ocrx_word' id='word_1_260' title='bbox 69 4524 249 4614; x_wconf 84' lang='lat' dir='ltr'>liberarunt,</span> <span class='ocrx_word' id='word_1_261' title='bbox 265 4533 348 4598; x_wconf 81' lang='lat' dir='ltr'>rotis</span> <span class='ocrx_word' id='word_1_262' title='bbox 364 4538 397 4598; x_wconf 87' lang='lat' dir='ltr'>et</span> <span class='ocrx_word' id='word_1_263' title='bbox 413 4531 696 4601; x_wconf 82' lang='lat' dir='ltr'>exhortationibus</span> <span class='ocrx_word' id='word_1_264' title='bbox 712 4535 833 4602; x_wconf 88' lang='lat' dir='ltr'>nostris</span> <span class='ocrx_word' id='word_1_265' title='bbox 851 4536 899 4601; x_wconf 90' lang='lat' dir='ltr'>sio</span> <span class='ocrx_word' id='word_1_266' title='bbox 915 4535 1098 4603; x_wconf 86' lang='lat' dir='ltr'>liberaliter</span> <span class='ocrx_word' id='word_1_267' title='bbox 1114 4558 1188 4604; x_wconf 90' lang='lat' dir='ltr'>con-</span> 
     </span>
    </p>
   </div>
   <div class='ocr_carea' id='block_1_10' title="bbox 0 0 1568 5236">
    <p class='ocr_par' dir='ltr' id='par_1_12' title="bbox 0 0 1568 5236">
     <span class='ocr_line' id='line_1_36' title="bbox 0 0 1568 5236; baseline 0 0"><span class='ocrx_word' id='word_1_268' title='bbox 0 0 1568 5236; x_wconf 95' lang='lat' dir='ltr'> </span> 
     </span>
    </p>
   </div>
  </div>
 </body>
</html>
