3220 5248
775 393 1008 440 nranossnczrnr
1025 381 1193 440 suntuna.

940 683 1016 744 431.

418 843 454 908 V.
472 843 585 910 Orbo'n
605 847 700 928 popo
731 839 831 904 Pdlerr
865 841 1004 906 valleroi
1036 842 1194 926 pltspbkbt
1227 843 1366 927 apostoli
1395 843 1522 908 decernet·
1598 893 1599 898 η

413 951 519 1016 aeneai
535 951 584 1028 ks',
601 951 682 1035 hoqy
698 949 874 1035 eqyrdszrpl
892 949 913 1011 I
917 949 952 1014 V.
964 949 1090 1036 Kdroly
1106 954 1236 1014 oadrada·
1252 952 1284 1014 e‘s
1294 951 1322 1016 J
1323 955 1401 1016 daos
1415 953 1522 1016 morsui

413 1058 540 1145 drgrdf,
565 1080 580 1121 s
605 1055 796 1121 mdsrdszrdl
823 1055 849 1117 Ι.
876 1057 977 1140 Lajos
1003 1077 1142 1142 mappas·
1167 1058 1279 1143 la'rdly
1294 1061 1327 1122 ds
1344 1059 1402 1122 IV.
1418 1060 1527 1144 liudolf
1597 1031 1599 1078 ὲ

473 1163 639 1228 amatrici
654 1165 783 1248 berezcg
800 1161 871 1226 kozt
887 1161 1003 1227 attissa
1021 1163 1128 1248 bclyre
1144 1187 1165 1226 α
1183 1164 1365 1251 bc'lsesse‘get.
1391 1170 1475 1230 1363,
1597 1153 1599 1208 3

520 1319 675 1388 Vrbanus
690 1321 876 1405 Episcopus
893 1327 954 1387 etc.
969 1321 1147 1386 venerabili
1162 1321 1258 1388 fratri
1270 1323 1372 1390 Petro
1380 1325 1524 1408 Episcopo

412 1430 607 1512 Vulterano,
626 1431 819 1513 Apostolice
846 1427 942 1495 Sedis
968 1429 1107 1509 Nunnio,
1131 1429 1268 1498 salutem
1286 1439 1346 1498 eto
1362 1432 1418 1497 Ad
1432 1455 1525 1515 geren-

413 1538 473 1604 das
490 1539 523 1604 in
540 1539 641 1603 terris
658 1536 736 1602 lieet
752 1537 905 1603 immeriti
932 1539 1017 1603 vices
1033 1538 1120 1620 regis
1137 1539 1264 1622 pacifici
1283 1539 1464 1623 dignatione
1479 1561 1525 1604 sue

411 1647 635 1714 inscrutabilis
645 1646 868 1729 dispositionis
880 1648 1048 1730 assumpti,
1058 1645 1380 1716 cunctorumGhristi
1392 1648 1526 1730 fidelium,
1598 1669 1599 1676 ¹

412 1757 586 1839 presertim
618 1753 746 1840 Regum
771 1760 806 1819 et
829 1755 1032 1839 Principum,
1058 1776 1196 1837 quorum
1225 1757 1388 1823 discordia
1418 1757 1526 1822 maiora
1598 1751 1599 1756 ’

413 1862 497 1928 solet
523 1861 639 1927 afferre
664 1862 821 1945 pericula,
846 1864 993 1946 paternis
1019 1861 1191 1928 affectibus
1210 1865 1358 1946 cupimus
1373 1865 1528 1951 unitatem,

413 1971 577 2055 illamque,
602 1975 700 2054 prout
724 1969 819 2034 nobis
844 1972 1053 2054 permittetur
1081 1992 1121 2036 ex
1146 1971 1238 2050 Alto,
1265 1970 1411 2036 sollicitis
1426 1969 1528 2035 studiis

412 2079 609 2144 intendimus
634 2097 821 2161 procurare,
846 2085 884 2143 ut
909 2079 1085 2146 destructis
1111 2079 1367 2146 adversitatibus
1384 2079 1528 2144 universis

412 2188 551 2272 populus
567 2184 703 2252 Domini
728 2195 838 2252 nostre
858 2187 1005 2253 custodie
1022 2187 1164 2254 creditus
1181 2188 1343 2272 perviam
1359 2188 1445 2270 pacis
1458 2190 1531 2252 ince·
1597 2257 1599 2278 Ι

413 2297 505 2376 deus,
530 2294 657 2360 facilius
682 2296 786 2378 possit
811 2295 854 2360 ad
871 2301 986 2362 eterna
1002 2297 1219 2362 tabernacula
1234 2297 1410 2379 pervenire.
1427 2292 1529 2378 Nuper
1597 2315 1599 2324 ’

413 2405 573 2488 siquidem
588 2404 622 2470 iu
637 2409 748 2468 nostre
763 2403 976 2486 promotionis
993 2404 1035 2470 ad
1052 2405 1177 2487 apicem
1187 2403 1311 2470 Summi
1322 2403 1528 2487 Apostolatus
1597 2451 1599 2488 ,

412 2512 545 2578 exordio
571 2512 611 2577 de
636 2510 772 2593 Imperii
796 2509 949 2589 Romani,
974 2531 1014 2575 ao
1037 2511 1166 2594 Regum
1198 2517 1231 2575 et
1255 2511 1446 2594 Principum
1462 2511 1528 2575 alio-

412 2641 548 2703 rumque
565 2616 691 2684 Christi
711 2616 854 2682 fidelium
870 2618 1112 2700 tranquillitate
1129 2618 1258 2700 soliciti,
1276 2617 1316 2682 de
1332 2619 1527 2702 ipsorumque

413 2735 501 2796 statu
528 2733 666 2812 paterna
691 2727 944 2810 investigatione
976 2735 1159 2809 querentes,
1185 2727 1362 2793 admodum
1394 2727 1529 2792 dolenter
1596 2799 1598 2816 ,

412 2836 605 2918 audivimus,
630 2837 718 2919 quod
744 2836 883 2920 quedam
909 2835 1076 2902 discordia
1095 2834 1218 2901 dudum
1233 2835 1321 2900 iuter
1338 2836 1530 2900 carissimum
1597 2837 1598 2880 ἰ

411 2948 445 3012 in
463 2943 595 3012 Christo
611 2944 714 3010 filium
730 2950 876 3009 nostrum
893 2941 1048 3010 Carolum
1066 2943 1291 3009 Romanorum
1303 2943 1530 3027 Imperatorem
1593 2985 1597 3046 ἑ

412 3053 548 3138 Semper
572 3052 769 3136 Augustum,
796 3073 836 3118 aa
852 3051 1008 3118 dilectum
1023 3052 1125 3117 filium
1141 3051 1283 3117 nobilem
1298 3053 1404 3117 virum
1420 3051 1447 3116 J
1447 3051 1532 3118 ohan·
1595 3047 1597 3124 ἶ

412 3185 484 3230 nem
501 3163 542 3228 de
559 3162 696 3228 Boemia
710 3159 937 3226 Marchionem
954 3160 1123 3226 Moravice
1138 3157 1277 3225 fratrem
1288 3181 1382 3224 suum
1399 3167 1531 3244 exparte
1595 3157 1597 3208 l

411 3291 495 3353 una,
519 3274 551 3335 et
580 3269 785 3333 carissimum
808 3269 843 3332 in
868 3264 1002 3332 Christo
1028 3265 1130 3332 filium
1163 3271 1311 3332 nostrum
1342 3267 1532 3333 Ludovicun

411 3380 537 3463 Regem
563 3375 710 3461 Vugarie
735 3376 908 3454 illustrem,
933 3380 967 3440 et
991 3374 1144 3440 dilectum
1160 3373 1264 3439 filium
1280 3374 1425 3441 nobilem
1440 3375 1531 3440 virum

412 3485 591 3554 Rodulfum
602 3485 726 3550 Ducem
744 3483 882 3549 Austris
899 3505 937 3548 ex
948 3481 1061 3565 altera,
1077 3489 1274 3567 procurante
1291 3491 1401 3550 satore
1412 3483 1533 3558 zizania,

412 3597 581 3676 suscitata,
606 3595 748 3659 nondum
767 3592 837 3672 suit,
853 3597 948 3676 prout
966 3592 1171 3675 sperabatur,
1187 3592 1228 3656 ad
1245 3591 1342 3656 finem
1361 3599 1472 3676 optate
1486 3611 1532 3674 pa·

411 3709 458 3773 cis
485 3702 637 3778 adducta,
665 3702 811 3786 quamvis
837 3701 897 3767 sub
922 3699 1064 3784 pendulo
1081 3699 1346 3766 sufferenciarurn
1364 3700 1534 3766 deducatur
1593 3705 1595 3780 Ῑ

412 3819 446 3882 in
472 3817 613 3899 longum.
641 3810 711 3877 Nos
740 3811 842 3895 igitur
867 3813 1028 3890 timentes,
1056 3830 1095 3874 ne
1121 3809 1265 3874 scintilla
1285 3808 1393 3874 tenuis
1409 3831 1474 3874 non
1490 3827 1533 3870 cx-

411 3925 516 3990 tiucta
541 3922 575 3986 in
601 3919 774 3999 flammam,
801 3919 888 4001 quod
906 3916 1001 3996 absit,
1017 3922 1165 3981 transeat
1181 3917 1424 3998 destructivam,
1440 3914 1534 3999 Apos-

411 4033 509 4098 tolice
534 4029 729 4114 provisionis
755 4024 932 4092 remedium
957 4026 991 4089 in
1016 4026 1078 4090 hac
1104 4033 1198 4109 parte
1223 4025 1424 4108 providimus
1455 4023 1533 4088 adhi·
1593 4101 1594 4104 Ἴ

413 4141 563 4224 bendum,
590 4145 623 4204 et
649 4138 688 4203 de
715 4135 784 4201 zelo
808 4135 897 4220 pacis
923 4157 961 4200 ac
987 4135 1286 4219 circumspectionis
1312 4132 1475 4198 industria
1488 4140 1534 4196 tus
1592 4141 1594 4213 j

411 4248 640 4317 fraternitatis
672 4247 706 4310 in
739 4245 801 4309 hiis
834 4251 865 4307 et
896 4243 970 4308 aliis
1001 4249 1151 4327 gerentes
1167 4242 1200 4307 iu
1217 4241 1359 4307 Domino
1391 4241 1534 4306 fiduciam
1590 4291 1593 4342 l

412 4359 602 4444 pleniorum,
634 4362 666 4420 te
698 4354 787 4419 velut
817 4353 908 4436 pacis
940 4352 1093 4434 angelum
1126 4351 1166 4416 de
1196 4349 1336 4416 fratrum
1355 4357 1533 4415 nostrorum

412 4468 546 4534 consilio
572 4465 613 4531 ad
639 4463 840 4547 prefatorum
867 4461 1126 4527 discordantium
1151 4465 1263 4544 partes
1287 4480 1326 4524 ac
1341 4459 1533 4541 presentiam

412 4583 588 4662 propterea
604 4573 753 4639 duximus
770 4568 1007 4636 destinandum.
1031 4567 1192 4654 Quocirca
1209 4566 1313 4632 eidem
1329 4565 1535 4634 fratermitati

1592 4215 1593 4232 l

1589 4241 1593 4274 l
