3166 5256
585 352 680 415 1344.
1149 355 1190 414 57

74 530 271 596 subditorum
288 549 418 595 suorum
435 537 553 596 statum
568 530 746 613 respiciant
762 534 795 592 et
812 535 989 608 acrescaut,
1014 551 1053 594 ac
1077 531 1191 613 procul

73 639 189 720 fugare,
203 638 292 720 quod
310 639 421 704 valeat
437 641 637 705 contrarium
653 660 830 723 generare,
861 637 1005 703 idcircho
1022 637 1142 702 auditis
1159 645 1190 702 et

72 744 241 811 intellectis
273 747 397 813 litteris
427 747 608 813 Rectorum
638 753 826 812 nostrorum
857 745 1038 827 Sclauonie,
1055 751 1087 810 et
1103 747 1193 812 noris

72 852 186 918 habitis
202 854 242 918 de
261 852 471 936 Vngarorum
486 855 637 934 adventu,
654 854 828 920 consulunt
844 853 1049 920 concorditer
1065 855 1191 936 sapien-

71 965 125 1042 tes,
141 961 228 1041 quod
244 962 281 1025 in
305 962 436 1028 nomine
466 960 600 1027 Domini
625 961 788 1044 eligantur
814 961 847 1026 in
872 961 937 1027 isto
962 958 1109 1025 Consilio
1134 981 1192 1043 per

71 1072 203 1148 quatuor
219 1089 337 1134 manus
354 1068 547 1134 electionum
563 1075 630 1133 tres
647 1068 838 1134 Provisores
864 1068 1054 1151 solempnes,
1073 1072 1129 1150 qui
1146 1069 1192 1132 ire

71 1174 203 1241 debeant
219 1175 264 1240 ad
279 1183 392 1259 partes
408 1175 591 1256 Solanonie,
621 1175 806 1258 incipiendo
823 1197 843 1240 a
858 1174 965 1258 Nona,
979 1175 1118 1240 secundo
1134 1175 1192 1240 Ja-

69 1282 165 1363 dram,
180 1282 300 1349 deinde
332 1282 549 1365 Sibenichum,
565 1281 737 1367 Spalatum
762 1289 796 1347 et
812 1281 1017 1365 Tragurium,
1042 1288 1074 1346 et
1089 1283 1192 1364 accipi

68 1388 187 1470 possint
203 1388 244 1454 de
261 1389 351 1454 omni
367 1391 450 1471 loco,
467 1390 613 1472 exceptis
629 1389 896 1473 procuratoribus
913 1387 1026 1454 Sancti
1042 1391 1149 1456 Marci
1160 1395 1192 1454 et

68 1494 219 1560 Patronis
235 1495 436 1582 Arsenatus,
451 1496 706 1562 commendando
722 1504 875 1580 exparte
891 1504 1003 1564 nostra
1022 1497 1191 1580 providen-

68 1605 143 1668 ciam
160 1611 193 1668 et
208 1603 463 1670 sollicitudinem
489 1611 670 1670 nostrorum
696 1604 868 1688 Comitum,
893 1626 991 1690 qnam
1007 1611 1144 1687 egerunt
1159 1605 1192 1668 in

68 1709 231 1776 scribendo
248 1711 345 1776 nobis
363 1731 453 1792 nova,
470 1711 550 1775 etin
566 1709 726 1777 mittendo
752 1712 976 1795 exploratores
986 1733 1046 1796 pro
1057 1711 1192 1795 inquisi-

68 1817 148 1881 tione
169 1818 337 1900 ipsorum;
363 1823 395 1882 et
421 1823 529 1883 ortent
559 1817 672 1884 fideles
697 1825 825 1883 nostros
842 1817 1024 1885 ciuitatum
1040 1819 1192 1901 ipsarum,

71 1924 150 2006 quod
164 1925 200 1988 in
214 1923 379 1989 fidelitate
396 1929 515 2004 nostra,
541 1946 603 2006 que
629 1946 754 2009 semper
779 1926 923 2010 ipsorum
940 1932 1061 1990 statum
1078 1925 1183 1992 erexit

69 2037 249 2096 constantes
266 2051 399 2097 manere
415 2032 523 2114 velint,
539 2038 573 2098 ct
587 2031 627 2097 de
644 2033 851 2118 Vngarorum
863 2033 1006 2098 adventu
1021 2031 1063 2096 ad
1078 2038 1192 2115 partes

4 2147 5 2150 ’
67 2138 241 2205 maritimas
258 2141 393 2204 minime
409 2139 569 2224 dubitare,
596 2161 669 2207 cum
692 2141 757 2208 hiis
773 2147 807 2206 et
832 2141 915 2221 abis,
941 2163 1004 2225 que
1021 2141 1083 2208 sibi
1098 2141 1192 2206 utilia

4 2317 5 2322 ἵ
66 2247 275 2329 apparebunt.

166 2353 277 2439 Capta
295 2381 303 2420 ε
326 2378 391 2440 quo
406 2361 551 2440 peracto,
567 2355 646 2422 dent
661 2377 795 2442 operam
806 2357 969 2424 efficacem
980 2357 1021 2423 de
1030 2358 1191 2440 loquendo

67 2480 132 2524 cum
147 2461 336 2529 Comitibus
353 2463 393 2528 de
409 2463 569 2545 Braichis,
595 2471 627 2528 et
651 2464 805 2531 Johannc
837 2463 974 2530 condam
991 2464 1143 2549 Nelipcii‚
1159 2471 1193 2531 et

66 2567 207 2634 omnibus
222 2571 308 2652 aliia,
324 2591 399 2636 cum
415 2572 533 2653 quibus
550 2570 647 2637 dictis
663 2573 783 2637 nostris
799 2571 1030 2638 Provisoribus
1054 2593 1191 2656 appare-

64 2679 166 2754 rotet
182 2678 327 2743 artando
344 2698 409 2756 eos,
433 2679 592 2761 premisso
616 2681 722 2762 primo
749 2679 874 2744 decenti
902 2677 1111 2744 salutacionis
1128 2678 1191 2742 elo·

67 2784 145 2864 quio,
170 2785 260 2868 quod
291 2807 352 2869 pro
381 2786 526 2869 ipsorum
559 2787 807 2853 conservacione
833 2792 866 2851 et
890 2791 981 2850 statu
1006 2793 1191 2851 constanter

67 2910 189 2956 manere
205 2893 310 2958 velint
326 2894 360 2957 in
376 2913 434 2958 suo
450 2895 617 2976 proposito
633 2895 699 2958 iam
712 2895 853 2976 incepto,
864 2899 896 2957 et
905 2899 1090 2976 procurent,
1101 2893 1189 2975 quod

67 2997 92 3060 si
107 3001 189 3064 uuiti
205 3022 272 3064 non
289 3005 404 3079 essent,
420 3001 454 3064 in
470 2999 565 3065 simul
582 3001 746 3083 uniantur,
761 3007 794 3066 et
811 3001 838 3066 si
856 3001 1013 3065 unitatem
1029 2999 1194 3087 fecissent,

66 3103 194 3170 laudent
210 3113 244 3172 et
260 3112 380 3186 ortent,
397 3108 482 3190 quod
499 3108 534 3171 in
550 3129 589 3173 ea
604 3129 735 3173 manere
752 3108 862 3188 velint3
877 3107 1073 3174 habentibus
1084 3113 1191 3172 tamen

37 3299 42 3304 1
66 3211 138 3292 ipsis
153 3234 268 3280 curam
282 3214 402 3280 bonam
418 3221 451 3280 et
465 3214 603 3298 vigilem,
619 3236 659 3280 ne
676 3217 822 3300 ipsorum
848 3214 1000 3281 lortilicio
1020 3215 1063 3280 ad
1081 3215 1190 3300 Vnga·

66 3339 168 3384 rorum
183 3342 300 3386 manus
317 3321 450 3387 valeant
463 3322 642 3405 pervenire.
659 3320 712 3386 Ac
728 3323 826 3388 etiam
843 3328 1014 3406 exponant,
1030 3321 1191 3405 quomodo

66 3446 119 3506 pro
135 3427 282 3510 ipsorum
308 3435 398 3494 statu
428 3429 564 3513 pacifico
595 3436 627 3494 et
651 3430 830 3514 tranquillo
855 3429 1050 3496 Dominacio
1066 3430 1099 3494 in
1116 3450 1191 3495 suos

67 3534 244 3613 provisores
260 3535 427 3602 destinare
442 3537 576 3617 curavit,
593 3541 627 3603 et
642 3543 678 3602 ut
689 3536 846 3616 viderent,
867 3535 955 3619 quod
974 3538 1190 3602 necessarium

66 3649 146 3715 foret
160 3664 222 3726 pro
239 3646 420 3712 resistendo
437 3646 585 3731 vagaris
610 3647 793 3713 antedictis.
818 3646 865 3711 Et
891 3645 918 3711 si
934 3646 1088 3726 eveniret,
1103 3648 1191 3729 quod

66 3768 131 3814 cum
146 3753 370 3834 predictorum
386 3755 498 3836 aliquo
514 3776 584 3821 esso
610 3777 673 3820 non
698 3761 840 3839 possent,
863 3761 1040 3839 procurent
1057 3775 1130 3819 cum
1147 3754 1191 3819 el-

4 3883 5 3886 *
67 3852 148 3922 lectu
164 3861 389 3942 predictorum
413 3862 586 3928 verborum
611 3884 683 3946 eon,
708 3884 782 3928 cum
799 3863 915 3946 quibus
933 3885 1002 3930 esse
1021 3883 1085 3928 non
1101 3867 1190 3945 pote-

66 3971 146 4049 runt,
162 3990 221 4051 per
237 3991 314 4056 suas
330 3969 461 4035 litteras
476 3969 619 4050 visitare,
636 3970 843 4036 rescribendo
868 3970 970 4050 nobis,
987 3985 1189 4053 quecumque

67 4070 195 4140 iecerint
212 4075 370 4141 olfacere
388 4077 588 4160 speraverint
604 4078 636 4141 in
653 4077 827 4161 premissis,
851 4083 884 4141 et
908 4097 1002 4143 suum
1018 4076 1189 4142 consilium

4 4247 5 4252 γ
66 4182 242 4262 superinde.

165 4289 274 4354 Electi
291 4289 483 4356 Provisores
498 4293 532 4357 in
549 4289 725 4357 Sclauonia
751 4291 803 4356 die
828 4291 942 4356 ultimo
959 4287 1121 4386 Augusti:
1139 4313 1190 4357 ser

71 4393 222 4462 Nicolaus
241 4397 424 4465 Barbadico
441 4396 561 4468 Sancte
576 4399 769 4483 Margarite,
785 4399 908 4484 plezius
925 4421 976 4464 ser
994 4399 1190 4478 Francisous
