3166 5256
629 373 632 378 ·
722 391 726 400 .
748 361 985 410 nrmounczmr
1000 349 1167 410 nunnus.

937 529 990 589 88.

397 685 428 750 Α
446 686 598 751 celenensi
614 687 959 772 kormdaytancicenab
977 687 1132 752 candelam
1148 712 1169 751 a
1178 688 1350 772 jadraiab
1367 690 1514 776 bajoincb

732 793 873 858 oldezese
890 793 1081 881 tdrqydbaa.
1100 797 1196 860 1345.

505 951 607 1019 Auno
622 948 864 1020 MOOCXLV.
880 953 933 1019 die
949 950 1091 1021 XVIH.
1123 949 1331 1037 Septembris.
1364 956 1513 1041 Capta:

400 1058 495 1144 Quod
512 1059 677 1126 scribatur
693 1058 875 1144 capitaneo
906 1067 1019 1127 nostro
1035 1082 1089 1127 ser
1104 1060 1205 1127 Petro
1222 1059 1262 1126 de
1280 1061 1398 1129 Oanali
1414 1063 1453 1129 de
1467 1086 1513 1128 no·

398 1169 455 1247 vis,
472 1189 534 1251 que
559 1165 716 1234 habemus
732 1168 772 1232 de
790 1168 880 1252 ligno
895 1166 919 1231 J
921 1168 1146 1233 adratinorum
1163 1175 1196 1233 et
1211 1169 1394 1252 barcbosio,
1406 1193 1465 1255 que
1477 1172 1514 1237 se

398 1281 514 1342 cerunt
539 1272 694 1339 damnum
709 1274 875 1359 aliquibus
890 1272 1022 1340 'nostris
1040 1271 1080 1340 de
1097 1273 1224 1360 Olugia„
1240 1277 1275 1341 in
1290 1278 1440 1359 partibus
1454 1278 1513 1344 Pis

397 1384 486 1450 carie
511 1389 543 1448 et
560 1378 703 1462 Ortone3
721 1389 754 1449 et
772 1383 860 1465 quod
875 1384 908 1447 in
926 1384 1105 1450 continenti
1121 1385 1233 1450 mittat
1249 1383 1312 1451 duo
1329 1385 1370 1451 de
1386 1388 1449 1452 suis
1463 1388 1514 1471 lig·

397 1494 448 1558 nis
472 1492 555 1557 bene
578 1493 772 1575 preparatis,
792 1490 832 1556 dc
852 1492 969 1575 quibus
985 1514 1085 1557 unum
1102 1493 1145 1557 sit
1161 1515 1234 1558 cum
1250 1495 1466 1577 supranomito
1479 1495 1513 1560 de

397 1601 519 1666 nostris
535 1599 710 1665 nobilibus.
730 1597 801 1683 Que
818 1600 882 1665 duo
897 1600 988 1683 ligna
1003 1599 1128 1666 vadant
1144 1600 1186 1665 ad
1206 1601 1295 1683 ipsas
1320 1607 1431 1685 partes
1453 1600 1512 1685 Ap-

399 1709 486 1793 pulia
512 1707 554 1772 ad
580 1707 838 1790 persecutionem
864 1713 897 1772 et
915 1708 1069 1774 damnum
1088 1707 1249 1773 dictorum
1264 1707 1289 1774 J
1291 1708 1512 1789 adratinorum,

398 1822 429 1880 et
455 1812 542 1897 quod
563 1814 686 1880 faciant
702 1814 786 1880 viam
804 1835 863 1898 per
879 1816 1033 1900 riperiam
1050 1821 1084 1880 et
1099 1822 1206 1880 terras
1222 1813 1378 1900 Appulia,
1394 1825 1426 1882 et
1440 1819 1514 1902 quod

397 1923 560 1988 declinent
586 1922 687 1987 etiam
712 1922 753 1987 ad
779 1928 892 2006 partes
910 1921 1055 2005 Ancona,
1072 1922 1128 1987 ubi
1145 1921 1297 1988 dicuntur
1313 1945 1384 1990 esse
1400 1925 1437 1989 de
1451 1925 1515 1990 bar·

352 2028 353 2031 '
397 2029 518 2097 cbosiis
543 2029 569 2095 J
570 2031 802 2113 adrntinomm,
821 2037 854 2095 et
873 2031 960 2114 qnod
976 2031 1018 2096 ad
1034 2051 1146 2096 eorum
1163 2031 1317 2096 damnum
1336 2032 1382 2099 ibi
1398 2037 1429 2098 et
1444 2032 1514 2098 alibi

396 2137 584 2218 intendant;
600 2141 633 2202 et
658 2139 745 2221 quod
770 2138 922 2202 mittatur
945 2159 1029 2202 unus
1054 2137 1215 2203 Notarius
1232 2137 1341 2221 curie,
1357 2140 1412 2222 qui
1426 2141 1513 2206 radat

396 2265 468 2310 cum
492 2244 590 2310 dictis
605 2245 712 2328 lignis,
731 2250 763 2309 et
778 2244 881 2310 iaciat
897 2244 1105 2310 ambaxatam
1120 2267 1179 2328 pro
1195 2252 1292 2328 parte
1308 2254 1419 2313 nostra
1434 2247 1514 2312 ouili·

396 2352 453 2418 bet
476 2358 638 2418 terrarum
658 2352 698 2416 de
715 2354 843 2418 marina
858 2352 892 2417 in
908 2353 987 2435 ipsis
1003 2353 1161 2436 partibus,
1178 2356 1388 2437 aggravando
1403 2353 1515 2420 factum

395 2461 436 2526 de
452 2462 676 2545 receptatione
691 2459 717 2526 J
718 2458 953 2540 adratinorum,
970 2466 1002 2524 et
1018 2458 1059 2524 de
1073 2457 1193 2541 farore,
1211 2480 1308 2544 quem
1324 2462 1370 2527 eis
1387 2461 1472 2543 dant,
1486 2465 1515 2524 et

396 2570 485 2654 quod
501 2589 671 2654 possumus
696 2567 804 2633 dicere
820 2573 854 2633 et
870 2573 990 2650 te'nere,
1006 2568 1091 2650 quod
1107 2567 1170 2651 ipsi
1188 2574 1264 2633 sunt
1279 2591 1380 2635 causa
1395 2569 1515 2635 damno

395 2699 477 2758 rum,
503 2697 565 2760 que
590 2675 737 2742 fecerunt
761 2676 841 2741 dicti
866 2675 1047 2756 Jadratini,
1067 2682 1100 2740 et
1117 2682 1293 2760 propterea
1308 2676 1351 2743 ab
1367 2678 1412 2742 eis
1428 2676 1513 2759 digne

395 2806 561 2869 possemus
587 2789 740 2868 reputare
766 2783 917 2848 iniuriam
944 2789 977 2848 et
1001 2783 1122 2849 damna
1138 2785 1303 2867 predicta;
1320 2791 1355 2850 et
1371 2785 1455 2868 quod
1471 2805 1514 2848 re·
1576 2779 1578 2790 '

396 2893 515 2976 quirat,
541 2892 630 2975 quod
649 2895 776 2956 cessent
795 2911 816 2955 a
830 2891 962 2970 talibus,
978 2911 1041 2974 que
1057 2891 1146 2956 nullo
1163 2892 1258 2958 modo
1275 2891 1434 2958 sustinere
1448 2911 1513 2974 pos·

395 3021 510 3081 semus,
527 3001 583 3066 sed
591 2997 783 3065 haberemus
799 3019 966 3082 regessum
985 3005 1101 3064 contra
1117 3019 1209 3079 suos3
1226 3005 1260 3064 et
1277 3021 1352 3064 cum
1368 3000 1439 3066 aliis
1455 2995 1514 3064 ier-

398 3108 460 3190 bis,
476 3130 540 3192 que
565 3107 767 3173 videbuntur.
791 3107 837 3171 Et
852 3107 983 3189 insuper
1000 3107 1152 3172 mittatur
1167 3127 1250 3172 unus
1267 3109 1351 3174 alius
1367 3106 1513 3174 Notarius

396 3218 431 3280 in
446 3213 630 3296 Anconam,
651 3213 707 3296 qui
723 3212 824 3277 saciat
840 3212 885 3277 ibi
902 3214 1040 3280 similem
1056 3213 1275 3297 ambaxatam,
1292 3222 1326 3282 et
1341 3223 1431 3282 tanto
1446 3214 1513 3298 plus

395 3327 553 3405 aggravet
567 3322 700 3402 factum,
717 3328 878 3404 quantum
894 3323 958 3387 ista
978 3328 1053 3388 sunt
1069 3326 1237 3390 contraria
1252 3325 1453 3408 responsioni
1470 3345 1514 3387 eo·

394 3453 475 3510 rum,
492 3437 612 3496 etcum
628 3431 694 3494 illis
710 3430 827 3513 verbis,
843 3452 905 3514 que
921 3429 1126 3496 videbuntur.

557 3575 593 3636 (A
609 3575 737 3626 »Secreta
747 3575 864 3626 Consilii
877 3576 1127 3641 negatorum-nor
1140 3577 1196 3628 Lit.
1210 3579 1243 3627 A.
1258 3577 1311 3628 vol.
1328 3579 1364 3640 1.)

932 3881 984 3946 89.

284 4097 285 4102 η
393 4043 423 4111 A
440 4043 594 4111 ceieraczei
611 4046 887 4132 kormdnptaaa'ca
902 4047 1095 4110 tatarorum
1113 4069 1133 4110 a
1149 4046 1271 4111 bettore
1296 4046 1381 4111 alsat
1398 4043 1514 4130 mepta·

393 4155 530 4220 rosodott
555 4153 766 4232 aebeaicoiak,
792 4152 984 4237 spalatoa'ab
1010 4155 1043 4216 es
1073 4155 1210 4219 traiciat
1218 4153 1437 4239 frantertdsn
1452 4156 1514 4217 tcir-

828 4262 969 4348 gycibna.
984 4261 1082 4327 1345.

496 4400 1509 4488 AnnoMOOOXIrV.indictioneXIIII.dieXVIII.Septem·

390 4511 468 4578 bris.
494 4509 657 4596 Capta:
683 4512 780 4596 Quod
805 4514 1040 4594 respondeatur
1066 4513 1188 4579 Comiti
1219 4518 1335 4577 nostro
1361 4510 1513 4596 Sybenici,
1576 4515 1578 4598 j
