3220 5262
352 343 416 404 680
705 353 939 402 orrnoaraczm
955 341 1126 399 sarissas,

351 541 423 586 mor
448 518 487 583 de
513 517 664 582 Pomeris
689 515 803 583 militis
830 516 878 581 sui
904 513 1079 580 familiaris
1104 514 1292 593 aduentum,
1316 513 1480 598 inquibus

351 627 437 692 idem
453 623 609 692 Bernabo
625 623 746 690 Nostra
765 621 944 690 Serenitati
970 621 1161 707 spondebat,
1177 623 1266 708 quod
1282 622 1389 688 dictos
1405 620 1483 706 Sag-

352 757 460 802 remor
475 757 493 798 e
509 731 645 816 vestigio
661 732 788 800 reniret
803 730 847 798 ad
862 733 968 798 nostri
984 733 1193 816 presentiam,
1217 731 1262 798 ad
1277 733 1482 814 compromit-

352 844 485 928 tendum
511 844 545 908 in
563 841 651 908 facto
667 839 877 921 Bononiensi,
893 841 981 926 quod
1006 839 1049 906 ad
1073 861 1205 925 presens
1228 842 1313 908 inter
1329 840 1486 908 Sanctam

352 951 497 1018 Matrem
527 950 707 1017 Ecclesiam
734 951 776 1017 ab
800 973 872 1034 vna,
903 957 937 1016 et
962 949 1100 1016 eundem
1130 948 1362 1016 Bernabonem
1393 959 1486 1034 parte

352 1060 532 1126 ventilatur
562 1081 602 1124 ex
633 1059 750 1140 altera,
782 1059 815 1124 in
846 1081 1019 1144 personam
1049 1065 1196 1124 nostram
1221 1065 1255 1123 et
1279 1055 1486 1124 Serenissimi

352 1167 516 1250 Principis
531 1166 654 1232 domini
670 1215 678 1231 .
693 1213 702 1230 .
718 1217 725 1231 .
742 1165 844 1250 Regis
869 1165 1042 1250 Hungarie
1066 1185 1106 1230 ea
1132 1164 1307 1231 sufficienti
1323 1173 1486 1250 potestate

353 1277 509 1357 munitus,
543 1296 643 1360 quam
677 1274 815 1359 ipsemet
839 1273 993 1341 Bernaba
1018 1273 1139 1339 habere
1163 1281 1285 1357 posset,
1309 1275 1336 1338 si
1360 1275 1491 1340 adesset

353 1384 490 1470 propria
505 1385 538 1448 in
554 1404 716 1469 persona;
731 1383 801 1466 ipse
817 1389 926 1448 tamen
937 1379 1257 1466 Sagremorreniens
1268 1381 1488 1466 prosequendi

353 1493 521 1578 premissa,
550 1490 675 1556 nullam
700 1513 720 1555 a
745 1488 874 1572 prelato
905 1490 1101 1556 Bernabone
1132 1489 1247 1555 attulit
1268 1493 1487 1573 potestatem

354 1623 428 1666 cum
441 1607 553 1667 tamen
569 1601 685 1665 merito
703 1598 810 1664 dictus
825 1597 979 1665 Ber-nabo
995 1617 1116 1682 magna
1130 1597 1307 1681 diligentia
1332 1597 1488 1664 intendis-

356 1717 406 1776 set
422 1709 464 1776 ad
481 1710 543 1775 hoc
558 1715 694 1794 propter
708 1710 840 1775 litteras
857 1715 987 1774 nostras
1001 1707 1196 1790 huiusmodi,
1207 1730 1290 1791 quas
1300 1729 1366 1774 non
1382 1709 1487 1774 solnm

355 1819 458 1900 nebia,
482 1817 662 1883 sedetiam
687 1815 987 1901 prelato...Regi
1020 1815 1194 1899 Hungarie
1226 1815 1424 1896 destinauit,
1455 1821 1488 1880 et

255 2003 257 2013 y
355 1927 506 2014 quamuis
520 1927 555 1990 in
571 1924 632 1992 hoc
648 1924 791 1990 animum
816 1928 964 1989 nostrum
989 1925 1071 1989 satis
1096 1923 1244 2007 grauiter
1261 1931 1487 2005 commoneret,

355 2034 515 2118 nobisque
539 2033 711 2101 materiam
736 2032 890 2099 tribuerit
914 2030 1126 2116 indignandi:
1153 2032 1267 2098 habite
1291 2040 1401 2099 tamen
1424 2054 1488 2098 res-

356 2151 456 2230 pectu
467 2143 510 2210 ad
520 2145 680 2228 preterita
691 2165 750 2210 sua
761 2143 894 2208 servitia
904 2140 1039 2207 stillum
1050 2143 1249 2226 singularem
1259 2142 1489 2226 affectumque

357 2251 495 2318 celebris
505 2251 660 2316 memorie
677 2250 773 2315 diuus
788 2249 955 2314 Heum'cus
965 2247 1190 2314 Romanorum
1207 2248 1393 2333 Imperator
1408 2272 1489 2316 auus

356 2365 468 2426 noster
481 2359 668 2426 carissimus
685 2359 815 2423 domum
830 2357 911 2423 dicti
928 2357 1135 2423 Bernabonis
1160 2358 1276 2423 innata
1301 2359 1362 2425 sibi
1387 2360 1489 2442 pieta-

356 2470 400 2534 tis
416 2468 591 2534 clementia
607 2467 762 2552 prosequi
779 2463 988 2550 dignabatur,
1003 2465 1109 2550 ipsum
1126 2466 1159 2530 in
1175 2487 1315 2550 persona
1331 2468 1489 2552 spectabi-

355 2577 397 2643 lis
413 2577 438 2644 J
440 2576 578 2643 ohannis
594 2572 734 2641 Comitis
751 2581 810 2640 etc.
827 2595 924 2658 quem
949 2573 993 2642 ad
1017 2575 1078 2641 hoc
1094 2573 1277 2640 faciendum
1294 2575 1489 2659 specialiter,

358 2683 485 2752 Nostra
499 2683 683 2752 transmisit
700 2681 869 2748 Serenitas
885 2703 926 2748 ex
942 2681 1244 2766 superhabundanti
1260 2683 1366 2749 adhuc
1383 2685 1490 2768 requi·

358 2795 501 2878 sinimus,
517 2791 640 2858 hortati
658 2812 767 2857 sumus
793 2796 827 2855 et
853 2791 1036 2856 monuimus
1061 2791 1190 2872 seriose,
1215 2800 1378 2874 quatenus
1400 2793 1491 2857 iuxta

358 2924 415 2969 sue
431 2901 659 2986 promissionis
676 2899 920 2979 continentiam,
938 2907 970 2964 et
985 2898 1061 2964 fidei
1080 2906 1113 2964 et
1127 2899 1243 2966 honori
1262 2921 1320 2966 suo
1337 2920 1490 2984 congrue·

357 3010 424 3092 bat,
439 3010 655 3075 instrumenta
672 3006 966 3094 compromissionis
977 3027 1080 3090 super
1097 3005 1264 3072 antedicto
1280 3007 1369 3073 sacto
1385 3005 1493 3074 Bono-

356 3119 470 3198 niensi,
495 3121 529 3183 in
553 3137 725 3202 personam
752 3119 899 3181 nostram
930 3121 963 3180 et
987 3113 1070 3181 dicti
1087 3164 1094 3178 .
1110 3161 1142 3178 ..
1173 3113 1275 3198 Regis
1306 3115 1492 3199 Hungarie,

356 3224 479 3293 Nostra
489 3223 660 3291 Maiestati
677 3225 834 3309 dirigeret
850 3223 938 3288 omni
954 3221 1151 3288 difficultate
1167 3228 1303 3305 remota,
1312 3223 1372 3288 sub
1388 3223 1494 3288 forma

358 3335 442 3400 sicut
458 3334 498 3399 de
515 3333 699 3416 sapientum
724 3331 859 3398 consilio
885 3352 1037 3414 umquam
1061 3331 1135 3396 fieri
1161 3331 1282 3414 poterit
1307 3331 1435 3398 meliori
1458 3334 1492 3396 in

356 3443 419 3508 boc
445 3462 478 3506 se
504 3441 687 3522 ostendens,
714 3441 799 3506 sicut
824 3438 932 3523 vellet,
957 3439 1044 3522 quod
1070 3440 1241 3524 operarius
1272 3446 1417 3505 meretur
1444 3440 1493 3506 sui

358 3551 467 3634 operis
483 3548 591 3615 studio
607 3547 837 3629 commendari,
852 3552 885 3612 et
901 3552 936 3613 rt
953 3548 1174 3612 sinceritatem
1199 3547 1248 3612 sui
1273 3545 1410 3612 silemus
1425 3571 1494 3613 sen·

353 3647 438 3737 ,tiret
453 3657 643 3741 Imperialis
660 3653 839 3742 Serenitas,
865 3654 942 3720 dum
968 3655 1030 3720 rite
1056 3661 1090 3720 et
1115 3653 1292 3720 secundum
1309 3677 1494 3722 saccramm

312 3789 315 3796 ·
360 3769 470 3853 legum
487 3766 632 3832 ordinem
647 3767 680 3829 in
705 3785 764 3830 nos
782 3770 813 3829 et
829 3762 990 3848 prefatum
1006 3763 1134 3846 Regem
1148 3760 1323 3847 Hungarie
1349 3785 1496 3848 compro·

359 3876 505 3944 mitteret
521 3873 562 3938 de
577 3873 755 3957 premissis,
765 3878 798 3938 et
814 3891 877 3955 que
894 3871 937 3937 ad
954 3871 1145 3937 mandatum
1161 3869 1284 3955 prefati
1300 3869 1495 3938 Comitis...

359 3986 403 4051 ad
419 3987 480 4050 boc
496 3984 704 4068 singulariter
719 3982 818 4062 missi,
835 3987 869 4046 vt
886 3982 1097 4065 premittitur,
1113 4001 1188 4066 ymo
1211 3980 1321 4046 verius
1338 3989 1497 4062 nestrum,

360 4096 452 4160 cuius
469 4093 597 4159 nomine
614 4096 648 4156 et
664 4091 862 4156 auctoritate
880 4090 942 4156 sibi
958 4089 1153 4175 preceperit,
1167 4093 1301 4172 treugas
1317 4089 1408 4172 pacis
1425 4112 1497 4157 cum

324 4263 329 4272 .
360 4201 510 4270 Ecclesia
524 4199 648 4268 Sancta
665 4206 699 4264 et
715 4219 788 4264 cum
804 4198 981 4264 venerabili
997 4198 1125 4281 Legato
1151 4195 1298 4261 firmaret
1324 4203 1357 4261 et
1373 4197 1499 4263 stabili-

361 4317 412 4376 ret
443 4333 481 4376 eo
513 4309 619 4390 modo,
647 4309 729 4373 sicut
758 4306 923 4391 predictus
939 4355 947 4369 .
964 4354 971 4368 .
988 4352 995 4369 .
1012 4303 1129 4371 Comes
1160 4303 1282 4368 virtute
1312 4303 1498 4372 litterarum

362 4419 568 4484 auctoritatis
585 4417 646 4485 sibi
661 4418 696 4482 in
713 4416 774 4481 hac
790 4420 885 4500 parte
901 4433 1061 4494 concesse,
1077 4412 1139 4478 sibi
1155 4412 1292 4478 duceret
1307 4412 1497 4481 indicandas

362 4547 461 4618 nsque
477 4526 519 4592 ad
535 4526 652 4596 testum
669 4524 781 4594 Sancti
800 4521 941 4593 Martini
956 4522 1105 4592 futurum
1131 4522 1323 4612 proximum,
1339 4529 1372 4588 vt
1390 4523 1496 4594 medio
