3108 5246
362 407 425 474 358
710 427 945 472 menouaczmr
961 411 1128 472 sarissas.

359 586 439 653 locis
456 589 532 670 suis,
548 585 697 652 videlieet
715 586 804 670 quod
828 585 1037 652 includantur
1052 587 1086 651 in
1101 585 1300 653 tractatibus
1317 591 1350 651 et
1365 605 1485 668 compo

359 695 534 762 siciouibus
551 693 714 778 predictis,
730 700 762 759 et
778 692 867 777 quod
881 715 946 760 non
962 695 1176 760 molestentur
1192 697 1227 760 in
1244 693 1355 779 aliquo
1371 697 1406 758 iu
1421 715 1488 777 per·

359 803 446 869 sonis
462 810 495 869 et
512 803 603 870 bouis
629 803 694 866 suis
720 801 788 868 ullo
803 806 960 884 tempore,
976 809 1008 866 et
1025 801 1114 884 quod
1132 801 1283 867 dominus
1299 801 1372 868 Rex
1387 800 1488 886 predi-

358 917 429 977 ctus
446 911 620 994 promittat
635 910 682 975 eis
699 915 891 994 perpetuam
916 929 1047 991 pacem,
1072 914 1100 975 si
1115 931 1193 976 vero
1208 909 1375 995 predictus
1392 911 1487 976 domi·

357 1037 419 1084 nus
445 1017 518 1083 Rex
544 1017 606 1083 hoc
629 1016 738 1083 facere
764 1023 940 1099 recusaret,
958 1019 1007 1083 ita
1023 1017 1110 1101 quod
1126 1025 1336 1103 permaneret
1353 1016 1488 1083 obstina-

357 1133 411 1191 tus
436 1132 552 1191 contra
576 1125 672 1210 ipsos,
701 1131 778 1190 tunc
796 1125 901 1192 nostri
917 1123 1160 1216 Ambasatores
1174 1148 1239 1193 non
1256 1125 1436 1211 procedant
1450 1124 1488 1190 ad

357 1233 610 1300 affirmacionem
626 1253 729 1316 neque
745 1231 978 1318 perfeccionem
994 1233 1133 1299 alicuius
1148 1240 1319 1311 tractatus,
1336 1232 1393 1298 sed
1410 1232 1490 1298 solli-

358 1341 423 1406 oite
438 1339 532 1406 nobis
549 1339 702 1422 scribant,
718 1341 873 1424 quiequid
898 1362 996 1424 super
1021 1341 1081 1407 hoc
1097 1341 1273 1408 habuerint
1289 1341 1331 1406 ab
1351 1343 1423 1424 ipso
1437 1337 1489 1405 do

361 1449 449 1516 mino
466 1447 558 1532 Rege
577 1448 733 1532 predicto,
749 1456 781 1514 et
796 1455 943 1516 nostram
959 1452 1203 1533 responsionem
1226 1455 1409 1534 expectent.

467 1556 635 1641 Capta:
652 1555 805 1623 Ceterum
823 1562 901 1643 quia
917 1560 981 1624 ista
998 1567 1110 1625 nostra
1126 1560 1264 1642 negocia
1281 1564 1358 1623 sunt
1374 1577 1489 1641 magua

360 1673 393 1732 et
418 1663 530 1748 ardua,
557 1673 590 1730 et
616 1667 661 1730 sic
684 1667 829 1732 strictius
846 1667 1022 1750 tangentia
1040 1673 1161 1734 statum
1176 1673 1334 1748 nostrum,
1351 1673 1384 1731 et
1400 1673 1491 1750 prout

360 1772 517 1840 arbitrari
544 1780 663 1858 potest,
679 1772 806 1840 diversa
831 1775 1035 1858 pertinencia
1050 1775 1093 1840 ad
1109 1797 1204 1842 casus
1220 1777 1301 1840 iuris
1318 1775 1405 1840 sorte
1421 1793 1490 1839 con·

359 1891 413 1949 tra
428 1903 487 1948 nos
513 1881 650 1962 allegari
675 1889 816 1964 possent,
834 1888 865 1946 et
881 1885 1002 1949 bonum
1021 1893 1121 1967 atque
1137 1882 1219 1949 utile
1235 1885 1278 1948 sit
1294 1882 1409 1949 taliter
1424 1901 1490 1965 pro

361 1989 481 2069 videre,
507 1989 594 2071 quod
617 1989 690 2052 iura
716 1995 828 2055 nostra
845 2011 917 2054 cum
933 1991 1056 2057 honore
1072 1997 1184 2055 nostro
1201 1989 1447 2055 substineantur
1461 1995 1491 2053 et

364 2095 592 2177 defensentur,
616 2105 791 2180 propterea
807 2099 934 2163 videtur
952 2096 1163 2181 sapientibus,
1179 2099 1249 2164 lore
1268 2099 1490 2176 necessarium,

360 2200 448 2287 quod
474 2224 546 2268 cum
571 2200 853 2268 Ambaxatoribus
879 2205 1000 2270 uostris
1025 2205 1120 2269 ituris
1136 2206 1169 2269 in
1185 2205 1272 2270 hona
1301 2204 1434 2269 fortuna
1452 2202 1490 2269 ad

362 2309 528 2376 domiuum
543 2309 667 2394 Regem
684 2310 865 2394 predictum
875 2315 1026 2378 mittatur
1043 2313 1174 2395 quidam
1191 2313 1448 2396 sapientissimus
1462 2317 1489 2376 et

361 2418 655 2486 sufficientissimus
681 2417 792 2485 Judex
818 2418 953 2504 Legum,
979 2421 1033 2503 qui
1060 2420 1201 2502 eligatur
1227 2441 1287 2503 per
1313 2419 1490 2498 Dominum,

361 2523 576 2594 consiliarios
602 2533 636 2593 et
661 2524 791 2610 Capita,
816 2529 866 2593 eui
894 2530 994 2595 etiam
1019 2527 1232 2611 provideatur
1258 2547 1320 2611 pro
1341 2527 1429 2592 dicta
1445 2529 1490 2592 ria

360 2635 445 2700 siout
470 2634 634 2700 videbitur
659 2633 813 2718 predictis
839 2635 991 2716 Domino,
1023 2632 1232 2701 Consiliariis
1257 2643 1291 2700 et
1315 2633 1489 2718 Capitibus,
1552 2721 1553 2728 ἵ

361 2743 417 2827 qui
442 2741 554 2809 Judex
580 2743 669 2807 nullo
695 2743 791 2809 modo
809 2765 842 2808 se
859 2743 965 2810 valeat
991 2745 1208 2809 intromittere
1225 2744 1274 2809 vel
1291 2743 1446 2826 impedire
1461 2743 1489 2807 in
1551 2729 1553 2814 l

361 2850 525 2934 aliquibus
551 2849 646 2915 factis
672 2847 946 2935 Ambaxatorum,
970 2853 1032 2916 nisi
1059 2852 1162 2919 solum
1178 2855 1212 2918 iu
1229 2858 1367 2935 tantum,
1398 2871 1489 2935 quau·
1552 2835 1553 2840 ἵ

360 2964 429 3022 tum
455 2958 550 3023 luerit
576 2960 755 3040 requisitus
772 2967 803 3024 et
819 2960 1006 3042 postulatus
1023 2981 1082 3045 per
1097 2959 1342 3027 Ambaxatores
1368 2965 1488 3023 nostros
1551 2941 1553 3030 l

360 3063 533 3149 predictos,
551 3067 631 3130 etin
656 3066 712 3130 illo
739 3072 876 3148 tantum,
892 3067 925 3132 in
942 3091 1006 3152 quo
1025 3067 1121 3134 luerit
1138 3069 1325 3153 requisitus,
1341 3067 1488 3144 consulat,

359 3181 459 3257 prout
476 3173 537 3238 sibi
553 3196 613 3257 pro
630 3173 700 3238 iure
717 3175 888 3241 ethonore
905 3183 1016 3242 nostro
1033 3175 1193 3242 uidebitur
1208 3177 1389 3243 convenire.

469 3280 635 3365 Capta:
662 3282 802 3365 Insuper
827 3284 1050 3349 committatur
1073 3288 1192 3350 uostris
1216 3281 1488 3351 Amhaxatoribus

361 3389 527 3476 predictis,
544 3389 631 3474 quod
648 3397 743 3475 parte
761 3397 875 3457 nostra
892 3392 1017 3458 saciant
1029 3392 1261 3460 salutationem
1270 3391 1487 3459 honorabilem

361 3503 394 3564 et
410 3497 577 3565 decentem
603 3499 762 3566 ambabus
789 3499 936 3584 Reginis,
952 3503 979 3567 si
995 3509 1090 3569 erunt
1105 3502 1162 3586 ibi,
1176 3501 1233 3569 ubi
1251 3501 1316 3568 erit
1330 3497 1488 3586 presencia

361 3605 483 3674 domini
500 3605 622 3690 Regis;
647 3608 674 3670 si
691 3628 767 3673 vero
785 3629 850 3674 non
870 3615 977 3675 essent
993 3611 1047 3694 ibi,
1065 3615 1235 3678 remaneat
1250 3611 1285 3676 in
1302 3631 1412 3677 eorum
1428 3605 1484 3671 dis·

359 3715 507 3780 creoione
534 3721 567 3779 et
593 3713 747 3781 libertate
764 3717 863 3782 emrdi
879 3719 921 3782 ad
938 3719 1035 3802 ipsas,
1051 3720 1108 3784 ubi
1124 3726 1228 3799 erunt,
1243 3718 1295 3784 rel
1311 3739 1384 3798 non,
1400 3717 1486 3800 prout

359 3821 521 3889 ridebitur
537 3824 584 3888 eis
600 3844 660 3907 pro
675 3827 793 3891 maiori
809 3827 1024 3911 expedicione
1040 3835 1073 3894 et
1089 3828 1203 3894 fauore
1220 3833 1333 3893 nostre
1344 3823 1487 3892 intencio·

359 3931 428 4012 nis;
467 3929 584 4013 quibus
608 3933 772 3998 instanter
796 3936 1062 4001 recommendant
1088 3938 1226 4020 negocia
1252 3935 1424 4003 ambaxate
1453 3951 1485 3994 eo

360 4037 456 4106 modo
472 4044 505 4104 et
520 4038 637 4123 forma,
653 4042 769 4126 quibus
788 4043 887 4110 etiam
904 4047 1115 4128 cognoverint
1132 4045 1292 4130 expedire.

469 4144 596 4231 Capta:
614 4147 658 4214 Et
674 4148 756 4215 fiant
782 4150 893 4218 littere
919 4151 1124 4219 credulitatis
1141 4173 1202 4237 pro
1219 4151 1315 4218 dictis
1332 4147 1486 4216 Ambaxa·

359 4254 487 4320 toribus
504 4257 632 4324 domino
658 4258 744 4325 Duci
771 4259 915 4342 Austris,
933 4269 966 4329 et
983 4263 1182 4346 ‹pribuslibet
1207 4262 1280 4330 aliis
1298 4259 1442 4328 Dominis
1458 4261 1484 4320 et

235 4420 241 4433 .
363 4359 668 4449 Communitatibus,
685 4388 743 4451 per
759 4389 898 4453 <prorum
916 4371 1084 4438 territoria
1094 4372 1270 4438 transitum
1281 4369 1399 4436 facient
1411 4364 1483 4432 dicti

361 4471 467 4538 nostri
484 4469 734 4555 Ambaxatores,
760 4497 818 4540 nec
844 4499 909 4544 nou
936 4478 1065 4545 domiuo
1081 4475 1252 4546 Cardiuali
1269 4477 1392 4561 Legato
1408 4491 1484 4538 nuuc

362 4579 515 4647 existenti
539 4579 573 4646 in
598 4583 744 4666 partibus
770 4582 845 4666 illis,
861 4591 893 4651 et
910 4586 973 4653 sibi
996 4586 1208 4671 imponantur
1234 4606 1293 4671 per
1308 4582 1483 4659 Dominum,
