3166 5256
550 407 557 418 “
573 395 669 458 1345.
1138 395 1179 458 63

65 570 167 634 mieusi
181 569 328 635 Ecclesie
353 569 416 634 stb.
440 575 474 634 te
500 567 543 634 ad
566 569 748 652 predictam
772 565 1050 652 Vesprimionsem
1066 569 1178 635 Eccle-

64 678 136 741 siam
151 677 381 743 transferimus
405 676 466 741 stb.
502 673 626 740 Datum
654 674 742 759 apud
758 675 881 746 Villam
900 674 1029 741 Nouam
1047 674 1178 754 Auiuio,

65 785 160 849 nensis
177 783 324 851 Diocesis
350 782 411 852 VI.
436 805 537 862 nonas
568 783 685 848 Martii
715 781 929 849 Pontificatus
958 785 1064 849 nostri
1094 805 1179 849 anno

64 891 158 955 tertio.

298 1055 335 1116 (V
336 1055 358 1103 L
372 1054 503 1104 Kelemen
517 1055 590 1118 papa
604 1053 914 1123 regate-konyveibol.)

541 1270 605 1277 —-
659 1271 701 1278 ..-..

603 1539 656 1600 65.

65 1699 188 1761 turim
214 1697 349 1782 kirdlyi
379 1697 672 1761 tdraolcmesternek
702 1697 871 1776 rendelete,
903 1697 1051 1784 melylyel
1084 1698 1185 1776 Koln,

66 1803 126 1888 Hop
140 1807 172 1868 e's
184 1831 204 1870 o
216 1806 334 1872 Ruina
355 1804 485 1868 melletti
499 1803 634 1869 adroeok
650 1803 891 1870 kereskedo'inek
916 1809 989 1906 vdes
1013 1805 1183 1870 asadadal·

234 1913 320 1976 mai!
328 1910 520 1996 scantartja
554 1911 887 1997 Magyarorszdgbun.
906 1913 1003 1976 1345.

158 2087 228 2154 Nos
246 2088 454 2153 Laurencius
487 2085 649 2170 Magister
674 2087 955 2152 Thanarnicorum
981 2095 1013 2152 et
1030 2087 1185 2156 Vexilife-

1 2213 2 2274 ι
64 2215 161 2258 rorum
177 2195 305 2260 domini
320 2193 481 2260 Lcdouici
496 2193 562 2258 Dei
578 2195 691 2278 gracia
715 2193 814 2276 Regis
831 2193 1002 2277 Hungarie
1018 2201 1051 2260 et
1067 2195 1184 2260 Comes

1 2301 2 2340 ἓ
63 2297 227 2368 Nitriensis
243 2303 377 2368 dilectis
395 2303 462 2366 suis
479 2301 612 2368 famulis
628 2307 662 2366 et
678 2302 867 2386 tributarijs
899 2301 1064 2368 Lucaohio
1081 2310 1112 2366 et
1130 2300 1182 2366 De

1 2405 2 2480 J
64 2427 117 2470 seu
131 2410 163 2473 in
179 2411 306 2475 nostris
323 2410 467 2490 tributis
483 2409 631 2474 scilicet
622 2431 656 2472 ιιι
672 2407 804 2493 Sempte
830 2414 864 2474 et
889 2409 1104 2493 Farkashyda
1121 2409 1186 2474 exi-

1 2529 2 2590 ι
63 2516 211 2582 stentibus
228 2516 373 2584 salutem
389 2537 462 2581 cum
478 2515 663 2580 dileccionc
679 2513 825 2582 Vobis
799 2523 843 2581 snt
829 2521 970 2581 tactum
986 2539 1044 2601 per
1055 2538 1186 2602 presen-

1 2600 3 2680 l
62 2625 104 2684 tes
105 2624 212 2705 ‚quod
228 2624 368 2708 quidam
385 2629 585 2689 mercatores
610 2623 651 2689 (16
677 2623 801 2690 Sancta
826 2621 972 2704 Colonia,
989 2631 1023 2690 et
1039 2623 1078 2690 (16
1096 2623 1185 2690 Ciui-

1 2702 4 2785 l
60 2735 121 2796 tate
136 2730 222 2816 Hoy,
239 2739 275 2797 et
293 2730 333 2796 de
350 2731 545 2816 quibusdam
570 2730 645 2815 alijs
670 2730 820 2814 partibus
843 2731 930 2797 Reni
956 2751 1064 2797 coram
1090 2729 1185 2795 nobis

2 2786 5 2927 l
61 2836 89 2900 in
104 2836 249 2905 Ciuitate
276 2837 426 2905 Budensi
450 2838 668 2922 personaliter
694 2838 872 2920 constituti,
896 2836 989 2903 uobis
1005 2843 1040 2904 et
1058 2837 1186 2903 domino

3 2931 7 3060 'u
61 2955 159 3011 nostro
175 2945 266 3030 Regi
283 2946 456 3030 querulosa
474 2949 507 3010 et
523 2944 771 3012 lacrimabiliter
787 2946 958 3028 conquesti
975 2941 1109 3011 fuerunt
1124 2943 1187 3010 tali

62 3055 156 3133 modo,
172 3055 264 3137 quod
281 3075 338 3120 ros
355 3054 397 3119 ab
414 3054 536 3119 eisdem
553 3053 710 3119 tributum
727 3074 857 3118 enorme
882 3059 916 3118 et
931 3052 1086 3118 iniustum
1102 3073 1190 3116 rece·

6 3187 8 3210 ι
61 3163 173 3242 peritis,
190 3185 230 3228 ac
249 3183 308 3228 eos
323 3163 358 3227 in
375 3163 441 3229 suis
458 3161 555 3227 rebus
571 3161 867 3228 mercimonialibus
893 3162 1038 3242 grauiter
1054 3167 1088 3226 et
1103 3160 1189 3226 vltra

7 3241 10 3330 l
62 3267 181 3334 modum
198 3271 432 3335 molestaretis.
447 3269 556 3354 Igitur
572 3293 612 3336 ne
628 3291 686 3334 nos
702 3270 853 3352 deinceps
869 3274 976 3353 prot
962 3269 1021 3333 tali
1038 3267 1151 3334 lacto'
1142 3288 1189 3331 rn-

8 3379 240 3484 {parperiam
256 3400 276 3442 a
294 3377 424 3442 domino
440 3385 552 3442 nostro
578 3377 670 3460 Rege
695 3377 881 3456 habeamus
907 3382 941 3442 et
956 3376 1055 3442 eciam
1074 3397 1114 3439 ne
1131 3395 1189 3459 per

9 3441 12 3568 Ι,
65 3483 116 3549 hoc
131 3495 284 3556 nostrum
302 3485 461 3552 tributum
479 3487 606 3552 desolet
592 3493 664 3552 t:ur
691 3486 781 3552 iobis
806 3491 881 3549 nost
884 3485 930 3550 ris
955 3483 1166 3568 ributarsz
1157 3507 1191 3548 ιιι

10 3571 211 3706 lpredicbs
226 3593 364 3660 tributis
380 3601 453 3660 nost
455 3595 500 3659 ris
439 3593 730 3660 texistentibus
757 3591 857 3658 firmit
843 3599 893 3657 ter
919 3593 1115 3676 precipimus
1132 3613 1192 3675 per
1310 3647 1313 3654 .

11 3663 274 3782 ltpresentese
260 3701 450 3782 tdistricte,
467 3707 627 3784 quatenus
643 3702 721 3766 visis
738 3701 943 3784 presentibus
968 3696 1009 3764 de
1036 3709 1189 3766 mercato-

12 3747 15 3888 l
66 3807 145 3874 nbus
163 3809 203 3873 de
222 3807 349 3875 Sancta
366 3809 513 3888 Colonia
530 3810 620 3875 etde
637 3809 782 3875 sburtate
813 3810 1010 3892 Hogncde
1028 3808 1124 3874 rebus
1142 3829 1192 3874 eo
1286 3821 1291 3836 '

14 3893 18 3952 l
67 3938 128 3982 mm
143 3916 504 3996 mercimonialibus,et
490 3917 560 3982 tdc
577 3918 668 4000 equis
686 3917 740 4001 qui
758 3939 855 3984 causa
866 3916 1025 3984 vendendi
1036 3939 1094 4001 per
1104 3939 1192 4000 ipsos

67 4023 232 4096 ducuntur.
250 4033 284 4091 et
300 4047 364 4089 non
380 4023 421 4088 de
437 4025 502 4089 illis
520 4045 602 4106 quos
618 4025 678 4090 soli
695 4028 880 4110 equitarent
891 4025 940 4090 vel
951 4047 1061 4090 eorum
1071 4023 1194 4103 famuli,

67 4153 123 4197 non
138 4135 247 4199 maius
261 4132 432 4212 tributum,
448 4131 511 4195 nisi
526 4139 653 4197 tantum
670 4140 827 4216 quantum
859 4139 1055 4198 mercatores
1071 4131 1111 4196 de
1128 4131 1193 4197 Bo-

68 4239 166 4306 hemia
182 4247 217 4306 et
234 4241 275 4306 de
291 4239 444 4305 Morauia
460 4239 633 4305 secundum
651 4241 892 4306 ordinacionem
903 4242 1022 4307 litteris
1032 4240 1195 4305 firmatam

69 4347 184 4416 soluere
202 4355 279 4414 sunt
296 4349 452 4430 consueti,
468 4349 645 4432 recipiatis
662 4356 693 4415 et
709 4350 795 4416 vltra
810 4350 872 4415 boc
888 4349 1018 4416 eosdem
1035 4352 1195 4415 mercato-

69 4476 114 4521 res
129 4459 168 4523 de
186 4455 312 4523 Sancta
328 4453 475 4538 Colonia,
491 4464 524 4521 et
540 4457 580 4521 (16
598 4455 743 4523 Ciuitate
761 4457 848 4541 Hoy,
865 4465 896 4522 et
914 4457 1038 4543 dealijs
1049 4457 1195 4540 partibus

70 4563 148 4631 lieni
163 4565 351 4649 molestare,
369 4565 621 4650 dampfnificars,
637 4565 687 4630 vel
702 4568 797 4633 aliter
807 4587 947 4651 manare
958 4588 1023 4632 non
1040 4566 1197 4646 audeatis,
