3214 5260
360 337 425 416 451
714 349 948 415 nmnonnc'nrm
966 336 1132 415 1111111111.

354 537 459 596 status
476 532 577 615 exigit
592 529 773 614 Reginalis.
788 529 913 596 Datum
929 527 1094 596 Asinione
1111 529 1178 594 III.
1194 527 1353 594 kalendas
1368 525 1482 592 Octob-

354 641 409 720 ris,
428 635 647 705 Pontificatus
657 641 763 702 nostri
780 659 866 702 anno
882 638 991 702 tertio.

700 783 760 843 (tv.
774 783 856 833 Incze
869 783 943 846 papa
956 783 1140 847 registatibbl.)

951 927 1007 935 ....-..

892 1090 966 1150 363.

360 1251 388 1316 Α
415 1250 568 1314 velersczri
593 1250 871 1334 kilztdrsasdpnolr
897 1250 1108 1314 batarozctoi
1129 1245 1240 1313 Cluen
1267 1251 1300 1312 e's
1317 1249 1484 1313 Scardona

705 1358 812 1420 oricula
828 1357 1024 1443 ldrppdban.
1051 1359 1147 1454 1355.

468 1515 567 1580 Anno
593 1513 792 1584 MCOOLV.
809 1515 861 1582 die
877 1514 982 1583 XIII.
999 1511 1167 1581 Octubris.
1181 1513 1279 1600 Quod
1295 1517 1487 1601 responden-

362 1631 415 1688 tur
440 1623 668 1689 Provisoribus
694 1625 815 1690 nostris
841 1623 1054 1690 existentibus
1079 1623 1113 1687 in
1138 1623 1288 1707 partibus
1305 1624 1488 1708 Solemnis,

362 1731 448 1816 quod
473 1732 613 1814 receptis
639 1738 673 1796 et
687 1731 863 1796 intellectis
879 1731 1002 1796 lictoris
1020 1731 1085 1796 suis
1103 1730 1190 1796 dotis
1206 1732 1322 1798 ultimo
1339 1731 1484 1816 Septem·

364 1841 441 1923 bns,
457 1839 577 1906 eisdem
594 1840 811 1920 rescribimus,
836 1841 923 1924 quod
939 1838 1072 1905 solliciti
1088 1845 1122 1904 et
1138 1838 1310 1922 diligentes
1340 1843 1491 1916 existant,

364 1950 448 2012 sicut
462 1947 599 2013 firmiter
615 1955 772 2031 tenemus,
788 1949 874 2032 quod
900 1955 985 2028 sunt,
1008 1947 1049 2013 ad
1066 1947 1252 2013 instandum
1269 1955 1302 2014 et
1319 1970 1494 2032 procuran-

365 2057 441 2120 dum
466 2055 506 2120 de
531 2057 691 2138 possendo
717 2055 862 2122 obtinere
889 2063 921 2122 et
944 2056 1097 2140 perlicere
1113 2057 1331 2123 intencionem
1348 2065 1490 2122 nostram

365 2164 399 2227 in
424 2162 510 2228 facto
536 2171 719 2229 castrorum
744 2163 856 2231 Clissii
882 2172 918 2231 et·
941 2164 1116 2244 Scardona,
1133 2165 1259 2229 scilicet
1284 2165 1325 2229 de
1347 2165 1492 2231 habendo

366 2271 461 2336 ambo
477 2272 549 2354 ipsa
566 2281 684 2350 castra,
701 2273 727 2336 si
752 2273 848 2338 ambo
865 2271 980 2339 baberi
997 2279 1167 2356 poterunt3
1183 2273 1233 2337 vel
1253 2272 1394 2338 alterum
1410 2276 1491 2356 ipso·

365 2402 439 2445 rum
455 2387 646 2462 castrorum,
663 2377 794 2462 quando
811 2379 906 2446 ambo
923 2379 1038 2447 haberi
1054 2401 1117 2445 non
1138 2389 1270 2464 possent
1286 2404 1345 2466 per
1361 2383 1489 2448 modum

367 2490 413 2552 cis
439 2487 653 2552 commissum.
679 2484 802 2554 Verum
828 2489 905 2570 quia
930 2489 1126 2571 scripsimus,
1150 2489 1248 2572 quod,
1264 2490 1347 2554 siout
1365 2513 1422 2574 per
1438 2491 1495 2555 ali·

368 2617 448 2680 quos
460 2595 573 2678 fertur,
590 2596 767 2662 Comitissa
783 2597 1026 2662 contentabitur
1040 2595 1126 2661 sorte
1142 2597 1182 2662 dc
1199 2595 1307 2662 dando
1326 2595 1494 2680 Ulissiem3

368 2701 611 2786 respondemus,
636 2703 724 2785 quod
750 2704 781 2767 in
807 2725 894 2783 casu,
921 2725 985 2787 quo
1010 2701 1099 2768 dicta
1116 2703 1296 2769 Comitissa
1311 2705 1416 2771 nollet
1432 2711 1496 2772 tra·

370 2809 447 2876 dere
473 2811 569 2875 ambo
596 2817 714 2890 castra,
740 2811 796 2874 sed
821 2810 924 2876 solum
951 2833 1049 2875 unum
1079 2812 1224 2894 ipsorum
1250 2819 1442 2896 castrorum,
1466 2819 1495 2877 et

372 2923 582 2984 contentatur·
607 2921 720 3001 pocius
747 2919 825 2984 dare
852 2915 1008 2984 Clissiam
1034 2941 1132 3002 quam
1159 2916 1368 3002 Scardonam,
1392 2941 1496 2986 sumus

370 3026 524 3104 contenti,
541 3025 628 3109 quod
644 3033 786 3091 tractent
797 3049 868 3092 cum
885 3027 957 3110 ipsa
973 3049 1032 3110 pro
1050 3026 1170 3092 Olissia
1186 3025 1350 3111 perillum
1368 3029 1492 3093 modum

374 3133 429 3216 qui
445 3131 491 3199 eis
507 3133 621 3198 melior
632 3133 813 3217 apparebit,
823 3133 984 3217 possendo
995 3135 1189 3216 promittere
1200 3133 1354 3213 finaliter,
1372 3134 1496 3218 quando

372 3259 432 3325 pro
456 3241 573 3304 minori
598 3240 669 3306 fieri
694 3263 759 3306 non
784 3247 903 3324 posset,
930 3263 989 3324 pro
1015 3237 1134 3306 Olissia
1158 3242 1330 3330 usquead
1355 3240 1496 3307 librasL

373 3337 476 3413 millis
501 3355 677 3431 parvorum
702 3353 774 3414 c'nm
798 3349 867 3414 illis'
889 3350 993 3432 pactis
1014 3355 1047 3414 et
1062 3347 1312 3429 condicionibus,
1330 3372 1410 3434 quas
1426 3369 1497 3433 pro-

374 3458 505 3521 mittere
530 3463 682 3539 poterant
706 3477 766 3540 pro
793 3455 963 3522 Scardona
989 3457 1081 3522 iuxta
1097 3457 1329 3541 requisiciones
1345 3459 1420 3523 olim
1436 3457 1497 3521 lac·

374 3571 427 3630 tas
443 3583 503 3647 per
529 3564 649 3630 dictam
668 3565 841 3646 dominam,
857 3564 1064 3648 procurando
1082 3564 1311 3630 nichilominus
1329 3565 1387 3631 illa
1405 3586 1497 3630 aaran·

375 3673 465 3756 tagis
482 3679 515 3737 et
531 3673 790 3751 melioramenta,
819 3695 882 3756 que
901 3672 1071 3756 pronubis
1088 3677 1243 3757 poterunt
1259 3671 1408 3750 obtineri,
1421 3673 1497 3737 sicut

376 3801 545 3864 speramus
571 3779 611 3845 de
636 3781 726 3864 ipsis,
743 3789 775 3846 et-
791 3780 996 3846 sollicitaudo
1012 3782 1130 3846 ducere
1155 3801 1224 3844 rem
1249 3781 1292 3844 nd
1308 3779 1452 3845 effectum
1465 3789 1498 3844 et

377 3886 645 3970 complementum
671 3909 730 3971 pro
747 3889 833 3953 omni
858 3896 1007 3972 respectu
1024 3887 1221 3972 quamcicius
1237 3885 1309 3952 fieri
1325 3893 1439 3970 potest
1453 3886 1497 3949 Et

378 4017 418 4061 ne
434 3995 520 4060 sorte
536 4017 594 4078 per
611 3997 752 4079 aliquem
773 3995 1041 4061 manifestaretur
1057 3993 1192 4078 aliquid,
1209 4001 1296 4075 quod
1311 4003 1419 4077 posset
1433 4001 1497 4058 tur-

377 4103 458 4168 bare
483 4111 515 4168 et
540 4103 699 4186 impedire
715 4104 799 4168 hunc
825 4110 973 4169 nostrum
1008 4109 1206 4182 tractatum3
1238 4103 1430 4167 mandamus
1452 4100 1497 4163 eis

380 4209 467 4292 quod
494 4209 667 4292 diligenter·
693 4219 889 4293 precaveant
914 4210 953 4276 de
979 4209 1165 4278 revellendo
1189 4208 1317 4290 aliquid
1343 4210 1436 4274 alicui
1459 4207 1511 4272 dc·
1588 4289 1590 4294 Ι

380 4317 443 4380 hac
466 4320 649 4384 intencione
674 4324 786 4383 nostra
811 4317 1252 4400 p1·edictu,sedsolumoum
1277 4314 1452 4382 Comitibus
1464 4322 1496 4378 et

380 4423 578 4491 Rectoribus
606 4429 727 4492 nostris
752 4427 882 4491 illarum
909 4435 1071 4493 terrarum
1089 4433 1273 4490 nostrorum
1290 4425 1451 4490 conserant
1464 4429 1496 4484 et

382 4555 415 4600 se
433 4533 606 4598 consulunt
622 4557 718 4619 super
734 4534 832 4600 frictis
849 4535 1046 4617 huiusmodi,
1062 4535 1089 4598 si
1100 4534 1145 4598 eis
1156 4533 1325 4614 videbitur,
1337 4529 1497 4598 scribendo
