3214 5260
414 313 480 384 490
765 334 997 380 nrrnonmczmr
1013 319 1183 382 umbus.

414 499 549 582 propria
564 497 687 561 reversi
702 501 784 559 sunt
801 495 852 560 Ex
868 515 931 574 quo
948 496 1136 560 successivis
1152 494 1354 578 temporibus
1370 493 1545 576 spalaten-

416 627 467 670 ses
493 603 553 669 sub
580 601 723 670 dominio
749 601 853 685 Regis
878 600 1034 668 Ludovici
1061 625 1117 668 suo
1142 608 1289 688 ternpore
1304 603 1457 667 vixerunt
1472 623 1546 670 cum

413 713 632 798 prosperitate
661 717 695 775 et
734 715 910 792 augmento
949 710 1049 779 totuis
1076 707 1230 780 Civitatis
1261 711 1343 780 satis
1359 710 1451 776 bene.
1482 707 1547 776 Dei

414 819 533 904 gratia.

469 963 542 1030 (XV.
555 964 665 1016 ozazadi
687 963 861 1027 keziratb613
881 963 966 1014 nebai
979 965 1095 1015 Corrara
1106 963 1227 1019 Ferencz
1241 963 1274 1018 tr
1287 963 1492 1030 kbzlemenye)

946 1124 1061 1140 .....,...,,.

415 1521 570 1614 Be'kesse'9
595 1525 624 1588 Ι.
650 1523 750 1611 Lujoa
774 1547 915 1610 ntaqyar
942 1525 1054 1609 biretiy
1079 1525 1111 1589 da
1127 1547 1148 1588 a
1167 1521 1317 1589 uciertczei
1333 1523 1547 1608 ltb'ztdrrasdp

887 1633 967 1700 ledat
986 1635 1081 1700 1358.

532 1791 580 1876 A)
604 1790 664 1859 Aa
689 1792 889 1874 elbleges
914 1789 1296 1876 ttrgyalasokbbl
1324 1795 1421 1858 1357.

523 2133 580 2201 Ad
606 2135 666 2200 hee
691 2133 755 2200 suit
780 2155 840 2217 pro
856 2139 952 2218 parte
976 2134 1178 2200 dominorum
1193 2131 1396 2202 Venetorum
1411 2154 1546 2216 respon·

416 2265 497 2321 sum,
521 2241 608 2324 quod
632 2247 745 2324 partes
770 2261 835 2305 non
862 2246 959 2306 erant
982 2260 1080 2324 super
1100 2239 1209 2306 hocin
1225 2239 1429 2320 iudicio‚nec
1445 2245 1487 2304 nt
1501 2239 1545 2303 iu·

417 2348 555 2416 diciario
586 2348 763 2431 procedere
794 2353 1021 2428 convenerant,
1052 2347 1116 2412 imo
1144 2351 1182 2411 ut
1205 2345 1248 2410 de
1272 2344 1451 2426 discordia,
1485 2366 1545 2432 qna

415 2463 552 2539 propter
576 2455 724 2520 hocerat
739 2460 812 2521 orta
837 2454 1054 2520 amicabiliter
1078 2452 1297 2534 convenirent,
1323 2459 1358 2518 et
1380 2453 1456 2520 ideo
1475 2455 1545 2519 iura

417 2562 588 2629 ostendere
607 2561 823 2628 necessarium
840 2583 903 2627 non
920 2567 1002 2627 erat.
1026 2561 1109 2626 Post
1125 2559 1185 2625 hec
1201 2558 1459 2627 Ambaxiatores
1475 2582 1543 2646 pre·

349 2664 353 2674 “
415 2669 477 2735 fati
493 2670 677 2752 petiverunt
694 2669 839 2734 dominos
855 2669 1011 2750 Venetos,
1029 2675 1191 2752 quatenus
1223 2669 1442 2754 considerato,
1459 2668 1543 2753 quod

416 2777 577 2843 modicum
603 2783 681 2842 ante
705 2776 837 2843 fuerant
852 2777 885 2842 in
901 2777 1077 2861 Hungaria
1096 2776 1337 2843 Ambaxatores
1354 2797 1469 2842 eorum
1486 2796 1541 2860 pro

417 2884 592 2950 concordia
616 2884 793 2950 tractanda
820 2907 893 2951 cum
918 2883 1046 2952 domino
1072 2883 1173 2969 Rege,
1197 2885 1253 2968 qui
1269 2903 1366 2968 super
1381 2885 1486 2948 certis
1500 2903 1544 2948 re

420 2996 610 3058 manserant
635 2992 825 3072 diserentiis,
851 3012 948 3076 super
965 2993 1084 3076 quibus
1100 2993 1242 3077 ipsorum
1258 2993 1467 3058 dominorum
1485 2991 1544 3060 Vs

416 3106 567 3164 netorum
591 3097 832 3166 Ambaxatores
857 3101 1010 3166 dixerunt
1036 3122 1071 3164 se
1098 3100 1194 3182 nolle,
1219 3121 1324 3184 neque
1348 3105 1544 3184 potestaten

416 3205 539 3272 habero
563 3207 694 3273 firmare
719 3229 776 3273 seu
801 3207 987 3290 concedere,
1013 3227 1076 3292 que
1100 3229 1158 3292 per
1183 3207 1348 3274 dominum
1365 3209 1495 3292 Regem
1513 3208 1543 3271 in

416 3313 592 3397 Hungaria
606 3313 810 3398 petebantur,
827 3322 859 3381 et
877 3317 1016 3382 maxime
1033 3337 1131 3400 super
1147 3316 1302 3383 libertate
1318 3314 1539 3382 Jadrensiunn

418 3418 525 3505 Super
549 3441 613 3502 quo
639 3421 788 3487 dominus
814 3422 886 3489 Rex
909 3443 1024 3507 pacem
1040 3429 1168 3506 optans,
1185 3445 1224 3488 ne
1240 3422 1407 3489 videretur
1424 3443 1487 3506 per
1501 3422 1544 3506 ip·

417 3549 488 3592 snm
512 3547 688 3608 remanere,
713 3535 931 3613 proposuerat
957 3529 1127 3609 venecias,
1152 3528 1209 3594 ubi
1225 3535 1299 3596 erat
1321 3529 1475 3596 totaliter
1491 3551 1543 3612 po-

416 3640 521 3701 testas
544 3633 721 3701 voluntatis
746 3636 870 3702 domini
892 3636 1004 3716 Ducis,
1028 3638 1280 3719 transmittatur,
1302 3643 1450 3720 petentes
1465 3636 1543 3704 Am·

416 3742 604 3808 basiatores
614 3744 736 3809 domini
750 3744 853 3828 Regis
871 3743 1060 3829 supradicti,
1071 3751 1108 3812 ut
1123 3745 1187 3829 ipsi
1202 3746 1324 3811 domini
1340 3745 1461 3813 Veneti
1480 3767 1541 3810 res·

417 3849 608 3933 ponderent,
629 3858 801 3935 postquam
820 3852 861 3918 de
880 3853 1055 3938 Hungaria
1075 3857 1214 3937 veniant,
1230 3853 1375 3939 ipsorum
1396 3853 1543 3920 intentio

417 3978 491 4022 uem
507 3958 549 4023 ad
568 3958 673 4042 petita
682 3980 740 4041 per
758 3959 925 4026 dominum
933 3961 1058 4044 Regem
1069 3962 1101 4025 in
1112 3960 1403 4044 Hungam'a,super
1425 3961 1542 4042 quibus

417 4064 539 4132 habere
548 4071 724 4148 potuerant
734 4065 933 4133 voluntatem
944 4067 1066 4134 domini
1077 4066 1180 4133 Ducis
1196 4065 1386 4133 Communis
1396 4067 1542 4152 predicti.

418 4172 477 4240 Ad
500 4173 570 4252 hec,
595 4171 732 4257 prefatis
758 4171 1049 4242 Ambaxiatoribus
1084 4175 1205 4242 domini
1239 4175 1343 4259 Regis
1369 4174 1541 4261 Hungarie

418 4281 642 4364 multipliciter
666 4283 871 4364 instantibus,
897 4290 1054 4367 quatenus
1080 4305 1176 4368 super
1201 4283 1357 4368 predictis
1380 4303 1473 4350 suam
1502 4283 1542 4350 di·

420 4393 533 4452 oerent
559 4389 757 4455 voluntatem
775 4389 897 4454 domini
914 4390 1033 4460 Veneti
1049 4390 1239 4476 supradicti,
1255 4389 1336 4456 nihil
1351 4389 1476 4457 habere
1492 4413 1542 4477 pc·

419 4501 568 4576 buerunt3
599 4498 678 4584 quia
708 4498 830 4566 domini
861 4498 983 4570 Veneti
1012 4499 1265 4586 respondebant,
1303 4499 1392 4583 quod
1422 4499 1542 4568 domini
1598 4591 1599 4596 ἵ
