3166 5256
738 340 973 411 'senonicam
990 347 1158 411 amusan.

924 655 996 716 103.

386 809 507 875 noete
539 789 663 874 utere
680 834 702 875 a
718 812 807 876 ees
832 811 946 900 etrey
976 814 1228 878 eameresenae
1253 813 1348 878 leem
1364 815 1506 882 naneae
1575 797 1577 854 ὲ

671 918 786 984 Endre
814 921 965 986 adenem·
981 921 1123 1008 doqehez.
1140 923 1237 986 1345.

493 1077 690 1164 Exemplum
709 1078 895 1146 litterarum
909 1082 1082 1148 missarum
1098 1080 1230 1146 domino
1246 1081 1332 1146 Duoi
1348 1102 1405 1166 per
1419 1079 1506 1149 Nico·
1576 1065 1577 1098 ³

383 1188 470 1253 laum
485 1185 609 1253 Buebie
625 1188 796 1272 Comitem,
810 1185 1036 1256 camerarium
1051 1189 1200 1274 Regium.

493 1295 671 1380 Magnifice
696 1305 729 1364 et
744 1301 870 1383 potenti
885 1300 957 1364 viro
974 1295 1105 1366 domino
1121 1295 1256 1364 Andree
1274 1296 1435 1382 Dandulo,
1449 1293 1503 1364 Dei

385 1403 495 1488 gratia
518 1398 737 1474 Veneoiarum
761 1405 884 1471 illustri
915 1405 1011 1488 Deci,
1030 1424 1168 1470 necnon
1185 1402 1330 1487 Oroetie,
1346 1404 1519 1492 Dalmatia·
1576 1485 1577 1492 ἵ

386 1533 425 1578 an
450 1509 576 1595 Quarto
601 1516 634 1577 et
648 1510 791 1579 Dimidio
807 1512 921 1579 Partis
935 1514 1039 1581 totius
1054 1511 1215 1579 Romanie
1245 1513 1398 1595 Domino,
1413 1512 1498 1580 Nico·

385 1619 455 1684 laus
480 1616 606 1684 Buehie
631 1615 758 1702 Comes,
785 1618 995 1686 Camerarius
1021 1620 1146 1718 Regius
1172 1617 1311 1687 salutern
1337 1628 1369 1687 et
1388 1643 1500 1708 semper
1575 1633 1577 1650 ⁴

385 1732 572 1810 promptum
587 1729 728 1793 animum
744 1728 912 1795 serviendi.
928 1727 1085 1815 Receptis
1100 1729 1216 1796 vestris
1240 1729 1374 1810 litteris,
1390 1750 1501 1798 aarum·
1576 1795 1577 1798 ,

385 1834 459 1900 dem
473 1835 641 1901 intellecto
667 1843 790 1920 tenore,
816 1836 857 1902 ob
882 1857 1026 1904 amorem
1056 1836 1303 1922 Magnificentie
1334 1837 1448 1907 Vestro
1461 1839 1500 1904 sie

385 1941 505 2008 instnvi
539 1941 626 2026 apud
652 1941 793 2028 Regiam
817 1943 1029 2011 Maiestatem
1054 1965 1151 2028 super
1176 1944 1264 2010 facto
1289 1949 1454 2028 pactorum
1471 1950 1498 2010 et

386 2049 632 2116 conventionum
661 2050 748 2116 inter
763 2059 888 2118 vestros
904 2049 1015 2118 fideles
1034 2057 1067 2117 et
1084 2050 1277 2134 CatarenoS,
1310 2052 1500 2136 quemadmo

386 2155 464 2221 dum
488 2156 522 2220 in
544 2154 663 2223 litteris
688 2155 802 2242 Regiis
828 2159 970 2242 pleniter
986 2159 1177 2240 continetur,
1194 2179 1298 2242 quare
1314 2181 1378 2225 non
1393 2164 1499 2243 repeto:

386 2261 534 2334 Vlterius
545 2263 822 2348 Superemmentie
838 2265 959 2334 Vestro
985 2265 1071 2334 facio
1087 2267 1158 2333 lore
1172 2273 1298 2350 notum,
1314 2268 1401 2352 quod
1415 2265 1500 2334 corda

386 2370 524 2438 illustris
541 2371 664 2438 domini
679 2373 743 2440 mei
760 2371 860 2458 Regis
875 2395 940 2440 non
955 2374 1120 2442 modicum
1137 2380 1213 2440 sunt
1228 2373 1418 2458 turbataeo
1428 2369 1499 2456 quod

384 2479 464 2546 totis
494 2478 613 2546 viribus
629 2501 687 2547 ros
703 2487 735 2547 et
757 2488 866 2548 vestra
896 2481 1074 2568 diligendo⁷
1103 2482 1260 2569 spernitis
1290 2488 1400 2548 vestra
1428 2501 1499 2546 eom·

383 2587 481 2654 moda
495 2591 529 2653 et
543 2586 749 2655 incommoda
777 2589 881 2655 eidem
904 2590 1023 2657 vestris
1046 2588 1166 2656 litteris
1196 2589 1496 2674 intimare3pronue

384 2699 554 2778 promptus
570 2701 605 2762 et
629 2693 752 2780 efficax,
772 2697 838 2762 seio
857 2695 949 2763 vobis
964 2695 1082 2778 dicere,
1098 2703 1157 2778 est,
1173 2717 1209 2762 se
1224 2702 1258 2761 et
1274 2717 1334 2764 sua
1349 2713 1495 2782 opponere

385 2822 444 2886 pro
470 2807 571 2869 vestre
586 2801 779 2888 Reipubliee
802 2803 969 2871 commodo
986 2811 1019 2870 et
1034 2804 1166 2870 honore.
1184 2803 1231 2869 ut
1246 2803 1344 2870 modo
1360 2799 1497 2884 intellexi,

384 2907 540 2978 Vestram
556 2908 811 2996 Altipotentiam
822 2917 932 2980 eastra
941 2917 1121 2978 mentalem
1136 2910 1237 2978 luisse
1257 2912 1347 2996 apud
1363 2909 1496 2978 Jadriau
1557 2991 1558 2996 ἵ

385 3016 528 3102 infidam,
552 3039 611 3105 per
637 3017 727 3101 alios,
747 3041 806 3103 per
822 3041 889 3100 voe,
905 3025 939 3085 et
953 3021 1144 3104 preparavit
1159 3021 1360 3105 quingentos
1375 3018 1496 3101 armige

385 3145 448 3205 roe,
466 3133 500 3192 et
524 3126 635 3210 plures
651 3127 692 3192 de
709 3127 776 3194 suis
791 3129 906 3194 eastris
922 3135 955 3193 et
971 3128 1114 3194 exercitu
1129 3127 1279 3194 meliores
1294 3127 1447 3194 veraciter
1460 3123 1495 3189 el·

383 3233 524 3316 ligendo,
549 3233 771 3302 Theothonioe
796 3237 861 3302 iam
887 3243 1039 3313 armatos,
1054 3255 1157 3319 usque
1173 3236 1215 3301 ad
1231 3249 1421 3320 guerrarum
1436 3231 1494 3296 fini·

382 3342 505 3406 tionem
536 3361 593 3408 suo
619 3343 792 3427 stipendio,
821 3343 942 3410 risieho
973 3349 1007 3409 et
1023 3343 1166 3424 fortuna,
1196 3348 1229 3408 et
1243 3342 1284 3409 de
1301 3343 1354 3409 die
1369 3343 1403 3407 in
1417 3339 1493 3404 diem

383 3453 566 3514 vestrarum
595 3451 798 3532 prestolatur
828 3451 1066 3518 intimationem
1097 3456 1130 3516 et
1160 3449 1277 3515 seriem
1309 3449 1492 3516 litterarum.

385 3552 495 3639 Quare
512 3557 612 3641 vobis,
627 3557 738 3624 inclite
755 3558 885 3624 domine
895 3557 974 3624 Dux
991 3560 1019 3624 si
1034 3557 1096 3624 hoo
1112 3562 1161 3623 est
1200 3595 1244 3608 -
1289 3591 1316 3605 ψ
1381 3597 1404 3602 —v
1482 3585 1492 3596 r

491 3719 527 3782 (A
542 3719 643 3786 »Copia
657 3721 691 3771 de
704 3720 954 3772 Gemmermoriall«
969 3721 1108 3776 velenozei
1122 3718 1346 3786 tllamkonyvbol
1359 3719 1405 3774 lv.
1415 3701 1493 3767 leel

381 3819 403 3859 r.
419 3813 478 3860 266.
493 3810 557 3874 lev.)

1575 2105 1577 2190 l

1574 2245 1577 2354 l

1572 3825 1577 3876 l
