3220 5248
360 233 423 296 570
716 247 947 292 omrounozrnr
972 231 1139 291 nmtssu.

358 417 426 476 stro
436 411 593 478 denotare
604 410 735 476 curabo.
751 405 875 474 Datum
892 405 1020 474 Vienue
1036 405 1088 471 die
1105 403 1242 473 XVIII.
1260 401 1388 488 Aprilis
1402 402 1487 468 hora

357 539 575 604 vesperarum

406 626 411 634 ’
790 622 910 692 Vester
941 624 1086 688 servulus
1114 627 1148 688 et
1181 619 1287 688 fidelis
1329 617 1489 685 Notarius

946 729 1199 798 Bartholomeus
1215 728 1327 795 Ursio.

468 845 577 910 Kiotl.
602 842 815 910 Serenissimo
839 847 873 908 et
895 840 1181 908 Excellentissimo
1197 837 1340 903 Domino
1356 857 1414 902 suo
1431 834 1487 900 do-

357 953 445 1018 mino
461 951 608 1018 Jobanui
622 949 797 1034 Delphyno
814 949 879 1015 Dei
896 949 1004 1032 gratia
1018 949 1105 1014 Duci
1119 945 1335 1015 Venetiarum
1351 949 1410 1010 etc.

621 1095 760 1158 (Eredetie
774 1111 791 1146 a
803 1093 943 1146 velenczei
956 1109 1030 1160 nagy
1044 1083 1236 1155 leveltrirbau.)

845 1239 901 1247 ...-

888 1403 963 1466 416.

407 1527 411 1540 .
457 1564 657 1632 Aoelenczei
673 1565 813 1652 elopem
829 1567 855 1630 Ι.
873 1567 974 1652 Lajoa
989 1583 1130 1649 nvapyar
1145 1565 1266 1652 kirtly.
1285 1566 1378 1629 1361.

464 1725 650 1794 Ludovicus
665 1725 739 1793 Rex
753 1723 876 1793 Ducali
891 1727 1055 1794 Dominio.

465 1833 584 1902 Iuclite
600 1838 703 1901 amics
729 1835 905 1903 carissime.
929 1834 1182 1902 Bartholomeus
1197 1834 1238 1901 de
1253 1829 1354 1899 Ursio
1370 1830 1488 1898 Scriba

358 1948 466 2008 vester
481 1942 574 2009 nobis
600 1942 758 2026 quasdam
785 1943 845 2010 sub
861 1942 1031 2010 credentia
1045 1943 1231 2009 litterarum
1247 1947 1429 2006 vestrarum
1444 1937 1490 2004 le-
1599 1991 1601 1994 .

357 2052 504 2134 gationes
521 2053 679 2136 exposuit,
697 2071 793 2116 unam
809 2050 978 2134 potissime
995 2072 1093 2136 super
1107 2051 1313 2116 emanatione
1329 2067 1490 2114 novarum

357 2159 541 2224 litterarum
568 2161 648 2226 certi
674 2161 815 2238 teucris3
839 2166 871 2225 et
895 2159 1034 2225 alteram
1051 2181 1147 2243 super
1163 2157 1367 2224 restitutione
1383 2156 1490 2221 castri

358 2266 531 2333 Casemate
556 2273 617 2332 etc.
643 2265 770 2352 Quibus
801 2267 925 2333 auditis
953 2276 985 2333 et
1009 2267 1184 2352 diligenter
1215 2267 1393 2333 intellectis
1419 2262 1486 2331 Ve-

359 2379 425 2441 stre
443 2377 489 2439 sic
499 2371 656 2441 Amicitie
673 2376 921 2460 respondemus:
939 2375 1027 2458 quod
1043 2375 1135 2441 nobis
1152 2381 1185 2440 et
1200 2375 1262 2439 toti
1278 2379 1390 2439 nostro
1401 2371 1488 2439 Cou-

358 2482 431 2548 silio
456 2481 518 2548 fuit
544 2486 655 2567 visum,
681 2485 769 2568 quod
793 2485 914 2566 littere,
940 2505 1021 2568 quas
1047 2485 1209 2550 internos
1227 2482 1488 2550 etvosdenovo

357 2591 429 2655 fieri
444 2589 565 2675 petitis,
581 2612 647 2657 non
673 2592 822 2674 debeant,
849 2594 934 2659 sieut
948 2593 1168 2659 verisimiliter
1184 2613 1248 2657 non
1265 2599 1398 2675 possent
1415 2591 1488 2656 abs-

358 2718 420 2782 que
437 2699 591 2766 scandalo
617 2700 861 2784 quomodolibet
886 2702 1042 2766 emanari.
1067 2701 1112 2767 Et
1135 2701 1208 2767 ideo
1241 2701 1370 2766 litteras
1394 2701 1486 2783 ipsas

358 2827 424 2872 nou
448 2808 599 2872 duximus
623 2806 860 2890 admittendas3
886 2806 1041 2876 Vestram
1060 2807 1251 2874 Amicitiam
1283 2829 1377 2889 nunc,
1401 2809 1489 2873 sicut

358 2915 440 2980 alias
455 2915 568 2980 fecisse
584 2915 766 3000 recolimus³
782 2916 945 2981 instanter
961 2919 1175 2998 requirentes,
1191 2922 1351 2999 quatenus
1366 2916 1486 2981 obmis-

359 3023 403 3087 sis
429 3023 615 3108 hujusmodi
640 3023 758 3089 litteris
784 3024 876 3091 novis
902 3026 991 3090 circa
1016 3023 1269 3089 declarationem
1295 3023 1382 3088 illius
1398 3024 1486 3088 clau-

359 3130 428 3196 sule
445 3155 452 3195 :
472 3132 536 3195 »Et
553 3151 570 3194 e
587 3138 701 3198 contra
717 3131 788 3197 Nos
804 3131 881 3197 Dux
898 3138 931 3198 et
949 3129 1146 3198 Commune«
1167 3137 1227 3197 etc.
1244 3132 1485 3197 etimmutatio-

358 3258 431 3302 nem
456 3237 549 3302 istius
574 3239 747 3306 vocabuli:
767 3241 832 3307 »Et
849 3247 1027 3322 econtra«,
1048 3260 1110 3324 que
1126 3241 1161 3305 in
1176 3239 1341 3324 prioribus
1364 3239 1486 3307 litteris

358 3346 486 3429 plenius
520 3349 743 3430 continentur;
776 3349 888 3415 taliter
922 3348 1090 3414 intendere
1121 3348 1238 3430 velitis,
1262 3354 1300 3413 ut
1325 3348 1408 3414 sicut
1434 3369 1485 3412 ve·

359 3461 500 3522 atrorum
516 3460 564 3525 ita
575 3466 760 3523 nostrorum
777 3457 979 3524 subditorum
994 3463 1028 3522 et
1043 3456 1189 3522 fidelium
1199 3457 1485 3523 commoditatibus

359 3564 520 3646 equaliter
545 3566 763 3649 provideatur.
789 3563 895 3650 Super
920 3587 957 3630 eo
983 3587 1066 3646 vero,
1092 3565 1178 3648 quod
1210 3571 1356 3631 castrum
1387 3563 1485 3632 Case-

359 3678 445 3738 mate
461 3672 552 3738 vobis
569 3675 699 3740 restitui
714 3675 836 3758 petitis,
852 3674 964 3739 taliter
980 3673 1187 3758 providemus
1206 3673 1483 3758 respondendum:

360 3780 448 3863 quod
464 3781 642 3847 decedente
667 3781 861 3850 Venerabili
886 3781 1025 3849 Nicolao
1042 3781 1120 3847 olim
1135 3780 1335 3848 Patriarcha
1350 3782 1485 3868 Aquile-

358 3890 462 3974 giensi
486 3911 625 3974 sequace
651 3897 774 3972 nostro,
800 3912 895 3973 quem
920 3891 1033 3974 utique
1049 3888 1091 3954 ad
1108 3890 1211 3974 ipsius
1228 3887 1340 3956 Casiri
1355 3893 1486 3957 restitu-

357 3999 489 4081 tionem,
505 4000 532 4064 si
548 3999 713 4084 hucusque
738 4001 880 4080 vixisset,
902 4001 999 4084 juxta
1014 3999 1153 4065 formam
1169 4002 1261 4084 pacis
1278 4001 1484 4085 compulisse·
1595 4007 1597 4080 ξ

357 4128 437 4192 mus,
454 4107 687 4174 Serenissimus
714 4107 863 4173 domiuus
889 4105 1028 4173 Carolus
1052 4107 1279 4174 Romanorum
1299 4109 1484 4194 Imperator
1596 4195 1597 4200 ἵ

356 4215 462 4281 frater
486 4223 597 4282 noster
622 4217 745 4282 dictum
771 4222 915 4282 castrum
940 4217 1073 4300 recepit,
1099 4237 1248 4283 asserens
1274 4239 1308 4283 se
1339 4220 1373 4283 iu
1403 4219 1483 4303 ipso,
1596 4217 1597 4220 ’

358 4325 488 4408 quando
514 4348 586 4391 eum
612 4347 672 4411 pro
699 4327 750 4392 sui
773 4325 980 4392 restitutione
996 4324 1188 4410 requisitum
1204 4323 1386 4407 habuimus,
1401 4323 1483 4391 illud

354 4434 408 4520 jus
425 4431 554 4515 habere,
572 4433 659 4518 quod
675 4433 776 4501 babet
791 4435 826 4498 in
842 4433 1076 4502 munitionibus
1087 4432 1194 4500 Feltri
1204 4441 1235 4500 et
1249 4433 1387 4500 Belluui.
1397 4431 1481 4522 Quo·
1594 4415 1597 4494 ᾗ
