3108 5246
577 365 670 470 raro.
1116 409 1178 472 sn

64 577 170 664 quibus
188 577 384 650 Celsitndini
401 581 519 653 Vestro
536 583 686 649 duximus
712 582 972 667 respondendum
989 609 995 649 :
1013 583 1109 669 Quod
1124 607 1183 653 nos

64 689 99 755 ob
114 710 264 774 magnam
280 698 313 758 et
328 694 526 776 singularem
537 691 751 774 allectionem,
767 713 865 776 quam
882 692 925 758 ad
940 692 1184 760 Excellenciam

62 795 205 865 Vestram
222 806 257 865 et
272 806 398 866 vestros
421 801 563 882 gerimus
588 807 621 864 et
636 797 804 878 habemus,
820 799 904 866 votis
920 803 953 864 et
969 797 1184 884 beneplacitis

61 901 172 988 Regiis,
187 905 276 971 velut
293 906 493 972 honorabilis
510 914 543 972 et
559 907 705 991 precipui
721 905 816 972 amici
833 906 945 986 nostri,
960 907 994 971 in
1011 925 1088 972 casu
1104 929 1184 992 quo·

61 1009 134 1076 libet
148 1011 425 1096 complaceremus
442 1014 601 1094 libenter3
627 1013 684 1079 sed
710 1012 758 1078 sic
774 1011 1013 1080 Celsitudinem
1029 1011 1185 1081 Vestram

62 1119 136 1183 scire
150 1123 433 1206 presupponimus,
450 1121 511 1188 boc
536 1121 660 1205 absque
686 1121 826 1186 aliorum
842 1119 983 1185 evidenti
998 1120 1119 1187 iniuria
1134 1119 1185 1188 vel

62 1223 176 1292 offensa
205 1227 279 1294 fieri
306 1236 337 1295 et
363 1231 457 1314 sequi
473 1251 538 1296 non
554 1249 658 1313 posse,
673 1233 705 1293 et
721 1227 827 1292 nostri
842 1225 885 1292 ob
901 1231 1030 1294 nostras
1047 1233 1081 1294 et
1096 1233 1185 1295 terre

62 1339 164 1401 nostre
180 1335 391 1402 condiciones
415 1357 480 1402 non
506 1337 644 1402 intereat
669 1355 728 1420 per
744 1333 990 1400 observancinm
1006 1335 1040 1399 in
1056 1335 1185 1412 casibus

61 1439 236 1508 huiusmodi
262 1465 322 1528 per
347 1442 501 1509 mundum
518 1443 553 1509 in
568 1443 662 1510 nobis
678 1441 976 1526 experimentaliter
992 1442 1181 1526 comproba-

62 1551 131 1627 tam,
147 1549 261 1634 aliqua
278 1553 417 1635 operari,
444 1549 556 1634 quein
572 1551 711 1617 aliorum
732 1549 948 1635 preiudicium
964 1549 1093 1616 valeant
1108 1569 1185 1634 que·

61 1653 230 1723 modolibet
248 1657 443 1742 redundare,
460 1678 570 1722 verum
587 1657 673 1722 inter
693 1655 858 1724 discordes
875 1676 990 1741 pacem
1005 1664 1039 1723 et
1054 1677 1185 1724 concor-

61 1761 140 1828 diam
153 1786 336 1847 procurare
360 1771 551 1849 possetenus
578 1772 611 1831 et
636 1765 780 1846 nutrire3
804 1771 837 1830 et
862 1771 1039 1849 propterea
1064 1762 1185 1834 Vestra

64 1867 223 1939 Serenitas
241 1874 274 1938 in
293 1875 355 1940 bac
371 1879 464 1959 parte
481 1880 589 1958 potest
606 1879 639 1940 et
654 1872 749 1940 debet
760 1895 818 1939 nos
829 1873 950 1940 babere
961 1875 1077 1939 merito
1093 1893 1186 1938 exou-

61 1983 149 2043 satos.
164 1978 274 2066 Super
290 1983 423 2062 negocio
440 1987 549 2048 autem
577 1982 810 2047 commissionis
828 1981 933 2047 fiendo
947 1983 981 2048 in
997 1983 1115 2046 nostris
1131 1981 1185 2046 do-

63 2084 169 2169 miniis,
193 2089 281 2174 quod
307 2109 383 2172 gens
408 2095 516 2154 vestra
542 2095 574 2154 et
598 2083 798 2173 pertinentes
814 2086 855 2154 ad
873 2109 937 2170 vos,
971 2109 1068 2173 super
1092 2108 1185 2154 mare

62 2195 259 2262 transeuntes
276 2195 319 2261 ad
334 2203 450 2281 portus
466 2201 595 2263 nostros
611 2197 806 2278 ubicumque
822 2195 998 2276 voluerint,
1009 2217 1081 2262 cum
1100 2216 1186 2261 secu-

62 2299 152 2367 ritate
168 2303 367 2370 descendere
383 2304 523 2384 valeant,
539 2303 764 2384 rescribimns3
789 2304 877 2388 quod
892 2302 1084 2369 affectantes
1100 2305 1187 2368 inter

63 2403 291 2476 Celsitudinem
318 2409 473 2479 Vestram
497 2410 635 2493 Regiam
661 2417 695 2478 et
718 2431 777 2477 nos
793 2416 826 2477 et
841 2411 1012 2492 utriusque
1027 2408 1139 2476 fideles
1155 2417 1188 2476 et

12 2501 27 2516 ’
64 2514 202 2583 subditos
218 2539 351 2584 servare
367 2540 494 2586 omnem
510 2518 767 2584 benivolenciam
786 2519 935 2584 caritatis
952 2539 1080 2602 semper
1097 2518 1187 2584 cordi

64 2627 212 2704 gessimus
239 2632 273 2694 et
300 2629 451 2710 gerimus,
476 2625 622 2692 subditos
654 2631 779 2692 vestros
804 2646 864 2709 per
890 2632 1018 2693 nostros
1044 2624 1184 2692 tractari

64 2731 272 2800 amicabiliter
298 2741 332 2801 et
356 2734 522 2816 fraterne3
560 2739 594 2800 et
622 2733 668 2799 sio
693 2735 797 2800 nostri
821 2732 980 2801 Rectores
1011 2741 1044 2800 et
1074 2732 1185 2799 fideles

63 2835 174 2906 habent
205 2865 226 2908 a
256 2841 350 2908 nobis
376 2841 560 2926 specialiter
583 2843 618 2904 in
642 2839 817 2920 mandatis,
848 2845 880 2906 et
908 2863 994 2907 nunc
1019 2841 1061 2906 ad
1086 2840 1185 2906 maio·

64 2965 125 3010 rem
155 2950 317 3016 cautelam
350 2950 445 3015 iuxta
476 2947 671 3016 Serenitatis
703 2948 825 3018 Vestra
857 2949 1100 3032 requisitionem
1127 2947 1188 3012 eis-

64 3049 129 3118 dem
152 3077 302 3140 expresse
326 3057 524 3122 iniunximus
551 3063 584 3121 et
610 3054 845 3139 mandavimus,
870 3060 907 3120 ut
931 3061 1045 3139 gentes
1063 3059 1188 3120 vestras

65 3165 92 3224 et
106 3165 235 3248 navigia
260 3164 304 3228 ad
329 3171 439 3248 partes
465 3170 597 3231 nostras
623 3162 831 3243 declinantes,
856 3167 954 3246 prout
981 3163 1015 3227 in
1042 3162 1189 3246 treuguis

65 3265 132 3335 binc
161 3272 237 3337 inde
271 3272 410 3337 firmatis
447 3279 479 3338 et
516 3271 632 3338 iuratis
663 3277 803 3350 cavetur,
835 3269 878 3348 ad
910 3290 1049 3355 quarum
1080 3271 1190 3336 obser-

66 3381 203 3446 raneiam
227 3379 308 3445 totis
334 3377 504 3445 aflectibus
523 3378 731 3460 intendimus,
747 3377 868 3444 habere
885 3376 1026 3445 debeant
1041 3376 1188 3445 benivole

66 3488 95 3549 et
109 3486 286 3553 efficaciter
312 3487 625 3570 commendasset
652 3486 738 3570 quod
765 3507 785 3552 a
811 3483 1068 3570 quibuscumque
1085 3484 1190 3550 noxiis

66 3601 296 3678 preserventur,
313 3601 484 3678 sperantes
500 3598 533 3661 et
549 3599 695 3660 tenentes
722 3591 864 3673 indubie,
887 3589 974 3676 quod
990 3613 1068 3676 erga
1084 3611 1142 3656 nce
1158 3598 1191 3656 et

67 3706 186 3769 nostros
213 3723 252 3768 err
278 3709 375 3788 parte
398 3703 584 3768 Maiestatis
601 3701 722 3771 Vestre
739 3699 844 3765 simile
860 3697 931 3765 fieri
947 3706 980 3764 et
998 3697 1120 3764 servari
1137 3698 1190 3762 de·

66 3805 174 3876 beatur
199 3831 292 3877 versa
317 3811 395 3892 vice,
421 3829 518 3894 quam
544 3831 643 3893 quunr
672 3808 763 3874 aliud
789 3808 968 3874 invenimus
991 3808 1025 3872 in
1051 3804 1191 3872 subditis

67 3916 182 3996 prefate
197 3917 302 4002 Regie
319 3916 515 3997 Maiestatis,
533 3917 588 4000 qui
605 3922 763 4000 treuguas
780 3917 868 4000 ipsas
885 3913 1050 3996 infrigitis,
1063 3919 1189 3977 nostros

68 4019 168 4091 fideles
184 4033 217 4092 et
242 4025 390 4091 subditos
414 4025 557 4110 partium
584 4021 756 4088 Solanonie
785 4020 951 4088 offendere
969 4024 1002 4083 et
1019 4018 1190 4102 depredari

69 4150 125 4197 non
138 4141 272 4216 cessent,
288 4131 497 4204 sioutVeslre
514 4131 718 4196 Excellencio
730 4129 976 4214 particulariter
993 4133 1122 4193 nostras
1139 4126 1191 4193 lit·

70 4239 147 4308 teras
162 4243 334 4309 recolimus
351 4240 456 4326 pridie
473 4240 656 4321 denotasse,
667 4238 707 4304 de
718 4237 1057 4320 quibusablaiestate
1067 4232 1190 4303 Vestra

71 4343 249 4431 inproximo
259 4369 424 4433 speramus
436 4348 579 4414 relisum
591 4354 624 4413 et
635 4345 816 4413 effectivum
827 4345 974 4410 obtinere
985 4363 1186 4428 responsum.

167 4497 200 4556 (Λ
219 4495 327 4544 abiisti«
343 4496 433 4545 czimli
449 4494 588 4546 uelerrczei
602 4491 782 4560 sillamkiinyv
795 4491 897 4542 xxvi.
912 4490 1075 4550 interebat.)
