3108 5246
562 367 656 436 1349.
1109 365 1171 437 359

1 582 3 598 ν
48 547 248 615 Consiliarios
265 555 299 614 et
316 548 436 634 Capita
452 548 512 614 illa
529 548 636 630 verba,
650 569 712 631 que
722 546 952 614 conveniencia
962 548 1171 632 videbuntur,

47 654 207 722 referenda
232 661 305 722 tam
319 656 468 740 predicto
485 656 616 722 domino
633 653 720 721 Duci
736 652 881 739 Austris,
898 677 996 738 quam
1013 657 1172 740 quibusli-

45 766 93 832 bet
106 763 176 829 aliis
201 761 416 848 Principibus
441 770 475 829 et
500 763 696 846 Beronibus,
712 762 829 846 quibus
848 763 1001 847 expedire
1016 762 1175 832 videbunt

46 893 98 958 pro
111 872 224 940 maiori
241 871 355 938 favore
371 877 405 938 et
421 868 631 958 expedicione
642 869 844 955 agendorum
855 875 1042 938 nostrorum
1051 871 1175 939 eisdem

1 1037 2 1040 ,
46 981 292 1046 commissorum

139 1086 266 1152 Forma
292 1087 461 1153 electionis
485 1082 748 1152 Ambaxatorum
764 1107 771 1149 :
789 1083 889 1170 Quod
913 1087 948 1153 in
963 1086 1092 1154 nomine
1107 1089 1175 1156 Do·

43 1197 114 1262 mini
127 1195 152 1261 J
153 1219 210 1263 esu
227 1193 356 1262 Christi
373 1202 406 1262 et
422 1193 574 1263 Gloriosa
589 1192 738 1280 Virginis
755 1192 877 1260 Matris
894 1198 963 1261 eins
978 1215 1017 1262 ac
1033 1196 1175 1281 preciosi

48 1301 252 1390 Evangeliste
271 1305 322 1370 sui
338 1303 451 1371 Sancti
461 1301 578 1386 Marci,
594 1301 676 1369 flant
693 1309 762 1369 tres
778 1299 1021 1370 Ambaxatores
1038 1305 1174 1394 solemp-

45 1431 96 1476 nes
109 1411 151 1476 ad
167 1413 340 1478 dominum
361 1409 487 1496 Regem
502 1411 684 1495 Hungarie,
703 1411 759 1495 qui
776 1411 939 1494 eligantur
958 1433 1017 1497 per
1033 1418 1175 1497 quatuor

45 1539 150 1585 nanus
166 1519 372 1586 electionum
387 1520 421 1584 in
437 1516 559 1585 Maiori
570 1517 724 1598 Consilio,
741 1539 804 1603 que
820 1519 937 1585 electio
953 1541 1014 1604 per
1030 1525 1173 1603 quatuor

46 1647 150 1692 manus
165 1625 226 1692 fiat
252 1649 328 1692 curn
354 1626 466 1692 ordine
491 1631 525 1691 et
550 1626 745 1692 auctoritate
764 1624 1034 1693 Conciliariorum
1050 1625 1093 1693 ad
1109 1626 1170 1692 hoc

46 1740 209 1818 oportuna,
226 1733 445 1820 approbando
470 1753 526 1799 eos
541 1733 584 1799 ad
600 1755 701 1799 unum
717 1733 760 1800 ad
776 1756 876 1800 unum
892 1737 926 1800 in
943 1735 1030 1800 dicto
1046 1733 1170 1801 Maiori

46 1837 189 1925 Consilio,
215 1849 253 1908 et
279 1843 337 1927 qui
362 1841 537 1908 habuerint
553 1841 663 1925 plures
679 1841 830 1924 bellotae,
847 1841 997 1908 habendo
1012 1843 1170 1909 maiorem

44 1953 162 2030 partem
188 1948 342 2032 Consilii,
367 1949 433 2014 sint
456 1947 551 2032 firmi,
567 1954 601 2013 et
616 1948 743 2032 possint
767 1950 873 2032 accipi
890 1948 930 2014 de
946 1949 1033 2014 omni
1049 1950 1121 2016 loco
1138 1955 1172 2016 ct

45 2053 141 2122 offido
157 2058 323 2122 existente
338 2056 373 2121 in
390 2054 533 2122 Ciuitate
549 2054 706 2138 Rivoalti,
722 2057 863 2141 exceptis
886 2055 1172 2140 Procuratoribus,

46 2163 95 2246 qui
109 2163 258 2232 babeant
275 2165 314 2229 de
329 2164 451 2230 salario
468 2162 571 2229 libras
586 2166 751 2229 trecentas
769 2184 829 2247 pro
845 2163 992 2249 quolibet
1007 2164 1041 2229 in
1056 2165 1170 2248 primis

44 2269 137 2336 tribus
169 2270 348 2351 mensibus,
380 2274 415 2335 et
444 2269 521 2335 inde
544 2269 578 2334 in
604 2273 702 2334 antea
718 2275 850 2335 centum
874 2270 1113 2355 quinquaginta
1138 2271 1172 2336 in

44 2399 144 2443 mense
168 2400 232 2463 pro
260 2377 415 2462 quolibet,
441 2383 475 2442 et
499 2381 672 2442 teneantur
698 2377 896 2461 respondere
915 2377 1002 2443 infra
1018 2385 1087 2473 tres
1104 2376 1173 2442 dies

44 2493 209 2571 postquam
226 2491 326 2551 erunt
342 2485 444 2564 electi,
461 2491 494 2549 et
509 2484 556 2550 ire
572 2484 615 2549 ad
630 2484 872 2567 beneplacitum
881 2485 1048 2568 Dominii;
1071 2491 1104 2552 et
1118 2485 1175 2550 ba·

1 2581 2 2590 ¹
45 2591 135 2660 beent
150 2615 256 2661 unum
271 2591 446 2659 Notarium
472 2612 544 2656 cum
570 2591 704 2672 famulo,
719 2613 818 2657 unum
834 2593 1057 2678 interpretem,
1072 2617 1173 2661 unum

45 2709 297 2784 expensatorem,
321 2722 421 2767 unum
446 2698 711 2779 marescalebum,
726 2721 826 2764 uuum
842 2699 976 2764 cochum
993 2707 1027 2766 et
1043 2701 1171 2767 subtus-

44 2829 183 2892 ooquum,
200 2816 237 2876 et
255 2813 398 2892 quatuor
415 2807 591 2873 domicelos
607 2828 668 2891 pro
685 2806 841 2890 quolibet,
861 2813 895 2873 et
910 2809 1038 2892 possint
1054 2829 1173 2891 expen-

45 2914 113 2982 dere
128 2939 187 3002 per
202 2916 348 2998 modum,
364 2936 427 3000 quo
445 2914 630 2999 expendunt
656 2915 761 2980 nostri
776 2914 1021 2984 Ambaxatores
1038 2915 1174 3002 solemp-

44 3045 103 3105 nes,
119 3027 175 3108 qui
191 3027 370 3090 mittuntur
387 3022 431 3088 ad
447 3024 652 3088 creacionem
669 3022 792 3088 domini
807 3023 908 3107 Pape.

143 3133 256 3199 Electi
283 3153 334 3196 ser
355 3131 381 3197 J
381 3131 557 3212 ustiniano,
575 3151 627 3194 ser
643 3127 669 3194 J
670 3127 813 3196 ohannes
830 3129 1029 3212 Gradonico,
1046 3153 1099 3199 ser
1114 3125 1186 3198 Ni·¹

46 3239 148 3306 colans
163 3239 297 3306 Pixani.

141 3349 208 3415 Die
224 3345 329 3414 xm
344 3346 370 3413 J
371 3345 437 3412 ulii.
457 3343 541 3410 Cum
558 3366 610 3410 ser
625 3345 650 3411 J
651 3345 835 3412 ustinianus
851 3343 876 3409 J
876 3347 1039 3414 ustiniano
1055 3349 1175 3415 electus

46 3451 258 3524 Ambaxiator
271 3455 313 3522 ad
329 3454 493 3520 dominum
508 3451 634 3537 Regem
650 3453 824 3538 Hungarie
840 3460 973 3521 excuset
989 3478 1023 3522 se
1040 3463 1175 3542 propter

46 3561 200 3630 deiectum
241 3581 396 3646 persone,
437 3558 529 3626 vadit
559 3581 637 3643 pars
669 3560 732 3625 stb.
763 3559 900 3626 Electus
931 3579 982 3626 ser
1013 3559 1176 3648 Phlippos

47 3667 144 3737 Aurio
161 3672 223 3738 stb.

150 3779 212 3844 Die
244 3775 347 3845 XIX.
378 3775 471 3842 Julii.
504 3812 548 3824 -
574 3813 616 3822 —
633 3813 676 3822 -
693 3811 737 3822 -
769 3774 892 3843 electus
924 3797 977 3842 ser
1007 3775 1176 3844 Jobanner

48 3885 141 3955 Steno
157 3888 219 3955 stb.

149 4031 187 4101 (A
204 4032 314 4082 »misti«
340 4032 431 4083 czimtt
454 4033 596 4083 velenczei
619 4031 846 4096 nllamktinyvbdl
859 4029 947 4082 XXV.
960 4030 1017 4080 not
1032 4033 1075 4081 36.
1088 4029 1128 4080 sk.
1144 4032 1173 4090 11,

50 4118 117 4171 Ari.
131 4123 216 4188 Lnjcs
238 4123 333 4187 kirtly
355 4122 464 4172 venerei
477 4122 506 4172 es
519 4123 541 4174 1.
556 4121 688 4172 Johsnna
710 4119 814 4170 sicilici
836 4119 964 4184 kirtlynd
986 4119 1055 4172 kozt
1077 4121 1171 4172 lomet

51 4209 286 4276 legyversztinetet
299 4211 360 4262 lelsd
372 4211 503 4276 Fojerntl
518 4211 584 4262 (lod.
598 4211 673 4274 Dipl.
687 4211 737 4260 IX.
751 4209 810 4259 ket.
827 4213 851 4259 1.
865 4224 888 4258 r.
902 4213 963 4259 739.
977 4211 1008 4275 l.)
