<?xml version="1.0" encoding="UTF-8"?>
<!DOCTYPE html PUBLIC "-//W3C//DTD XHTML 1.0 Transitional//EN"
    "http://www.w3.org/TR/xhtml1/DTD/xhtml1-transitional.dtd">
<html xmlns="http://www.w3.org/1999/xhtml" xml:lang="en" lang="en">
 <head>
  <title>
</title>
<meta http-equiv="Content-Type" content="text/html;charset=utf-8" />
  <meta name='ocr-system' content='tesseract 3.04.00' />
  <meta name='ocr-capabilities' content='ocr_page ocr_carea ocr_par ocr_line ocrx_word'/>
</head>
<body>
  <div class='ocr_page' id='page_1' title='image "./magyardiplomacz01wenzgoog_0550.png"; bbox 0 0 3220 5248; ppageno 0'>
   <div class='ocr_carea' id='block_1_1' title="bbox 707 328 1242 410">
    <p class='ocr_par' dir='ltr' id='par_1_1' title="bbox 707 328 1242 410">
     <span class='ocr_line' id='line_1_1' title="bbox 707 328 1242 410; baseline -0.002 -2"><span class='ocrx_word' id='word_1_1' title='bbox 707 328 710 348; x_wconf 68' lang='lat'><strong>¹</strong></span> <span class='ocrx_word' id='word_1_2' title='bbox 792 347 1023 410; x_wconf 77' lang='lat' dir='ltr'>nrrnouuoanu</span> <span class='ocrx_word' id='word_1_3' title='bbox 1042 339 1211 408; x_wconf 76' lang='lat' dir='ltr'>snnirsr.</span> <span class='ocrx_word' id='word_1_4' title='bbox 1237 371 1242 376; x_wconf 96' lang='lat'>·</span> 
     </span>
    </p>
   </div>
   <div class='ocr_carea' id='block_1_2' title="bbox 439 513 1574 1470">
    <p class='ocr_par' dir='ltr' id='par_1_2' title="bbox 869 513 1574 1038">
     <span class='ocr_line' id='line_1_2' title="bbox 872 513 1573 605; baseline -0.001 -20"><span class='ocrx_word' id='word_1_5' title='bbox 872 521 975 588; x_wconf 87' lang='lat' dir='ltr'>simile</span> <span class='ocrx_word' id='word_1_6' title='bbox 1017 524 1269 588; x_wconf 78' lang='lat' dir='ltr'>inst-rumentum</span> <span class='ocrx_word' id='word_1_7' title='bbox 1319 523 1358 588; x_wconf 89' lang='lat' dir='ltr'>de</span> <span class='ocrx_word' id='word_1_8' title='bbox 1406 513 1573 605; x_wconf 81' lang='lat' dir='ltr'>premissis</span> 
     </span>
     <span class='ocr_line' id='line_1_3' title="bbox 869 628 1574 714; baseline -0.006 -19"><span class='ocrx_word' id='word_1_9' title='bbox 869 629 1012 695; x_wconf 84' lang='lat' dir='ltr'>dandum</span> <span class='ocrx_word' id='word_1_10' title='bbox 1029 629 1161 694; x_wconf 90' lang='lat' dir='ltr'>domino</span> <span class='ocrx_word' id='word_1_11' title='bbox 1174 629 1265 714; x_wconf 82' lang='lat' dir='ltr'>Regi,</span> <span class='ocrx_word' id='word_1_12' title='bbox 1275 629 1391 713; x_wconf 86' lang='lat' dir='ltr'>scripsi</span> <span class='ocrx_word' id='word_1_13' title='bbox 1401 630 1480 694; x_wconf 88' lang='lat' dir='ltr'>etin</span> <span class='ocrx_word' id='word_1_14' title='bbox 1492 628 1574 693; x_wconf 83' lang='lat' dir='ltr'>hanc</span> 
     </span>
     <span class='ocr_line' id='line_1_4' title="bbox 869 736 1574 820; baseline -0.004 -19"><span class='ocrx_word' id='word_1_15' title='bbox 869 736 1036 818; x_wconf 79' lang='lat' dir='ltr'>publicam</span> <span class='ocrx_word' id='word_1_16' title='bbox 1070 737 1208 802; x_wconf 84' lang='lat' dir='ltr'>formam</span> <span class='ocrx_word' id='word_1_17' title='bbox 1232 737 1356 820; x_wconf 83' lang='lat' dir='ltr'>redegi,</span> <span class='ocrx_word' id='word_1_18' title='bbox 1382 737 1574 820; x_wconf 72' lang='lat' dir='ltr'>signumque</span> 
     </span>
     <span class='ocr_line' id='line_1_5' title="bbox 870 845 1574 929; baseline 0.001 -20"><span class='ocrx_word' id='word_1_19' title='bbox 870 865 978 910; x_wconf 89' lang='lat' dir='ltr'>meum</span> <span class='ocrx_word' id='word_1_20' title='bbox 995 846 1132 929; x_wconf 86' lang='lat' dir='ltr'>apposui</span> <span class='ocrx_word' id='word_1_21' title='bbox 1154 851 1344 910; x_wconf 86' lang='lat' dir='ltr'>consuetum</span> <span class='ocrx_word' id='word_1_22' title='bbox 1368 845 1403 908; x_wconf 93' lang='lat' dir='ltr'>in</span> <span class='ocrx_word' id='word_1_23' title='bbox 1429 846 1574 910; x_wconf 76' lang='lat' dir='ltr'>testimo</span> 
     </span>
     <span class='ocr_line' id='line_1_6' title="bbox 870 954 1375 1038; baseline 0.002 -21"><span class='ocrx_word' id='word_1_24' title='bbox 870 955 960 1018; x_wconf 90' lang='lat' dir='ltr'>nium</span> <span class='ocrx_word' id='word_1_25' title='bbox 977 954 1119 1018; x_wconf 88' lang='lat' dir='ltr'>omnium</span> <span class='ocrx_word' id='word_1_26' title='bbox 1136 954 1375 1038; x_wconf 85' lang='lat' dir='ltr'>premissorum.</span> 
     </span>
    </p>

    <p class='ocr_par' dir='ltr' id='par_1_3' title="bbox 439 1059 1574 1470">
     <span class='ocr_line' id='line_1_7' title="bbox 546 1059 1572 1146; baseline -0.005 -19"><span class='ocrx_word' id='word_1_27' title='bbox 546 1063 593 1127; x_wconf 82' lang='lat' dir='ltr'>Et</span> <span class='ocrx_word' id='word_1_28' title='bbox 609 1060 682 1146; x_wconf 81' lang='lat' dir='ltr'>Ego</span> <span class='ocrx_word' id='word_1_29' title='bbox 699 1060 825 1126; x_wconf 88' lang='lat' dir='ltr'>Paulus</span> <span class='ocrx_word' id='word_1_30' title='bbox 842 1061 883 1126; x_wconf 90' lang='lat' dir='ltr'>de</span> <span class='ocrx_word' id='word_1_31' title='bbox 899 1060 1073 1128; x_wconf 88' lang='lat' dir='ltr'>Bernardo</span> <span class='ocrx_word' id='word_1_32' title='bbox 1097 1061 1237 1127; x_wconf 86' lang='lat' dir='ltr'>condem</span> <span class='ocrx_word' id='word_1_33' title='bbox 1263 1060 1385 1126; x_wconf 88' lang='lat' dir='ltr'>domini</span> <span class='ocrx_word' id='word_1_34' title='bbox 1410 1059 1436 1126; x_wconf 84' lang='lat' dir='ltr'><strong>J</strong></span> <span class='ocrx_word' id='word_1_35' title='bbox 1438 1059 1572 1124; x_wconf 85' lang='lat' dir='ltr'>chunnis</span> 
     </span>
     <span class='ocr_line' id='line_1_8' title="bbox 440 1167 1573 1254; baseline -0.004 -18"><span class='ocrx_word' id='word_1_36' title='bbox 440 1170 610 1254; x_wconf 91' lang='lat' dir='ltr'>Imperiali</span> <span class='ocrx_word' id='word_1_37' title='bbox 651 1170 849 1235; x_wconf 86' lang='lat' dir='ltr'>auctoritate</span> <span class='ocrx_word' id='word_1_38' title='bbox 889 1169 1050 1235; x_wconf 88' lang='lat' dir='ltr'>Notarius</span> <span class='ocrx_word' id='word_1_39' title='bbox 1091 1175 1124 1236; x_wconf 89' lang='lat' dir='ltr'>et</span> <span class='ocrx_word' id='word_1_40' title='bbox 1164 1168 1313 1234; x_wconf 87' lang='lat' dir='ltr'>Ducatus</span> <span class='ocrx_word' id='word_1_41' title='bbox 1354 1167 1573 1235; x_wconf 83' lang='lat' dir='ltr'>Veneciarum</span> 
     </span>
     <span class='ocr_line' id='line_1_9' title="bbox 440 1274 1574 1362; baseline -0.004 -19"><span class='ocrx_word' id='word_1_42' title='bbox 440 1277 557 1343; x_wconf 85' lang='lat' dir='ltr'>Scriba</span> <span class='ocrx_word' id='word_1_43' title='bbox 573 1277 727 1362; x_wconf 80' lang='lat' dir='ltr'>predictis</span> <span class='ocrx_word' id='word_1_44' title='bbox 742 1276 876 1342; x_wconf 87' lang='lat' dir='ltr'>interfui</span> <span class='ocrx_word' id='word_1_45' title='bbox 893 1282 927 1341; x_wconf 87' lang='lat' dir='ltr'>et</span> <span class='ocrx_word' id='word_1_46' title='bbox 943 1277 1047 1342; x_wconf 89' lang='lat' dir='ltr'>simile</span> <span class='ocrx_word' id='word_1_47' title='bbox 1063 1279 1316 1344; x_wconf 76' lang='lat' dir='ltr'>instrumentum</span> <span class='ocrx_word' id='word_1_48' title='bbox 1333 1274 1469 1356; x_wconf 82' lang='lat' dir='ltr'>confeci,</span> <span class='ocrx_word' id='word_1_49' title='bbox 1490 1275 1574 1357; x_wconf 90' lang='lat' dir='ltr'>quod</span> 
     </span>
     <span class='ocr_line' id='line_1_10' title="bbox 439 1385 1329 1470; baseline -0.003 -18"><span class='ocrx_word' id='word_1_50' title='bbox 439 1388 596 1452; x_wconf 78' lang='lat' dir='ltr'>remansit</span> <span class='ocrx_word' id='word_1_51' title='bbox 612 1386 701 1470; x_wconf 85' lang='lat' dir='ltr'>apud</span> <span class='ocrx_word' id='word_1_52' title='bbox 717 1385 882 1450; x_wconf 90' lang='lat' dir='ltr'>dominum</span> <span class='ocrx_word' id='word_1_53' title='bbox 897 1386 1032 1469; x_wconf 84' lang='lat' dir='ltr'>Regem.</span> <span class='ocrx_word' id='word_1_54' title='bbox 1325 1385 1329 1392; x_wconf 85' lang='lat'>&#39;</span> 
     </span>
    </p>
   </div>
   <div class='ocr_carea' id='block_1_3' title="bbox 477 1504 1540 1596">
    <p class='ocr_par' dir='ltr' id='par_1_4' title="bbox 477 1504 1540 1596">
     <span class='ocr_line' id='line_1_11' title="bbox 477 1504 1540 1596; baseline -0.003 -13"><span class='ocrx_word' id='word_1_55' title='bbox 477 1504 514 1594; x_wconf 71' lang='lat' dir='ltr'>(h</span> <span class='ocrx_word' id='word_1_56' title='bbox 529 1533 628 1582; x_wconf 78' lang='lat' dir='ltr'>»Liber</span> <span class='ocrx_word' id='word_1_57' title='bbox 641 1533 807 1583; x_wconf 76' lang='lat' dir='ltr'>Paetonrm«</span> <span class='ocrx_word' id='word_1_58' title='bbox 822 1532 912 1582; x_wconf 81' lang='lat' dir='ltr'>czimd</span> <span class='ocrx_word' id='word_1_59' title='bbox 925 1532 1064 1582; x_wconf 84' lang='lat' dir='ltr'>velencaei</span> <span class='ocrx_word' id='word_1_60' title='bbox 1077 1531 1306 1596; x_wconf 67' lang='lat' dir='ltr'>allamkonyvboz</span> <span class='ocrx_word' id='word_1_61' title='bbox 1319 1532 1353 1582; x_wconf 84' lang='lat' dir='ltr'>V.</span> <span class='ocrx_word' id='word_1_62' title='bbox 1367 1531 1419 1580; x_wconf 85' lang='lat' dir='ltr'>kot</span> <span class='ocrx_word' id='word_1_63' title='bbox 1433 1508 1498 1580; x_wconf 61' lang='lat' dir='ltr'>loz</span> <span class='ocrx_word' id='word_1_64' title='bbox 1509 1531 1540 1591; x_wconf 92' lang='lat' dir='ltr'>l.)</span> 
     </span>
    </p>
   </div>
   <div class='ocr_carea' id='block_1_4' title="bbox 437 1709 1571 2009">
    <p class='ocr_par' dir='ltr' id='par_1_5' title="bbox 437 1709 1571 2009">
     <span class='ocr_line' id='line_1_12' title="bbox 438 1709 1571 1799; baseline -0.005 -21"><span class='ocrx_word' id='word_1_65' title='bbox 438 1713 483 1799; x_wconf 74' lang='lat' dir='ltr'>F)</span> <span class='ocrx_word' id='word_1_66' title='bbox 520 1711 548 1778; x_wconf 94' lang='grc' dir='ltr'>Ι.</span> <span class='ocrx_word' id='word_1_67' title='bbox 586 1711 722 1796; x_wconf 84' lang='lat' dir='ltr'>Lajos</span> <span class='ocrx_word' id='word_1_68' title='bbox 755 1711 1005 1796; x_wconf 74' lang='lat' dir='ltr'>kirtlynak</span> <span class='ocrx_word' id='word_1_69' title='bbox 1043 1733 1063 1777; x_wconf 87' lang='lat' dir='ltr'>a</span> <span class='ocrx_word' id='word_1_70' title='bbox 1101 1709 1309 1776; x_wconf 86' lang='lat' dir='ltr'>fentebbi</span> <span class='ocrx_word' id='word_1_71' title='bbox 1347 1709 1571 1790; x_wconf 77' lang='lat' dir='ltr'>bekesseg</span> 
     </span>
     <span class='ocr_line' id='line_1_13' title="bbox 437 1817 1571 1903; baseline -0.004 -18"><span class='ocrx_word' id='word_1_72' title='bbox 437 1818 811 1902; x_wconf 74' lang='lat' dir='ltr'>foganetositesa</span> <span class='ocrx_word' id='word_1_73' title='bbox 859 1823 1013 1903; x_wconf 82' lang='lat' dir='ltr'>vegett</span> <span class='ocrx_word' id='word_1_74' title='bbox 1068 1818 1311 1884; x_wconf 82' lang='lat' dir='ltr'>kikuldntt</span> <span class='ocrx_word' id='word_1_75' title='bbox 1366 1817 1571 1882; x_wconf 87' lang='lat' dir='ltr'>biztosai</span> 
     </span>
     <span class='ocr_line' id='line_1_14' title="bbox 521 1928 1492 2009; baseline -0.005 -15"><span class='ocrx_word' id='word_1_76' title='bbox 521 1928 1492 2009; x_wconf 76' lang='lat' dir='ltr'>szamaraadottlelhatalmazrtnys.1358.</span> 
     </span>
    </p>
   </div>
   <div class='ocr_carea' id='block_1_5' title="bbox 436 2051 1584 4618">
    <p class='ocr_par' dir='ltr' id='par_1_6' title="bbox 436 2051 1585 4624">
     <span class='ocr_line' id='line_1_15' title="bbox 543 2051 1568 2138; baseline -0.002 -21"><span class='ocrx_word' id='word_1_77' title='bbox 543 2051 615 2118; x_wconf 85' lang='lat' dir='ltr'>Nos</span> <span class='ocrx_word' id='word_1_78' title='bbox 632 2051 815 2118; x_wconf 87' lang='lat' dir='ltr'>Lodovicus</span> <span class='ocrx_word' id='word_1_79' title='bbox 831 2051 896 2118; x_wconf 91' lang='lat' dir='ltr'>Dei</span> <span class='ocrx_word' id='word_1_80' title='bbox 913 2055 1022 2138; x_wconf 84' lang='lat' dir='ltr'>gratia</span> <span class='ocrx_word' id='word_1_81' title='bbox 1037 2055 1112 2120; x_wconf 87' lang='lat' dir='ltr'>Rex</span> <span class='ocrx_word' id='word_1_82' title='bbox 1128 2053 1299 2137; x_wconf 84' lang='lat' dir='ltr'>Hungarie</span> <span class='ocrx_word' id='word_1_83' title='bbox 1326 2058 1386 2116; x_wconf 87' lang='lat' dir='ltr'>eta</span> <span class='ocrx_word' id='word_1_84' title='bbox 1413 2052 1568 2117; x_wconf 84' lang='lat' dir='ltr'>universis</span> 
     </span>
     <span class='ocr_line' id='line_1_16' title="bbox 438 2160 1569 2246; baseline -0.001 -20"><span class='ocrx_word' id='word_1_85' title='bbox 438 2167 471 2226; x_wconf 88' lang='lat' dir='ltr'>et</span> <span class='ocrx_word' id='word_1_86' title='bbox 496 2160 634 2242; x_wconf 85' lang='lat' dir='ltr'>siugulis</span> <span class='ocrx_word' id='word_1_87' title='bbox 659 2168 831 2244; x_wconf 85' lang='lat' dir='ltr'>presentes</span> <span class='ocrx_word' id='word_1_88' title='bbox 847 2162 976 2228; x_wconf 87' lang='lat' dir='ltr'>litteras</span> <span class='ocrx_word' id='word_1_89' title='bbox 991 2163 1186 2246; x_wconf 88' lang='lat' dir='ltr'>inspecturis</span> <span class='ocrx_word' id='word_1_90' title='bbox 1203 2161 1271 2226; x_wconf 93' lang='lat' dir='ltr'>fieri</span> <span class='ocrx_word' id='word_1_91' title='bbox 1296 2162 1447 2226; x_wconf 87' lang='lat' dir='ltr'>volumus</span> <span class='ocrx_word' id='word_1_92' title='bbox 1472 2161 1569 2225; x_wconf 81' lang='lat' dir='ltr'>mani·</span> 
     </span>
     <span class='ocr_line' id='line_1_17' title="bbox 438 2266 1568 2354; baseline 0 -21"><span class='ocrx_word' id='word_1_93' title='bbox 438 2269 566 2352; x_wconf 81' lang='lat' dir='ltr'>festum,</span> <span class='ocrx_word' id='word_1_94' title='bbox 583 2267 669 2348; x_wconf 89' lang='lat' dir='ltr'>quod</span> <span class='ocrx_word' id='word_1_95' title='bbox 685 2289 758 2333; x_wconf 91' lang='lat' dir='ltr'>oum</span> <span class='ocrx_word' id='word_1_96' title='bbox 775 2270 935 2334; x_wconf 85' lang='lat' dir='ltr'>internos</span> <span class='ocrx_word' id='word_1_97' title='bbox 952 2291 992 2334; x_wconf 90' lang='lat' dir='ltr'>ex</span> <span class='ocrx_word' id='word_1_98' title='bbox 1007 2291 1074 2335; x_wconf 87' lang='lat' dir='ltr'>una</span> <span class='ocrx_word' id='word_1_99' title='bbox 1089 2274 1193 2354; x_wconf 91' lang='lat' dir='ltr'>parte,</span> <span class='ocrx_word' id='word_1_100' title='bbox 1210 2274 1243 2333; x_wconf 88' lang='lat' dir='ltr'>et</span> <span class='ocrx_word' id='word_1_101' title='bbox 1259 2268 1426 2334; x_wconf 89' lang='lat' dir='ltr'>dominum</span> <span class='ocrx_word' id='word_1_102' title='bbox 1445 2266 1568 2334; x_wconf 82' lang='lat' dir='ltr'>Ducem</span> 
     </span>
     <span class='ocr_line' id='line_1_18' title="bbox 438 2373 1569 2462; baseline -0.001 -20"><span class='ocrx_word' id='word_1_103' title='bbox 438 2383 471 2442; x_wconf 89' lang='lat' dir='ltr'>et</span> <span class='ocrx_word' id='word_1_104' title='bbox 486 2373 664 2442; x_wconf 76' lang='lat' dir='ltr'>Commune</span> <span class='ocrx_word' id='word_1_105' title='bbox 680 2375 899 2444; x_wconf 83' lang='lat' dir='ltr'>Voneoisrnm</span> <span class='ocrx_word' id='word_1_106' title='bbox 916 2399 972 2445; x_wconf 89' lang='lat' dir='ltr'>seu</span> <span class='ocrx_word' id='word_1_107' title='bbox 990 2377 1232 2445; x_wconf 84' lang='lat' dir='ltr'>Ambaxatores</span> <span class='ocrx_word' id='word_1_108' title='bbox 1258 2383 1291 2443; x_wconf 90' lang='lat' dir='ltr'>et</span> <span class='ocrx_word' id='word_1_109' title='bbox 1308 2376 1471 2462; x_wconf 83' lang='lat' dir='ltr'>Syndicos</span> <span class='ocrx_word' id='word_1_110' title='bbox 1499 2400 1569 2443; x_wconf 90' lang='lat' dir='ltr'>suos</span> 
     </span>
     <span class='ocr_line' id='line_1_19' title="bbox 437 2483 1566 2568; baseline 0.002 -20"><span class='ocrx_word' id='word_1_111' title='bbox 437 2483 646 2550; x_wconf 81' lang='lat' dir='ltr'>honorabiles</span> <span class='ocrx_word' id='word_1_112' title='bbox 686 2485 771 2551; x_wconf 86' lang='lat' dir='ltr'>viros</span> <span class='ocrx_word' id='word_1_113' title='bbox 812 2486 959 2551; x_wconf 89' lang='lat' dir='ltr'>dominos</span> <span class='ocrx_word' id='word_1_114' title='bbox 991 2487 1127 2553; x_wconf 91' lang='lat' dir='ltr'>Petrum</span> <span class='ocrx_word' id='word_1_115' title='bbox 1161 2485 1342 2568; x_wconf 74' lang='lat' dir='ltr'>Trivisano,</span> <span class='ocrx_word' id='word_1_116' title='bbox 1379 2485 1566 2551; x_wconf 82' lang='lat' dir='ltr'>Joheunern</span> 
     </span>
     <span class='ocr_line' id='line_1_20' title="bbox 439 2591 1568 2674; baseline 0 -16"><span class='ocrx_word' id='word_1_117' title='bbox 439 2591 637 2674; x_wconf 82' lang='lat' dir='ltr'>Gradenioo,</span> <span class='ocrx_word' id='word_1_118' title='bbox 662 2599 695 2658; x_wconf 89' lang='lat' dir='ltr'>et</span> <span class='ocrx_word' id='word_1_119' title='bbox 719 2593 936 2659; x_wconf 86' lang='lat' dir='ltr'>Beneintendi</span> <span class='ocrx_word' id='word_1_120' title='bbox 963 2593 1206 2660; x_wconf 75' lang='lat' dir='ltr'>cancellarium</span> <span class='ocrx_word' id='word_1_121' title='bbox 1232 2591 1383 2659; x_wconf 82' lang='lat' dir='ltr'>Ducstus</span> <span class='ocrx_word' id='word_1_122' title='bbox 1418 2599 1453 2658; x_wconf 91' lang='lat' dir='ltr'>et</span> <span class='ocrx_word' id='word_1_123' title='bbox 1478 2592 1568 2658; x_wconf 85' lang='lat' dir='ltr'>Com·</span> 
     </span>
     <span class='ocr_line' id='line_1_21' title="bbox 438 2697 1567 2784; baseline 0 -20"><span class='ocrx_word' id='word_1_124' title='bbox 438 2701 544 2764; x_wconf 90' lang='lat' dir='ltr'>munis</span> <span class='ocrx_word' id='word_1_125' title='bbox 567 2697 788 2767; x_wconf 85' lang='lat' dir='ltr'>Veueciarurn</span> <span class='ocrx_word' id='word_1_126' title='bbox 806 2721 845 2765; x_wconf 85' lang='lat' dir='ltr'>ex</span> <span class='ocrx_word' id='word_1_127' title='bbox 862 2701 977 2783; x_wconf 85' lang='lat' dir='ltr'>altera,</span> <span class='ocrx_word' id='word_1_128' title='bbox 993 2701 1076 2766; x_wconf 85' lang='lat' dir='ltr'>inita</span> <span class='ocrx_word' id='word_1_129' title='bbox 1092 2703 1134 2765; x_wconf 91' lang='lat' dir='ltr'>sit</span> <span class='ocrx_word' id='word_1_130' title='bbox 1150 2701 1275 2784; x_wconf 89' lang='lat' dir='ltr'>pariter</span> <span class='ocrx_word' id='word_1_131' title='bbox 1292 2705 1325 2764; x_wconf 90' lang='lat' dir='ltr'>et</span> <span class='ocrx_word' id='word_1_132' title='bbox 1341 2698 1474 2766; x_wconf 85' lang='lat' dir='ltr'>firmata</span> <span class='ocrx_word' id='word_1_133' title='bbox 1498 2721 1567 2783; x_wconf 79' lang='lat' dir='ltr'>pax,</span> 
     </span>
     <span class='ocr_line' id='line_1_22' title="bbox 439 2806 1567 2893; baseline 0 -22"><span class='ocrx_word' id='word_1_134' title='bbox 439 2806 613 2872; x_wconf 91' lang='lat' dir='ltr'>concordia</span> <span class='ocrx_word' id='word_1_135' title='bbox 638 2814 671 2872; x_wconf 91' lang='lat' dir='ltr'>et</span> <span class='ocrx_word' id='word_1_136' title='bbox 693 2808 838 2874; x_wconf 86' lang='lat' dir='ltr'>amicitia</span> <span class='ocrx_word' id='word_1_137' title='bbox 853 2807 925 2873; x_wconf 85' lang='lat' dir='ltr'>Deo</span> <span class='ocrx_word' id='word_1_138' title='bbox 942 2809 1088 2893; x_wconf 86' lang='lat' dir='ltr'>propicio</span> <span class='ocrx_word' id='word_1_139' title='bbox 1105 2814 1263 2892; x_wconf 90' lang='lat' dir='ltr'>perpetuo</span> <span class='ocrx_word' id='word_1_140' title='bbox 1289 2807 1451 2872; x_wconf 80' lang='lat' dir='ltr'>duratura</span> <span class='ocrx_word' id='word_1_141' title='bbox 1476 2829 1567 2891; x_wconf 89' lang='lat' dir='ltr'>super</span> 
     </span>
     <span class='ocr_line' id='line_1_23' title="bbox 439 2914 1568 2998; baseline -0.001 -17"><span class='ocrx_word' id='word_1_142' title='bbox 439 2916 587 2981; x_wconf 91' lang='lat' dir='ltr'>omnibus</span> <span class='ocrx_word' id='word_1_143' title='bbox 614 2921 647 2980; x_wconf 90' lang='lat' dir='ltr'>et</span> <span class='ocrx_word' id='word_1_144' title='bbox 671 2915 807 2998; x_wconf 84' lang='lat' dir='ltr'>singulis</span> <span class='ocrx_word' id='word_1_145' title='bbox 833 2915 1028 2982; x_wconf 88' lang='lat' dir='ltr'>differentiis</span> <span class='ocrx_word' id='word_1_146' title='bbox 1052 2917 1128 2980; x_wconf 91' lang='lat' dir='ltr'>hino</span> <span class='ocrx_word' id='word_1_147' title='bbox 1154 2917 1229 2982; x_wconf 90' lang='lat' dir='ltr'>inde</span> <span class='ocrx_word' id='word_1_148' title='bbox 1254 2914 1465 2997; x_wconf 88' lang='lat' dir='ltr'>vertentibus,</span> <span class='ocrx_word' id='word_1_149' title='bbox 1489 2917 1568 2980; x_wconf 83' lang='lat' dir='ltr'>sicut</span> 
     </span>
     <span class='ocr_line' id='line_1_24' title="bbox 438 3021 1567 3107; baseline 0.004 -21"><span class='ocrx_word' id='word_1_150' title='bbox 438 3024 472 3088; x_wconf 93' lang='lat' dir='ltr'>in</span> <span class='ocrx_word' id='word_1_151' title='bbox 487 3023 606 3087; x_wconf 90' lang='lat' dir='ltr'>litteris</span> <span class='ocrx_word' id='word_1_152' title='bbox 623 3023 744 3088; x_wconf 80' lang='lat' dir='ltr'>nostris</span> <span class='ocrx_word' id='word_1_153' title='bbox 760 3021 874 3107; x_wconf 84' lang='lat' dir='ltr'>Regiis</span> <span class='ocrx_word' id='word_1_154' title='bbox 891 3029 923 3086; x_wconf 89' lang='lat' dir='ltr'>et</span> <span class='ocrx_word' id='word_1_155' title='bbox 934 3025 1158 3088; x_wconf 76' lang='lat' dir='ltr'>instrumentis</span> <span class='ocrx_word' id='word_1_156' title='bbox 1174 3022 1311 3106; x_wconf 89' lang='lat' dir='ltr'>publicis</span> <span class='ocrx_word' id='word_1_157' title='bbox 1323 3022 1443 3087; x_wconf 89' lang='lat' dir='ltr'>secutis</span> <span class='ocrx_word' id='word_1_158' title='bbox 1455 3025 1567 3089; x_wconf 82' lang='lat' dir='ltr'>exinde</span> 
     </span>
     <span class='ocr_line' id='line_1_25' title="bbox 437 3127 1565 3216; baseline 0.002 -22"><span class='ocrx_word' id='word_1_159' title='bbox 437 3130 565 3213; x_wconf 89' lang='lat' dir='ltr'>plenius</span> <span class='ocrx_word' id='word_1_160' title='bbox 590 3130 791 3195; x_wconf 86' lang='lat' dir='ltr'>continetur:</span> <span class='ocrx_word' id='word_1_161' title='bbox 816 3130 940 3196; x_wconf 87' lang='lat' dir='ltr'>ideirco</span> <span class='ocrx_word' id='word_1_162' title='bbox 965 3151 1024 3195; x_wconf 89' lang='lat' dir='ltr'>nos</span> <span class='ocrx_word' id='word_1_163' title='bbox 1050 3128 1194 3194; x_wconf 88' lang='lat' dir='ltr'>volentes</span> <span class='ocrx_word' id='word_1_164' title='bbox 1221 3127 1400 3212; x_wconf 86' lang='lat' dir='ltr'>adimplere</span> <span class='ocrx_word' id='word_1_165' title='bbox 1426 3151 1474 3210; x_wconf 83' lang='lat' dir='ltr'>ea,</span> <span class='ocrx_word' id='word_1_166' title='bbox 1509 3153 1565 3216; x_wconf 84' lang='lat' dir='ltr'>que</span> 
     </span>
     <span class='ocr_line' id='line_1_26' title="bbox 437 3237 1565 3322; baseline 0.001 -19"><span class='ocrx_word' id='word_1_167' title='bbox 437 3260 497 3322; x_wconf 91' lang='lat' dir='ltr'>pro</span> <span class='ocrx_word' id='word_1_168' title='bbox 524 3243 620 3322; x_wconf 84' lang='lat' dir='ltr'>perte</span> <span class='ocrx_word' id='word_1_169' title='bbox 646 3244 760 3304; x_wconf 85' lang='lat' dir='ltr'>nostra</span> <span class='ocrx_word' id='word_1_170' title='bbox 775 3243 852 3302; x_wconf 88' lang='lat' dir='ltr'>sunt</span> <span class='ocrx_word' id='word_1_171' title='bbox 875 3239 961 3303; x_wconf 88' lang='lat' dir='ltr'>circa</span> <span class='ocrx_word' id='word_1_172' title='bbox 985 3240 1091 3321; x_wconf 89' lang='lat' dir='ltr'>ipsum</span> <span class='ocrx_word' id='word_1_173' title='bbox 1116 3237 1323 3303; x_wconf 88' lang='lat' dir='ltr'>concordium</span> <span class='ocrx_word' id='word_1_174' title='bbox 1349 3237 1565 3322; x_wconf 78' lang='lat' dir='ltr'>adimplenda,</span> 
     </span>
     <span class='ocr_line' id='line_1_27' title="bbox 437 3345 1565 3430; baseline 0.002 -20"><span class='ocrx_word' id='word_1_175' title='bbox 437 3345 581 3430; x_wconf 88' lang='lat' dir='ltr'>fecimus,</span> <span class='ocrx_word' id='word_1_176' title='bbox 598 3346 825 3412; x_wconf 89' lang='lat' dir='ltr'>constituimus</span> <span class='ocrx_word' id='word_1_177' title='bbox 840 3353 872 3412; x_wconf 88' lang='lat' dir='ltr'>et</span> <span class='ocrx_word' id='word_1_178' title='bbox 888 3347 1108 3412; x_wconf 84' lang='lat' dir='ltr'>ordinavimus</span> <span class='ocrx_word' id='word_1_179' title='bbox 1124 3345 1236 3412; x_wconf 88' lang='lat' dir='ltr'>fideles</span> <span class='ocrx_word' id='word_1_180' title='bbox 1251 3349 1383 3411; x_wconf 89' lang='lat' dir='ltr'>nostros</span> <span class='ocrx_word' id='word_1_181' title='bbox 1411 3345 1565 3412; x_wconf 80' lang='lat' dir='ltr'>Consilia·</span> 
     </span>
     <span class='ocr_line' id='line_1_28' title="bbox 438 3451 1564 3537; baseline 0.004 -19"><span class='ocrx_word' id='word_1_182' title='bbox 438 3454 512 3534; x_wconf 91' lang='lat' dir='ltr'>rios,</span> <span class='ocrx_word' id='word_1_183' title='bbox 536 3451 770 3521; x_wconf 85' lang='lat' dir='ltr'>Venerabilem</span> <span class='ocrx_word' id='word_1_184' title='bbox 797 3455 830 3518; x_wconf 91' lang='lat' dir='ltr'>in</span> <span class='ocrx_word' id='word_1_185' title='bbox 858 3455 979 3519; x_wconf 89' lang='lat' dir='ltr'>christo</span> <span class='ocrx_word' id='word_1_186' title='bbox 1006 3455 1144 3520; x_wconf 83' lang='lat' dir='ltr'>Patrem</span> <span class='ocrx_word' id='word_1_187' title='bbox 1173 3453 1339 3519; x_wconf 89' lang='lat' dir='ltr'>dominum</span> <span class='ocrx_word' id='word_1_188' title='bbox 1364 3451 1564 3537; x_wconf 85' lang='lat' dir='ltr'>Stephanum</span> 
     </span>
     <span class='ocr_line' id='line_1_29' title="bbox 437 3560 1562 3650; baseline 0 -22"><span class='ocrx_word' id='word_1_189' title='bbox 437 3560 694 3645; x_wconf 85' lang='lat' dir='ltr'>Zagrabiensenr</span> <span class='ocrx_word' id='word_1_190' title='bbox 718 3563 927 3650; x_wconf 88' lang='lat' dir='ltr'>Episcopum,</span> <span class='ocrx_word' id='word_1_191' title='bbox 954 3571 985 3628; x_wconf 89' lang='lat' dir='ltr'>et</span> <span class='ocrx_word' id='word_1_192' title='bbox 1013 3562 1229 3646; x_wconf 85' lang='lat' dir='ltr'>Magnificum</span> <span class='ocrx_word' id='word_1_193' title='bbox 1263 3562 1367 3626; x_wconf 89' lang='lat' dir='ltr'>virum</span> <span class='ocrx_word' id='word_1_194' title='bbox 1402 3562 1562 3628; x_wconf 88' lang='lat' dir='ltr'>dominum</span> 
     </span>
     <span class='ocr_line' id='line_1_30' title="bbox 437 3668 1563 3752; baseline 0.004 -18"><span class='ocrx_word' id='word_1_195' title='bbox 437 3668 611 3735; x_wconf 88' lang='lat' dir='ltr'>Nicolaum</span> <span class='ocrx_word' id='word_1_196' title='bbox 628 3670 728 3736; x_wconf 85' lang='lat' dir='ltr'>Curie</span> <span class='ocrx_word' id='word_1_197' title='bbox 743 3677 852 3736; x_wconf 89' lang='lat' dir='ltr'>nostre</span> <span class='ocrx_word' id='word_1_198' title='bbox 869 3672 893 3737; x_wconf 93' lang='lat' dir='ltr'><strong>J</strong></span> <span class='ocrx_word' id='word_1_199' title='bbox 895 3671 1024 3736; x_wconf 88' lang='lat' dir='ltr'>udicem</span> <span class='ocrx_word' id='word_1_200' title='bbox 1042 3677 1172 3737; x_wconf 88' lang='lat' dir='ltr'>nostros</span> <span class='ocrx_word' id='word_1_201' title='bbox 1197 3671 1444 3752; x_wconf 87' lang='lat' dir='ltr'>Procuratores,</span> <span class='ocrx_word' id='word_1_202' title='bbox 1471 3669 1563 3738; x_wconf 86' lang='lat' dir='ltr'>Acto-</span> 
     </span>
     <span class='ocr_line' id='line_1_31' title="bbox 437 3775 1561 3864; baseline 0.004 -22"><span class='ocrx_word' id='word_1_203' title='bbox 437 3799 491 3843; x_wconf 92' lang='lat' dir='ltr'>res</span> <span class='ocrx_word' id='word_1_204' title='bbox 507 3784 539 3842; x_wconf 92' lang='lat' dir='ltr'>et</span> <span class='ocrx_word' id='word_1_205' title='bbox 554 3775 588 3843; x_wconf 89' lang='lat' dir='ltr'>N</span> <span class='ocrx_word' id='word_1_206' title='bbox 590 3779 701 3843; x_wconf 87' lang='lat' dir='ltr'>uncios</span> <span class='ocrx_word' id='word_1_207' title='bbox 718 3776 894 3863; x_wconf 75' lang='lat' dir='ltr'>SpecialeS,</span> <span class='ocrx_word' id='word_1_208' title='bbox 911 3786 945 3844; x_wconf 91' lang='lat' dir='ltr'>et</span> <span class='ocrx_word' id='word_1_209' title='bbox 960 3779 1137 3864; x_wconf 87' lang='lat' dir='ltr'>quemlibet</span> <span class='ocrx_word' id='word_1_210' title='bbox 1162 3801 1274 3844; x_wconf 89' lang='lat' dir='ltr'>eorum</span> <span class='ocrx_word' id='word_1_211' title='bbox 1291 3780 1324 3843; x_wconf 93' lang='lat' dir='ltr'>in</span> <span class='ocrx_word' id='word_1_212' title='bbox 1350 3779 1501 3860; x_wconf 89' lang='lat' dir='ltr'>solidum,</span> <span class='ocrx_word' id='word_1_213' title='bbox 1525 3781 1561 3846; x_wconf 87' lang='lat' dir='ltr'>sd</span> 
     </span>
     <span class='ocr_line' id='line_1_32' title="bbox 438 3885 1561 3969; baseline 0.001 -17"><span class='ocrx_word' id='word_1_214' title='bbox 438 3885 692 3969; x_wconf 88' lang='lat' dir='ltr'>comparendum</span> <span class='ocrx_word' id='word_1_215' title='bbox 709 3905 819 3952; x_wconf 84' lang='lat' dir='ltr'>coram</span> <span class='ocrx_word' id='word_1_216' title='bbox 836 3887 948 3952; x_wconf 89' lang='lat' dir='ltr'>inolito</span> <span class='ocrx_word' id='word_1_217' title='bbox 965 3889 1094 3954; x_wconf 88' lang='lat' dir='ltr'>domino</span> <span class='ocrx_word' id='word_1_218' title='bbox 1110 3885 1203 3954; x_wconf 90' lang='lat' dir='ltr'>Duce</span> <span class='ocrx_word' id='word_1_219' title='bbox 1220 3885 1440 3953; x_wconf 85' lang='lat' dir='ltr'>Veneciarum</span> <span class='ocrx_word' id='word_1_220' title='bbox 1456 3893 1491 3953; x_wconf 90' lang='lat' dir='ltr'>et</span> <span class='ocrx_word' id='word_1_221' title='bbox 1510 3910 1561 3953; x_wconf 87' lang='lat' dir='ltr'>suo</span> 
     </span>
     <span class='ocr_line' id='line_1_33' title="bbox 438 3991 1560 4081; baseline 0.004 -23"><span class='ocrx_word' id='word_1_222' title='bbox 438 3991 583 4060; x_wconf 78' lang='lat' dir='ltr'>Consilio</span> <span class='ocrx_word' id='word_1_223' title='bbox 600 3993 642 4058; x_wconf 92' lang='lat' dir='ltr'>ad</span> <span class='ocrx_word' id='word_1_224' title='bbox 659 3994 880 4077; x_wconf 88' lang='lat' dir='ltr'>recipiendum</span> <span class='ocrx_word' id='word_1_225' title='bbox 896 3996 938 4062; x_wconf 86' lang='lat' dir='ltr'>ad</span> <span class='ocrx_word' id='word_1_226' title='bbox 954 3996 1035 4080; x_wconf 90' lang='lat' dir='ltr'>ipsis</span> <span class='ocrx_word' id='word_1_227' title='bbox 1061 3995 1323 4081; x_wconf 86' lang='lat' dir='ltr'>approbationes,</span> <span class='ocrx_word' id='word_1_228' title='bbox 1348 3995 1560 4062; x_wconf 86' lang='lat' dir='ltr'>iuramentum</span> 
     </span>
     <span class='ocr_line' id='line_1_34' title="bbox 437 4103 1559 4186; baseline 0.002 -20"><span class='ocrx_word' id='word_1_229' title='bbox 437 4106 470 4166; x_wconf 88' lang='lat' dir='ltr'>et</span> <span class='ocrx_word' id='word_1_230' title='bbox 500 4103 632 4167; x_wconf 84' lang='lat' dir='ltr'>litteras</span> <span class='ocrx_word' id='word_1_231' title='bbox 664 4121 762 4186; x_wconf 86' lang='lat' dir='ltr'>super</span> <span class='ocrx_word' id='word_1_232' title='bbox 793 4103 967 4168; x_wconf 86' lang='lat' dir='ltr'>concordia</span> <span class='ocrx_word' id='word_1_233' title='bbox 998 4104 1174 4183; x_wconf 86' lang='lat' dir='ltr'>antedicta,</span> <span class='ocrx_word' id='word_1_234' title='bbox 1206 4108 1239 4168; x_wconf 91' lang='lat' dir='ltr'>et</span> <span class='ocrx_word' id='word_1_235' title='bbox 1270 4104 1312 4168; x_wconf 85' lang='lat' dir='ltr'>ad</span> <span class='ocrx_word' id='word_1_236' title='bbox 1343 4103 1488 4169; x_wconf 84' lang='lat' dir='ltr'>dandum</span> <span class='ocrx_word' id='word_1_237' title='bbox 1519 4104 1559 4168; x_wconf 82' lang='lat' dir='ltr'>eis</span> 
     </span>
     <span class='ocr_line' id='line_1_35' title="bbox 436 4209 1559 4295; baseline 0.002 -22"><span class='ocrx_word' id='word_1_238' title='bbox 436 4209 565 4276; x_wconf 82' lang='lat' dir='ltr'>litteras</span> <span class='ocrx_word' id='word_1_239' title='bbox 590 4215 720 4275; x_wconf 88' lang='lat' dir='ltr'>nostras</span> <span class='ocrx_word' id='word_1_240' title='bbox 746 4216 895 4293; x_wconf 85' lang='lat' dir='ltr'>patentes</span> <span class='ocrx_word' id='word_1_241' title='bbox 911 4211 1054 4277; x_wconf 85' lang='lat' dir='ltr'>bullatas</span> <span class='ocrx_word' id='word_1_242' title='bbox 1078 4232 1176 4295; x_wconf 90' lang='lat' dir='ltr'>super</span> <span class='ocrx_word' id='word_1_243' title='bbox 1201 4211 1274 4294; x_wconf 87' lang='lat' dir='ltr'>ipsa</span> <span class='ocrx_word' id='word_1_244' title='bbox 1298 4211 1483 4290; x_wconf 89' lang='lat' dir='ltr'>eoncordia,</span> <span class='ocrx_word' id='word_1_245' title='bbox 1508 4231 1559 4276; x_wconf 89' lang='lat' dir='ltr'>nec</span> 
     </span>
     <span class='ocr_line' id='line_1_36' title="bbox 436 4316 1558 4402; baseline 0.004 -23"><span class='ocrx_word' id='word_1_246' title='bbox 436 4337 501 4379; x_wconf 93' lang='lat' dir='ltr'>non</span> <span class='ocrx_word' id='word_1_247' title='bbox 533 4316 575 4382; x_wconf 85' lang='lat' dir='ltr'>od</span> <span class='ocrx_word' id='word_1_248' title='bbox 605 4317 844 4383; x_wconf 88' lang='lat' dir='ltr'>restituendum</span> <span class='ocrx_word' id='word_1_249' title='bbox 864 4323 898 4382; x_wconf 90' lang='lat' dir='ltr'>et</span> <span class='ocrx_word' id='word_1_250' title='bbox 922 4319 1025 4385; x_wconf 90' lang='lat' dir='ltr'>libere</span> <span class='ocrx_word' id='word_1_251' title='bbox 1055 4316 1284 4402; x_wconf 83' lang='lat' dir='ltr'>resignandum</span> <span class='ocrx_word' id='word_1_252' title='bbox 1316 4316 1405 4381; x_wconf 90' lang='lat' dir='ltr'>dicto</span> <span class='ocrx_word' id='word_1_253' title='bbox 1436 4319 1558 4384; x_wconf 88' lang='lat' dir='ltr'>domiuo</span> 
     </span>
     <span class='ocr_line' id='line_1_37' title="bbox 438 4421 1584 4510; baseline 0.003 -24"><span class='ocrx_word' id='word_1_254' title='bbox 438 4421 525 4486; x_wconf 87' lang='lat' dir='ltr'>Duoi</span> <span class='ocrx_word' id='word_1_255' title='bbox 550 4445 606 4488; x_wconf 90' lang='lat' dir='ltr'>seu</span> <span class='ocrx_word' id='word_1_256' title='bbox 632 4422 825 4508; x_wconf 87' lang='lat' dir='ltr'>deputandis</span> <span class='ocrx_word' id='word_1_257' title='bbox 840 4425 883 4490; x_wconf 86' lang='lat' dir='ltr'>sb</span> <span class='ocrx_word' id='word_1_258' title='bbox 900 4447 947 4510; x_wconf 84' lang='lat' dir='ltr'>ee,</span> <span class='ocrx_word' id='word_1_259' title='bbox 964 4449 1023 4492; x_wconf 90' lang='lat' dir='ltr'>nec</span> <span class='ocrx_word' id='word_1_260' title='bbox 1038 4449 1103 4492; x_wconf 91' lang='lat' dir='ltr'>non</span> <span class='ocrx_word' id='word_1_261' title='bbox 1122 4425 1354 4492; x_wconf 85' lang='lat' dir='ltr'>adherentibus</span> <span class='ocrx_word' id='word_1_262' title='bbox 1369 4431 1404 4489; x_wconf 90' lang='lat' dir='ltr'>et</span> <span class='ocrx_word' id='word_1_263' title='bbox 1428 4425 1557 4491; x_wconf 87' lang='lat' dir='ltr'>subditis</span> <span class='ocrx_word' id='word_1_264' title='bbox 1583 4427 1584 4430; x_wconf 70' lang='grc'>’</span> 
     </span>
     <span class='ocr_line' id='line_1_38' title="bbox 437 4529 1557 4618; baseline 0 -22"><span class='ocrx_word' id='word_1_265' title='bbox 437 4529 503 4596; x_wconf 85' lang='lat' dir='ltr'>suis</span> <span class='ocrx_word' id='word_1_266' title='bbox 529 4531 636 4596; x_wconf 87' lang='lat' dir='ltr'>omnia</span> <span class='ocrx_word' id='word_1_267' title='bbox 662 4539 779 4616; x_wconf 86' lang='lat' dir='ltr'>castra,</span> <span class='ocrx_word' id='word_1_268' title='bbox 805 4539 912 4600; x_wconf 82' lang='lat' dir='ltr'>terras</span> <span class='ocrx_word' id='word_1_269' title='bbox 929 4542 961 4600; x_wconf 84' lang='lat' dir='ltr'>et</span> <span class='ocrx_word' id='word_1_270' title='bbox 978 4536 1050 4601; x_wconf 85' lang='lat' dir='ltr'>loos</span> <span class='ocrx_word' id='word_1_271' title='bbox 1075 4536 1235 4618; x_wconf 87' lang='lat' dir='ltr'>promissa</span> <span class='ocrx_word' id='word_1_272' title='bbox 1260 4553 1318 4618; x_wconf 91' lang='lat' dir='ltr'>per</span> <span class='ocrx_word' id='word_1_273' title='bbox 1344 4553 1402 4598; x_wconf 88' lang='lat' dir='ltr'>nos</span> <span class='ocrx_word' id='word_1_274' title='bbox 1428 4533 1557 4612; x_wconf 86' lang='lat' dir='ltr'>restitui,</span> 
     </span>
    </p>
   </div>
   <div class='ocr_carea' id='block_1_6' title="bbox 0 0 1614 5248">
    <p class='ocr_par' dir='ltr' id='par_1_7' title="bbox 0 0 1614 5248">
     <span class='ocr_line' id='line_1_39' title="bbox 0 0 1614 5248; baseline 0 3"><span class='ocrx_word' id='word_1_275' title='bbox 0 0 1614 5248; x_wconf 95' lang='lat' dir='ltr'> </span> 
     </span>
    </p>
   </div>
  </div>
 </body>
</html>
