3110 5248
380 381 444 442 318
739 389 975 443 nrruousczmr
992 359 1159 442 suntuna.

379 555 542 621 ratificare
568 561 601 621 et
626 555 752 637 iurare3
778 562 810 621 et
830 557 916 621 sicut
933 555 1079 634 audistis,
1095 555 1165 639 ipse
1182 553 1335 620 dominus
1350 555 1417 622 Rex
1432 551 1485 622 Vn·

380 665 470 747 garie
496 685 569 729 cum
594 664 709 747 viginti
735 665 923 730 Batonibus
941 665 1007 730 suis
1023 665 1182 729 iuraverit
1196 669 1229 728 et
1244 664 1419 748 prostiterit
1433 684 1487 728 sac·

379 777 562 838 ramentum
589 770 734 838 debitum
759 793 798 837 ex
822 779 918 857 parte
945 793 1020 837 sua:
1042 771 1133 837 vadit
1148 775 1236 855 pars,
1253 772 1341 855 quod
1356 771 1485 837 dominus

379 880 456 946 Dux
480 887 513 946 et
538 877 736 964 Consiliarii,
763 879 882 966 Capita
907 881 948 946 de
973 879 1052 960 XL,
1070 879 1296 946 Advocatores
1313 879 1490 946 Communis.

380 987 617 1056 Procuratores
642 989 789 1055 Ecclesie
816 987 929 1056 Sancti
956 989 1064 1056 Marci
1090 994 1123 1054 et
1147 987 1321 1074 Sapientes
1330 986 1398 1075 spro
1412 987 1491 1055 iactis

379 1097 483 1180 Regis
508 1095 680 1178 Hungarie
697 1095 837 1162 debeant
846 1098 880 1162 in
896 1097 1066 1183 presencia
1082 1092 1345 1163 Ambaxatorum
1361 1096 1433 1162 dicti
1446 1096 1492 1161 do·

380 1206 458 1272 mini
482 1201 585 1287 Regis
609 1203 673 1270 huc
691 1204 864 1270 missorum
896 1209 1071 1288 propterea
1096 1202 1205 1270 facere
1230 1203 1379 1270 similiter
1401 1224 1492 1270 sacm-

380 1318 523 1379 mentum
557 1332 619 1396 pro
644 1319 740 1396 parte
769 1318 891 1396 nostra,
920 1313 962 1378 de
988 1333 1052 1396 quo
1077 1318 1285 1380 sacramento
1310 1313 1389 1379 fiant
1411 1312 1493 1378 dictis

379 1410 789 1488 Ambamunbus'liuere
805 1427 916 1486 nostre
927 1427 1079 1506 patentes
1090 1421 1124 1486 iu
1135 1421 1234 1486 simili
1249 1419 1356 1486 forma
1371 1419 1494 1488 suarum}

380 1531 427 1597 Et
451 1529 528 1614 quia
552 1527 681 1594 ridetur
706 1527 842 1595 deficere
867 1551 950 1596 unus
976 1530 1019 1596 ad
1045 1551 1214 1595 numerum
1240 1529 1280 1594 de
1299 1530 1492 1613 vigintisup·

380 1637 512 1721 pleatur
537 1636 579 1702 do
603 1636 678 1703 aliis
693 1636 972 1704 Procuratoribus
985 1657 1087 1722 super
1102 1636 1351 1719 Commissariis,
1367 1637 1419 1722 qui
1432 1640 1495 1702 sunt

345 1813 350 1818 ,
381 1746 415 1810 in
430 1751 520 1812 terra
535 1765 594 1830 per
610 1751 748 1812 texeras.

589 1891 625 1952 (A
639 1890 768 1942 »Secreta
780 1891 894 1944 Consilii
906 1893 1166 1959 Rogatorumr-bol.
1179 1893 1237 1946 uit.
1261 1893 1305 1955 Β.)

381 2067 819 2152 L)Dandulol⁴lndre
844 2070 1076 2138 relenczei
1102 2071 1213 2156 dege
1237 2067 1493 2154 megertslti

533 2199 555 2243 a
577 2175 789 2244 fentebbi
821 2177 1240 2263 iegyrerszilnetet.
1267 2183 1364 2246 1348.

490 2303 561 2370 Nos
576 2301 731 2371 Andreas
747 2305 902 2372 Daudulo
919 2306 983 2373 Dei
1000 2307 1110 2391 gratia
1126 2303 1343 2375 Venetiurum
1358 2311 1414 2372 etc
1428 2301 1492 2368 Dux

383 2417 443 2476 otc.
454 2409 634 2480 Vniversos
651 2418 683 2477 et
699 2413 844 2497 singulos
861 2411 920 2480 has
937 2419 1067 2480 nostras
1082 2419 1234 2498 patentes
1251 2413 1381 2480 litteras
1390 2413 1494 2496 iuspec-

382 2525 473 2584 turos
491 2520 637 2586 volumus
655 2541 720 2587 non
737 2521 859 2588 latere:
877 2520 975 2606 Quod
991 2545 1063 2588 cum
1090 2522 1193 2588 hostis
1211 2524 1367 2607 antiquus
1382 2520 1493 2588 humani

384 2628 512 2710 generis
528 2628 678 2694 inimicus
706 2629 834 2695 assidue
859 2630 979 2697 bonum
1004 2630 1096 2715 pacis
1121 2637 1154 2696 et
1178 2632 1310 2710 amoris,
1336 2626 1495 2706 concordie,

383 2741 416 2799 et
442 2733 625 2800 dilectionis
651 2736 739 2802 inter
765 2738 942 2804 humanum
967 2759 1068 2823 genus
1092 2743 1211 2806 vexare
1227 2743 1383 2820 conetur,
1407 2743 1436 2804 et
1454 2735 1494 2800 uis

381 2837 584 2926 Altissimus,
609 2849 800 2910 cunctorum
825 2844 986 2911 bonorum
1012 2846 1185 2926 exhibitor,
1215 2845 1361 2914 fidelium
1385 2863 1494 2912 suorum

383 2945 493 3015 oculos
509 2949 543 3015 in
559 2949 663 3017 lucem
681 2953 836 3038 dirigens,
853 2975 908 3020 eos
924 2955 958 3019 in
975 2955 1062 3021 riam
1087 2955 1178 3040 pacis
1205 2963 1238 3021 et
1263 2950 1494 3041 tranquillitatis

382 3056 516 3140 inducit,
529 3059 778 3145 'confirmatque
804 3064 838 3128 in
864 3062 1071 3129 dilectionem
1103 3069 1136 3128 et
1160 3065 1368 3131 concordiam
1392 3066 1494 3128 mentes

382 3185 465 3232 suas
483 3165 569 3232 Sane
585 3189 657 3232 cum
673 3175 749 3254 post
764 3191 898 3253 guerras
924 3178 955 3236 et
973 3170 1163 3252 discordiae,
1179 3171 1254 3237 lites
1281 3181 1315 3238 et
1329 3177 1494 3238 controver-

387 3274 453 3338 sias
469 3273 590 3339 dudum
606 3283 752 3343 versatas
768 3279 854 3343 inter
871 3277 1120 3346 Serenissimum
1137 3285 1170 3345 et
1194 3279 1494 3347 Excellentissimos

383 3379 548 3448 dominum
565 3383 765 3452 Ludovicum
781 3385 846 3453 Dei
863 3389 976 3471 gracia
999 3389 1183 3474 Hungarie‚
1207 3391 1405 3474 Jerusalem,
1419 3393 1446 3454 el
1458 3384 1495 3450 Si-

383 3489 465 3570 cilie,
500 3489 650 3560 Ducatus
676 3489 809 3578 Apulis,
842 3495 1055 3580 Principatus
1096 3495 1220 3582 Capua,
1245 3498 1363 3581 Rame,
1394 3493 1495 3584 Seruio,

383 3591 521 3678 Galicie,
538 3597 743 3682 Lodomerie,
760 3599 926 3684 Cumania,
942 3603 1167 3688 Bulgarieque
1183 3603 1321 3688 Regem,
1332 3603 1495 3687 Principem

384 3699 634 3786 Salernitanum,
650 3713 682 3771 et
698 3708 844 3775 Honoris
860 3711 987 3777 Montis
1005 3711 1120 3779 Sancti
1137 3711 1261 3802 Angeli
1279 3711 1451 3780 Dominum
1463 3726 1492 3774 ex

385 3819 568 3894 una-parte,
594 3820 627 3878 et
643 3812 802 3881 Nostram
830 3816 1049 3886 Serenitatem
1066 3827 1278 3906 nostramque
1296 3821 1495 3890 Communiu-

385 3925 451 3983 tem
468 3940 507 3983 ex
524 3920 628 3987 altera
638 3922 874 3991 intervenerint
884 3929 1066 4009 concordie,
1077 3930 1329 4013 compositiones
1341 3937 1376 3996 et
1384 3939 1495 4010 treuge
1537 3908 1542 3916 ¹

382 4025 469 4105 inite,
484 4032 638 4110 tractate,
654 4029 740 4096 lacte
757 4039 788 4097 et
804 4034 933 4100 firmate
949 4058 1009 4120 per
1026 4037 1188 4104 solemnes
1207 4037 1457 4105 Ambaxiatores
1470 4039 1494 4097 et

383 4132 415 4196 N
418 4133 528 4199 uncios
545 4136 692 4202 eiusdem
709 4135 913 4206 Se1enissimi
940 4143 1062 4209 domini
1092 4141 1206 4228 Regis,
1221 4167 1261 4211 ac
1275 4167 1338 4230 per
1353 4143 1495 4230 Syudicou

385 4236 632 4326 Procuratores,
650 4252 683 4311 et
692 4245 840 4315 Nuucios
852 4257 982 4317 nostros
992 4259 1171 4338 nostreque
1183 4251 1433 4320 Commuuitalis
1441 4269 1495 4335 pre

384 4343 469 4410 dicte
485 4347 519 4412 iu
534 4347 678 4418 Ciuitate
698 4353 923 4438 Venetiarum,
933 4359 1081 4443 ipsarum
1097 4361 1376 4445 compositionum,
1386 4379 1495 4427 concor

384 4449 511 4519 diarum
540 4464 573 4523 et
597 4467 813 4547 treuguarum
839 4467 978 4534 formam
1004 4476 1037 4535 et
1062 4475 1210 4537 tenorem
1246 4471 1279 4535 iu
1316 4467 1495 4555 presentibus

388 4566 509 4628 nostris
535 4565 656 4634 litteris
686 4570 822 4639 lecimus
854 4578 1015 4662 annotari,
1031 4581 1206 4647 secuudum
1234 4581 1324 4664 quod
1339 4582 1371 4646 iu
1387 4575 1495 4663 publico
