3110 5248
540 375 637 448 1348.
1092 381 1155 446 285

1 571 2 652 j
44 550 141 642 missis,
155 552 259 626 dictus
268 553 428 625 Notarius
441 557 595 626 velociter
604 557 766 628 Venecias
785 565 978 643 revertatur,
989 566 1021 625 et
1036 560 1071 626 in
1087 561 1156 626 eius

44 668 209 732 reversione
224 667 346 734 erimru
361 667 425 750 bic,
441 673 474 733 at
488 666 554 748 fiet,
569 668 653 733 siout
669 665 841 734 ridebitur.

134 773 239 858 Capta
255 799 263 838 ε
280 773 378 858 Quod
403 775 437 839 in
461 772 548 841 bona
572 775 681 858 gratia
704 773 841 858 incipiat
856 774 1001 842 laborari
1026 781 1059 841 et
1084 772 1156 838 fieri

1 883 2 949 l
43 885 151 963 calena
174 880 213 945 de
238 901 307 965 qua
332 880 416 947 alias
441 881 642 967 scripserunt
664 879 758 947 nobis
775 877 893 947 Oonres
918 887 952 946 et
966 877 1158 948 Consiliarii

1 977 2 1058 l
42 988 131 1054 ursui
153 987 259 1054 Jadre
284 1009 346 1072 pro
370 995 469 1071 portu
492 995 606 1054 nostro
621 987 647 1052 J
648 989 736 1068 edre,
752 993 786 1053 et
801 1008 862 1071 pro
878 987 1053 1054 securitate
1070 987 1156 1054 dicte

43 1101 134 1176 terre3
156 1102 188 1160 et
213 1095 378 1162 scribatur
404 1096 460 1177 eis,
487 1094 574 1180 quod
598 1095 783 1162 rescribant
798 1100 831 1160 et
846 1093 1022 1162 informent
1042 1116 1101 1162 nos
1117 1095 1158 1162 de

1 1185 3 1261 l
44 1202 229 1285 longitudine
246 1203 337 1270 dicte
354 1209 524 1288 ostenaet
540 1203 581 1270 de
598 1204 685 1270 omni
700 1223 749 1284 eo,
765 1203 853 1286 quod
867 1202 979 1270 rident
992 1223 1159 1269 neccessa-

43 1311 113 1376 rium
130 1333 186 1395 pro
205 1309 359 1378 iaciendo
376 1311 482 1395 ipsam
501 1317 650 1378 catenam
675 1331 734 1395 per
758 1310 891 1377 modum
905 1311 1159 1390 convenientem,

43 1422 72 1481 ut
93 1417 254 1484 informati
279 1439 420 1502 percos,
445 1419 584 1486 sciamus
608 1418 733 1500 melius,
760 1419 906 1502 qualiter
928 1417 1000 1484 fieri
1019 1423 1054 1484 et
1069 1417 1159 1484 labo·

44 1527 98 1590 rari
112 1526 227 1593 debeat
245 1525 338 1593 dicta
354 1531 477 1594 catena.

164 1672 200 1735 (A
212 1672 359 1725 velenczei
373 1673 499 1724 »Secreta
512 1671 628 1724 Consilii
637 1671 898 1738 Rogatorums-bbl.
912 1671 968 1721 Lit.
982 1671 1025 1734 Β.)

513 1816 674 1826 ———-

556 1937 637 2041 aar.¹

57 2133 249 2202 Aodencaea'
265 2135 543 2222 kormticytoadcs
558 2137 702 2202 odlassol
719 2137 841 2204 Meua
858 2135 971 2204 Istoda
987 2137 1127 2206 acerbiai

404 2247 480 2306 cado·
495 2244 635 2309 laetere.
661 2243 755 2308 1348.

133 2402 233 2468 Anno
260 2397 559 2470 mcooxnvm.
584 2401 638 2467 die
655 2399 702 2466 X.
717 2400 856 2486 Aprilis.
886 2403 1055 2488 Capta:
1073 2401 1157 2470 Oum
1254 2410 1259 2418 '

39 2508 119 2575 nobis
143 2509 295 2577 debitum
320 2512 362 2576 sit
387 2509 588 2594 complacere
615 2509 745 2576 domino
771 2511 969 2595 Imperatori
993 2512 1100 2578 Raxie
1126 2517 1159 2577 et

40 2613 218 2702 Grecorum,
235 2620 296 2702 qui
313 2618 346 2683 in
362 2618 512 2688 omnibus
528 2617 623 2684 nobis
639 2618 743 2703 gratis
762 2638 889 2702 semper
905 2639 939 2684 se
955 2619 1098 2686 ostendit
1113 2617 1160 2684 ia·

39 2725 203 2792 rotabilem
231 2734 267 2792 et
292 2732 488 2810 promptum,
513 2726 685 2792 consulunt
709 2723 912 2810 (sapientes),
943 2725 1031 2810 quod
1063 2745 1160 2810 super

40 2833 133 2914 primo
149 2831 300 2918 capitulo
316 2833 536 2917 requisitionis
554 2853 611 2899 seu
625 2831 816 2901 Ambaxate
832 2852 888 2899 sue
903 2833 997 2899 nobis
1007 2841 1161 2900 oretenus

39 2941 198 3026 explicate,
214 2962 279 3026 per
295 2962 394 3025 quam
410 2941 493 3026 petit
509 2949 577 3008 tres
593 2941 705 3024 galeas
730 2941 880 3008 omnibus
898 2943 998 3008 armis
1014 2962 1161 3008 necessa-

38 3046 87 3112 riis
102 3049 251 3116 munitas
267 3068 328 3132 pro
345 3046 511 3133 aliquibus
535 3049 598 3116 sibi
623 3047 882 3116 incumbentibus
897 3049 1001 3134 possit
1015 3049 1092 3115 binc
1108 3069 1160 3113 ex-

39 3153 117 3218 trahi
130 3155 266 3235 iacere3
289 3154 536 3239 respondeatur,
562 3154 648 3237 quod
674 3155 880 3222 considerata
895 3155 1069 3224 dilectione
1085 3157 1160 3221 binc

38 3261 102 3329 inde
116 3264 263 3348 ingente,
280 3284 345 3347 que
361 3283 489 3347 semper
503 3263 608 3347 gratis
624 3269 658 3328 et
673 3265 794 3329 mutuis
819 3262 962 3329 serviciis
977 3271 1161 3350 propagata

38 3369 135 3435 existit
150 3377 183 3437 et
199 3370 442 3455 propagabitur
457 3349 530 3436 Deo
545 3371 652 3451 dante,
669 3391 781 3438 sumus
798 3371 946 3436 contenti
957 3371 1160 3454 complacere
1204 3398 1208 3406 ·

1 3509 3 3512 ·
38 3473 198 3545 Maiestati
215 3476 283 3545 Sue
298 3477 469 3563 Imperiali
485 3478 920 3563 secundumrequisioionem
932 3499 1035 3561 suam,
1051 3499 1161 3563 quam·

39 3583 78 3649 iia
91 3586 233 3652 similem
248 3585 391 3669 gratiam
407 3585 571 3671 aliquibus
588 3585 628 3652 de
645 3586 765 3653 mundo
780 3607 946 3670 nunquam
963 3585 1162 3652 consueveri-

39 3691 235 3773 mesfacere,
252 3694 309 3761 sed
322 3693 435 3777 pocius
451 3694 684 3761 contradicere.

1 3783 3 3826 l
135 3800 249 3886 Capta
266 3823 272 3864 :
292 3800 349 3867 nd
365 3823 465 3867 unum
480 3802 660 3886 capitulum
675 3802 853 3884 continens,
867 3801 955 3886 quod
971 3803 1000 3866 si
1015 3799 1162 3886 placeret

1 3974 3 4072 i

1 4481 3 4530 i

1 4550 12 4621 i·

1 4672 2 4691 r

1 4706 3 4744 i

40 3907 131 3991 nobis,
146 3907 293 3975 libenter
318 3910 542 3994 interponeret
565 3917 677 3994 partes
692 3930 768 3977 suas
784 3909 828 3976 ad
842 3909 1059 3993 mactandum,
1074 3908 1163 3992 quod

40 4013 116 4080 inter
139 4015 312 4083 dominum
337 4016 464 4101 Regem
487 4017 661 4102 Hungarie
687 4024 720 4084 et
743 4022 892 4083 nostrum
907 4015 1035 4082 Duoale
1049 4015 1163 4081 Domi·

1 4093 2 4144 i
40 4123 120 4190 nium
145 4123 346 4191 reformetur
370 4144 435 4208 par
460 4132 493 4190 et
517 4126 691 4192 concordia
717 4143 790 4192 eum
814 4124 935 4190 honore
960 4131 1090 4204 uostr03
1114 4144 1163 4190 re-

40 4231 240 4313 spondeatur,
256 4231 346 4314 quod
360 4233 424 4298 toti
439 4233 559 4299 mundo
573 4238 606 4298 et
621 4229 688 4299 Sue
705 4230 879 4300 Maiestati
893 4235 1004 4316 potest
1019 4251 1090 4297 esse
1107 4252 1164 4297 no-

40 4339 117 4404 toria
141 4361 266 4423 magna
289 4341 475 4406 reverentia
499 4349 532 4406 et
558 4361 658 4421 amor,
684 4361 779 4425 quem
802 4347 950 4408 nostrum
975 4338 1164 4406 Dominium

41 4447 134 4526 gessit
159 4468 240 4532 erga
264 4447 513 4532 predecessores
539 4448 664 4515 domini
688 4447 791 4532 Regis
815 4447 997 4532 Hungarie‚
1022 4469 1104 4532 quos
1127 4450 1163 4514 in

42 4554 146 4620 multis
162 4557 295 4624 casibus
310 4555 542 4624 honoravimus
558 4563 591 4623 et
607 4555 826 4625 amicabiliter
852 4556 1041 4624 servivimus
1062 4595 1097 4606 —
1118 4591 1162 4606 --
