3220 5248
382 211 445 274 566
739 179 975 273 brenouaczmr
994 213 1163 270 anianus.
1227 247 1234 254 -
1409 287 1415 295 ι
1452 226 1468 242 -·
1507 252 1513 261 .

380 383 471 472 gatid
486 387 714 455 Bartholomei
740 387 840 453 vestri
865 385 999 452 Notarii
1024 391 1056 452 et
1082 383 1205 452 Nuucii
1230 387 1420 471 continebat,
1432 388 1488 452 aui·

380 518 469 563 mum
485 498 599 581 geritis
615 517 656 562 ex
671 495 801 580 integro
820 495 1068 580 compassivum,
1084 495 1176 562 vobis
1189 495 1232 561 ad
1243 495 1416 561 uberrimas
1430 517 1490 579 gra-

381 605 503 670 tiarum
517 606 718 688 assurgimus
743 606 897 671 actiones.
922 601 993 670 Vos
1014 602 1224 670 nihilominus
1241 603 1323 669 scire
1339 603 1492 687 cupientes,

382 711 470 796 quod
485 733 544 778 nos
570 735 609 778 ex
635 712 748 798 spolio,
774 712 863 796 quod
888 711 1028 794 quedam
1052 716 1166 795 gentes
1185 716 1305 791 nostre,
1321 709 1430 794 quibus
1445 733 1493 795 per

381 827 489 885 terras
505 826 631 886 vestras
647 821 769 885 intuitu
784 827 897 886 nostro
923 819 1062 885 liberum
1088 818 1265 902 prebuistis
1281 819 1453 900 transitum
1465 820 1493 882 in

382 926 556 994 Tarvisina
571 928 735 1011 Marehia,
753 929 838 992 sicut
853 926 959 993 dictus
974 927 1089 993 retulit
1104 926 1367 1008 Bartholomeua
1382 927 1495 991 commi·
1582 963 1583 974 ι

384 1041 506 1119 serunt,
522 1056 587 1101 non
604 1037 768 1103 modicum
783 1035 1028 1120 perturbamur.
1055 1035 1226 1120 Rogantes
1243 1035 1312 1104 Vos
1329 1033 1495 1117 affectuose,

382 1149 544 1228 quatenus
559 1144 783 1210 huiuscemodi
810 1143 1026 1228 spoliatorum
1050 1144 1181 1210 uomina
1206 1149 1239 1209 et
1263 1143 1441 1211 ablatarum
1454 1165 1495 1207 re·

382 1275 456 1321 rum
472 1253 614 1319 valorem
639 1254 674 1318 iu
699 1253 819 1320 litteris
845 1254 963 1319 vestris
986 1252 1171 1319 describere
1193 1253 1317 1333 velitis3
1340 1252 1496 1336 presertim

382 1383 456 1430 cum
481 1361 633 1446 dispositi
659 1383 768 1427 sumus
793 1360 898 1430 Vobis
923 1360 963 1426 de
983 1361 1078 1428 rebus
1094 1383 1152 1445 per
1168 1359 1355 1445 hujusmodi
1371 1360 1495 1444 spolium

382 1470 502 1538 ablatis
527 1467 784 1535 satisfactionem
807 1469 996 1553 impendere
1021 1468 1258 1534 condecentem.
1274 1469 1321 1534 Et
1338 1487 1429 1552 super
1443 1465 1497 1532 hiis

383 1599 449 1644 uon
466 1583 539 1643 erat
554 1578 658 1644 visum
674 1575 875 1661 sepedictum
891 1576 1162 1644 Bartholomeum
1178 1575 1232 1642 hic
1247 1576 1366 1641 debere
1381 1575 1495 1640 trahere

384 1707 509 1752 morsm
517 1686 709 1770 longiorem.
719 1685 809 1752 Data
819 1683 983 1769 Zagrabie
995 1684 1047 1751 die
1058 1684 1176 1756 XVII.
1186 1685 1306 1751 mensis
1318 1681 1494 1750 Novembris

384 1816 472 1862 anno
486 1794 565 1862 Lx.

491 1902 676 1969 Ludovicus
692 1902 757 1969 Dei
773 1902 882 1988 gratia

517 2009 589 2077 Rex
605 2011 778 2096 Huugarie
795 2020 856 2080 etc.

494 2121 597 2187 Kiottl
614 2146 625 2186 .·
640 2119 761 2188 inclito
777 2121 921 2189 Domino
938 2119 964 2187 J
965 2121 1063 2188 oanni
1079 2119 1246 2203 Delpbiuo
1262 2119 1348 2186 Duci
1363 2116 1501 2186 Venetia-

384 2249 457 2294 rum
474 2228 577 2294 amico
593 2233 717 2297 nostro.

494 2373 530 2434 (A
545 2372 648 2436 »copia
660 2374 695 2426 de
709 2375 953 2428 commentorium
968 2375 1059 2426 eaimtt
1072 2371 1447 2437 veleuczeitllsmkituyvbol
1458 2367 1500 2418 Vl.

388 2463 445 2515 ket.
461 2467 521 2514 312.
535 2463 601 2527 lev.)

916 2783 991 2847 413.

386 2948 493 3014 Sze'cai
516 2947 641 3012 Mittas
666 2946 843 3011 dalmatiai
869 2947 933 3010 dcta
959 2943 1111 3032 eltpte'telt
1137 2945 1256 3010 kb'cetel
1284 2970 1341 3034 epy
1366 2945 1507 3009 selencia?

432 3057 508 3141 bajo
523 3055 607 3120 attat
625 3055 790 3120 karositou
807 3054 860 3118 bet
872 3053 993 3140 jdducri
1017 3053 1185 3118 kereakedd
1201 3057 1363 3119 azdntdra.
1380 3055 1470 3119 1361.

496 3211 673 3298 Magnifice
703 3215 841 3281 domine.
873 3212 1058 3280 Novissime
1091 3211 1167 3278 dum
1193 3235 1335 3280 essemus
1352 3215 1387 3279 in
1401 3211 1508 3288 Jadra

388 3321 556 3406 querelam
582 3323 763 3416 recepimus
788 3323 947 3389 nobilium
972 3321 1113 3388 virorum
1131 3320 1293 3390 Simeonis
1309 3322 1349 3389 de
1367 3322 1509 3389 Bothono

389 3435 422 3494 et
449 3426 545 3502 ,Galli
575 3432 775 3514 mercatoris,
806 3430 923 3495 civium
954 3428 979 3496 J
982 3428 1070 3509 adre,
1102 3428 1297 3495 habencium
1313 3452 1336 3496 a·
1349 3426 1510 3495 Communi
1579 3499 1581 3504 ,

388 3535 493 3604 Jadro
518 3537 658 3603 insulam
683 3536 802 3605 Sancte
828 3536 937 3603 Maris
962 3558 1024 3620 pro
1051 3543 1139 3603 certo
1158 3538 1268 3621 precio
1285 3537 1328 3604 ad
1345 3540 1510 3614 incautum

390 3645 479 3729 quod
504 3645 544 3712 de
570 3649 719 3732 proximo
744 3647 809 3713 hiis
825 3646 940 3712 diebus
958 3646 1077 3730 elapsis
1095 3646 1236 3728 quedam
1252 3648 1352 3730 naum,
1368 3647 1456 3712 cuius
1471 3650 1512 3709 est

390 3760 548 3840 patronus
576 3755 698 3822 Petrus
722 3754 839 3840 Helye,
864 3753 1026 3838 applicuit
1048 3754 1090 3820 ad
1107 3756 1248 3822 insulam
1264 3754 1471 3834 antedictam,
1485 3759 1513 3817 et

391 3863 478 3947 quod
504 3886 563 3948 per
587 3865 733 3930 homines
758 3864 844 3931 dicte
869 3863 960 3928 navis
984 3871 1121 3947 accepta
1147 3871 1221 3929 sunt
1246 3864 1287 3930 de
1311 3864 1401 3930 dicta
1416 3863 1513 3929 insula

392 3972 550 4038 animalia
574 3974 700 4039 minuta
727 3974 822 4040 ovina
846 3977 879 4038 et
905 3972 1041 4055 caprina
1065 3993 1199 4038 numero
1215 3973 1351 4056 viginti3
1379 3979 1412 4038 et
1436 3969 1512 4055 (pund

390 4079 482 4163 peius
507 4087 566 4162 est,
589 4103 648 4166 per
667 4081 852 4148 violentiam
869 4087 1025 4163 ceperunt
1042 4081 1216 4162 quemdam
1231 4080 1397 4147 hominem
1412 4087 1512 4164 pasto·

392 4207 462 4253 rem
476 4187 706 4271 predictorum,
716 4195 749 4256 et
765 4187 941 4272 quamdam
957 4189 1026 4254 eius
1041 4189 1200 4257 barcham
1216 4190 1433 4270 abstulerunt,
1445 4187 1511 4254 licet

392 4301 507 4378 postea
530 4318 588 4381 per
613 4298 741 4365 litteras
757 4298 937 4365 Rectorem
962 4296 1066 4364 Jadre
1092 4298 1156 4382 ipsi
1176 4298 1380 4364 restituerint
1400 4298 1511 4390 dictam

391 4399 548 4472 barcham
574 4413 607 4471 et
631 4404 794 4476 homiuem
817 4407 1055 4488 relaxaverunt,
1080 4406 1189 4472 dauuo
1204 4412 1317 4474 tamen
1333 4405 1511 4472 animalium
