3108 5246
377 327 442 394 350
727 344 964 392 strnounczmr
979 331 1148 390 austun.

377 528 545 590 possemus
561 511 695 590 propter
712 505 892 574 evidentem
918 505 1143 570 necessitatem
1169 509 1325 569 nostram.
1339 503 1387 568 De
1401 503 1486 568 armis

376 635 460 696 vero,
485 635 549 697 que
575 619 691 697 petunt
706 634 801 698 posse
818 614 1006 694 extrahere,
1022 613 1264 696 complaceatur
1280 611 1334 691 eis,
1350 609 1485 675 solvendo
1530 611 1533 618 '

376 721 515 788 dacium.
531 719 645 788 'Arma
670 727 745 788 sunt
769 725 852 788 ista:
876 721 974 806 clipei
990 743 1080 786 more
1096 718 1287 788 Sclarorum
1301 717 1353 789 IV
1367 725 1488 798 centum,

377 831 476 896 lorice
493 828 530 911 0,
546 835 581 896 et
596 830 690 914 paria
706 829 932 896 manicharum
949 830 990 896 de
1006 829 1105 897 malia
1120 829 1157 896 O.

186 979 468 1006 ’Ἀχ-
484 975 519 1036 (Α
535 975 644 1025 ›Misi‹
659 975 749 1025 czinrd
763 975 904 1028 velenczei
918 975 1146 1039 ellamkonyvbot
1158 975 1246 1025 XXV.
1260 975 1318 1023 tot.
1334 977 1373 1023 59.
1388 973 1445 1034 lev.)

865 1118 1024 1128 ω--ᾐ

422 1445 453 1511 l.
470 1447 570 1532 Lojos
585 1467 726 1533 mappas
742 1444 917 1533 kirdlynolr
935 1469 956 1509 α
972 1441 1126 1510 velenrzei
1141 1444 1362 1530 bdztdraaadp.
1381 1440 1460 1509 1349.

484 1607 584 1674 Anno
616 1603 880 1674 MOOOXLIX.
912 1605 965 1671 die
997 1602 1116 1686 XXV,
1139 1601 1243 1686 Junii,
1267 1603 1358 1674 Visis
1380 1609 1492 1669 etcum

377 1718 466 1781 omni
490 1715 680 1800 dilligencia
704 1715 898 1780 examinatis
921 1714 1041 1780 litteris
1064 1712 1263 1778 mencionem
1278 1710 1443 1795 agentibus
1457 1710 1491 1774 de

377 1826 467 1890 novis
483 1830 517 1890 et
531 1822 774 1891 condicionibus
784 1844 888 1907 nuper
899 1819 1140 1906 emergentibus
1156 1821 1190 1885 in
1206 1816 1492 1904 partibusApulee,
1549 1817 1551 1826 ’

377 1939 411 1997 et
435 1954 534 2017 super
560 1933 642 2016 ipsis
667 1931 790 1999 habitis
815 1929 1065 2010 deliberacione,
1081 1928 1216 1995 consilio
1234 1935 1267 1992 et
1289 1931 1441 2011 respecta
1455 1927 1492 1989 si·
1550 1931 1551 1934 ’

377 2041 473 2107 detur
498 2040 710 2124 sapientibus
737 2039 827 2123 quod
852 2059 948 2124 super
975 2037 1040 2103 hiis
1063 2038 1106 2102 sit
1121 2037 1325 2102 neccessario
1340 2034 1494 2120 providen-

378 2149 454 2214 dum
479 2150 513 2214 in
538 2149 624 2214 hunc
648 2148 790 2230 modum,
815 2147 969 2214 videlicet
995 2146 1083 2230 quod
1099 2144 1263 2210 scribatur
1280 2145 1408 2210 domino
1421 2141 1493 2223 Regi
1549 2127 1551 2162 ³

377 2257 548 2342 Hungarie
564 2259 598 2323 in
614 2258 720 2324 forma
734 2257 871 2324 inferius
888 2263 1059 2323 annotata.
1550 2239 1551 2242 Ἴ

485 2365 646 2450 Capta:
672 2365 768 2432 Alias
802 2363 997 2431 Serenitatis
1022 2363 1143 2434 Vestre
1170 2364 1299 2429 litteras
1322 2363 1485 2446 recepimus

377 2477 587 2556 continentes,
603 2475 690 2558 quod
706 2481 929 2556 treuguaoeto
946 2493 1104 2538 annorum
1115 2470 1157 2536 ob
1173 2471 1233 2536 hoc
1249 2471 1336 2536 inter
1352 2471 1488 2540 Vestram
1549 2491 1551 2498 ·

378 2583 596 2649 Serenitatem
622 2588 655 2646 et
679 2603 738 2646 nos
765 2581 919 2646 ordinata
943 2582 1099 2645 extiterat
1125 2585 1158 2644 et
1180 2579 1322 2661 firmata,
1338 2586 1373 2644 nt
1386 2581 1419 2642 iu
1433 2579 1492 2660 ipso
1549 2557 1551 2624 l

378 2699 525 2777 tempore
550 2692 655 2775 ipsius
681 2697 819 2774 treugue
844 2712 909 2775 pax
932 2695 1092 2775 perpetua
1107 2695 1219 2772 posset
1234 2688 1360 2756 firmari
1374 2692 1407 2753 et
1420 2685 1492 2753 ordi·
1549 2679 1551 2748 5

377 2802 451 2867 nari
474 2800 650 2883 hincinde,
666 2806 699 2865 et
714 2799 800 2883 quod
820 2821 880 2884 pro
905 2803 984 2864 tunc
999 2799 1139 2863 instanti
1155 2801 1303 2879 tempore
1320 2795 1362 2861 ad
1376 2815 1489 2880 presen-
1549 2811 1551 2862 ξ

378 2910 462 2974 ciam
486 2907 607 2978 Vestra
632 2908 826 2974 Excelenoie
852 2913 981 2974 nostros
1008 2905 1251 2972 Ambaxatores
1275 2905 1402 2970 mittere
1416 2909 1492 2988 pote·
1549 2921 1551 3000 ξ

378 3038 497 3096 ramus,
522 3023 556 3082 et
581 3017 694 3082 eadem
719 3014 844 3084 Vestra
868 2995 1078 3081 Eir'cellencia
1102 3013 1145 3079 ad
1171 3033 1230 3079 nos
1255 3013 1354 3079 etiam
1377 3016 1489 3096 poterat
1549 3001 1551 3086 ἰ

378 3124 543 3190 destinare
568 3131 627 3206 etc,
642 3129 741 3210 prout
757 3124 789 3188 in
805 3125 886 3208 ipsis
900 3123 1019 3189 litteris
1035 3123 1162 3207 plenius
1178 3128 1211 3187 et
1228 3121 1411 3187 distinctius
1426 3139 1487 3184 con·
1549 3113 1551 3172 5

378 3234 553 3299 timebatur.
570 3232 627 3299 Ad
643 3255 780 3317 quarum
796 3232 1063 3316 significationem
1088 3252 1147 3315 per
1162 3236 1291 3296 nostras
1308 3228 1491 3313 responsivas
1549 3227 1551 3274 l

379 3342 509 3409 litteras
534 3342 706 3408 recolimus
731 3340 946 3424 rescripsisse,
974 3341 1062 3424 quod
1086 3338 1169 3404 illud
1196 3337 1284 3404 idem
1308 3338 1491 3422 propositum

380 3451 467 3534 quod
491 3449 590 3517 habet
615 3451 740 3521 Vestra
756 3448 923 3516 Serenitas
952 3449 993 3514 de
1009 3470 1091 3535 pace
1108 3454 1267 3532 perpetua
1282 3439 1489 3512 confirmanda

379 3561 464 3624 inter
488 3563 610 3643 partes
636 3581 694 3624 nos
720 3559 828 3640 etiam,
852 3563 951 3642 prout
966 3559 1057 3626 novit
1071 3554 1275 3636 Altissimus,
1291 3554 1492 3629 habebamus;
1550 3567 1551 3570 ’

380 3669 436 3752 qui
462 3689 588 3750 semper
614 3667 761 3751 dispositi
786 3666 905 3732 fuimus
932 3673 965 3731 et
990 3686 1099 3732 sumus
1125 3685 1183 3750 pro
1208 3669 1303 3747 parte
1328 3669 1444 3742 nostro,
1463 3665 1491 3721 ut

379 3775 517 3841 durante
541 3775 629 3841 diota
653 3781 792 3857 treugua
816 3773 909 3841 fieret
923 3780 1082 3858 perpetua
1097 3779 1131 3838 et
1146 3792 1230 3856 pura
1246 3791 1319 3853 pax,
1335 3784 1489 3854 perquam

380 3903 473 3948 amor
499 3892 532 3949 et
555 3884 775 3951 benivolentia
798 3889 912 3949 mutua
937 3882 1041 3966 possit
1064 3883 1099 3946 in
1112 3879 1261 3946 futurum
1277 3879 1420 3963 recipere
1433 3893 1490 3940 eor·

380 3992 506 4058 tinuum
530 3993 771 4058 incrementum.
798 3992 846 4057 Et
871 3997 908 4056 ut
931 3991 1116 4075 predictum
1140 3993 1288 4054 nostrum
1303 3986 1421 4053 bonum
1434 4001 1491 4068 pre

297 4105 300 4110 “
380 4100 526 4183 positum
551 4107 583 4166 et
607 4107 720 4166 nostra
744 4121 826 4183 pora
843 4105 876 4165 et
891 4119 983 4165 mera
1006 4099 1148 4162 intencio
1163 4118 1222 4181 per
1238 4094 1389 4160 effectum
1404 4090 1491 4176 operis

380 4230 539 4291 apparere
553 4208 683 4292 plenius
699 4209 868 4291 potuisset,
893 4207 983 4272 nisi
1009 4205 1178 4271 fuisset
1203 4206 1490 4270 casusmorte
1542 4216 1548 4235 ¹

380 4315 546 4398 litatis,
572 4338 653 4399 que
678 4315 920 4381 dicebatur
945 4309 1490 4398 vigereinpartibusHun·

381 4423 517 4506 garie,
542 4444 601 4506 per
617 4444 713 4505 quem
729 4423 814 4487 cives
840 4421 943 4486 nostri
958 4421 1143 4486 timuissent
1158 4421 1268 4486 venire
1285 4417 1328 4484 ad
1342 4417 1414 4484 illas
1428 4431 1488 4497 ptr·

382 4537 440 4612 tes,
467 4531 545 4614 quia
570 4533 610 4597 de
636 4553 721 4598 anno
737 4531 895 4615 preterito
919 4550 1029 4594 casum
1046 4530 1112 4594 sive
1127 4536 1253 4612 pestem
1267 4526 1405 4592 similem
1419 4513 1489 4606 passi
