3220 5248
192 415 196 422 =
363 370 426 434 ⁵56
714 381 949 428 nirnounozmr
965 369 1133 426 suessam

359 548 427 611 rito
442 543 585 612 motibus
600 543 763 610 anxiatur.
788 539 874 624 Quia
888 539 989 624 igitur
1004 543 1090 604 teste
1106 537 1180 606 Dec
1195 538 1343 606 cordium
1363 545 1481 604 scruta·
1601 527 1603 538 '

361 661 442 735 tore,
466 657 500 719 et
522 651 690 732 fidelitate,
705 672 771 735 qua
785 648 957 734 Imperiali
974 655 1088 714 teneor
1102 646 1309 729 Oslsitudini,
1324 665 1485 732 quamque
1602 693 1603 696 ,

362 783 489 847 semper
502 760 665 828 constanti
681 758 745 824 lide
760 778 839 842 erga
854 755 1010 825 Vestram
1030 753 1297 822 Dominacionem
1314 751 1485 830 Oesaream
1602 795 1603 804 κ

361 871 456 955 gessi,
484 877 518 935 et
540 869 674 936 inantea
697 865 879 934 auxiliante
894 863 1036 930 Domino
1052 863 1240 946 observabo,
1255 863 1357 930 nichil
1371 861 1487 929 horum
1601 875 1603 942 t

360 976 458 1043 michi
483 998 555 1042 snm
579 975 744 1056 conscius3
766 993 827 1039 nec
850 971 980 1056 quidem
1004 973 1038 1037 in
1063 972 1268 1055 cogitatione,
1282 977 1320 1037 ut
1335 971 1375 1037 de
1390 969 1486 1038 sactis
1601 985 1603 1050 ,

360 1089 496 1166 taceam,
513 1082 632 1150 adhoc
647 1082 872 1149 inconveniens
897 1080 1078 1164 presumpsi
1095 1079 1163 1146 ullo
1178 1101 1323 1164 unquam
1342 1086 1485 1164 tempore

360 1191 517 1274 prosilire.
533 1190 677 1257 Proinde
693 1188 777 1256 flexo
792 1190 901 1256 animo
916 1185 1039 1258 Vestra
1055 1186 1202 1272 supplico
1212 1188 1390 1271 Maiestati,
1406 1207 1486 1270 qua·
1602 1233 1603 1236 ,

361 1307 455 1364 tenus
471 1299 514 1366 ab
530 1296 725 1379 huiusmodi,
741 1315 805 1379 quo
821 1294 929 1361 nescio
954 1295 1134 1361 emulatore
1149 1293 1288 1362 conficta
1304 1292 1485 1379 calumpnia

360 1404 564 1473 credulitatis
588 1405 732 1472 animum
756 1409 949 1485 avertentes,
973 1423 1080 1468 meam
1105 1403 1194 1468 circe
1218 1405 1286 1469 ista
1300 1402 1420 1469 habere
1438 1401 1486 1468 di·
1601 1461 1603 1502 :

359 1513 501 1597 gnomini
527 1512 711 1580 devocionis
737 1517 771 1576 et
794 1511 948 1594 puritatis
973 1510 1195 1576 constanciam
1219 1509 1261 1575 de
1284 1509 1483 1594 benignitate
1601 1503 1603 1584 ἶ

360 1617 503 1687 Cesarea
516 1622 644 1704 penitus
654 1625 850 1698 excusatam,
866 1624 900 1683 et
913 1639 1019 1684 meam
1035 1637 1131 1703 super
1147 1618 1199 1684 his
1214 1619 1484 1703 expurgaeicnem

359 1726 534 1793 clementer
559 1725 741 1794 admittere.
768 1723 875 1809 Quam
901 1746 961 1808 pro
976 1725 1162 1791 innocencie
1177 1745 1248 1790 mee
1263 1725 1409 1810 puritate
1423 1747 1479 1809 pa-

358 1839 450 1900 ratus
467 1853 537 1903 sum
552 1839 586 1899 et
601 1831 824 1898 desideranter
849 1837 968 1916 exopto
987 1830 1095 1898 facere
1110 1832 1144 1898 in
1161 1829 1363 1898 Oonsistorio
1380 1833 1482 1916 Impe-
1602 1893 1603 1908 ,

359 1939 452 2006 rialis
470 1936 567 2020 Aule,
583 1942 684 2022 prout
694 1937 814 2007 Vestre
827 1935 1005 2004 Serenitati
1020 1944 1054 2004 et
1070 1937 1326 2022 Conprincipum
1340 1959 1481 2005 meorum
1602 1965 1603 2002 v

359 2048 459 2113 vestri
482 2045 620 2129 Imperii
644 2045 839 2112 dauniorum
863 2045 1034 2113 Judicium
1068 2044 1269 2111 decreverint
1292 2043 1480 2112 faciendam
1601 2069 1603 2134 g

357 2155 482 2221 Datum
499 2154 561 2221 stb.

359 2347 1473 2438 B)IV.Karolycsaszarnakderlakmajnczivs
1601 2373 1603 2448 }

711 2458 861 2524 laszto
884 2456 1135 2543 fejedelem.

466 2581 677 2650 serenissime
693 2581 844 2649 Domine.
869 2582 976 2650 Prout
990 2589 1100 2650 vestra
1123 2581 1314 2667 Imperialia
1329 2586 1416 2650 iussa
1431 2605 1476 2649 me
1601 2661 1603 2670 y

357 2712 462 2775 nuper
477 2691 674 2758 litteratorie
700 2690 920 2775 requirebant,
944 2696 983 2756 ut
1007 2712 1072 2757 uua
1096 2711 1168 2756 cum
1194 2690 1389 2775 quibusdam
1409 2691 1477 2757 aliis
1602 2711 1603 2780 J

356 2798 437 2864 meis
461 2798 494 2863 in
520 2798 676 2865 electione
701 2797 870 2882 Imperiali
887 2793 1168 2882 Comprincipibus
1183 2796 1226 2863 ad
1243 2803 1370 2864 certum
1385 2797 1476 2864 michi
1601 2851 1603 2862 Α

357 2911 390 2970 et
413 2904 493 2990 ipsis
518 2926 576 2990 per
599 2905 768 2972 Illustrem
794 2905 958 2972 dominum
983 2904 1166 2988 Rupertum
1181 2907 1343 2972 seniorem
1357 2904 1478 2972 Ducem
1601 2961 1603 3002 ἱ

356 3011 499 3079 Bavarie
523 3012 760 3097 designandum
784 3013 959 3085 terminum
985 3015 1187 3081 convenirem
1219 3012 1391 3082 auditmns
1415 3035 1478 3080 una
1600 3005 1603 3058 i

356 3139 429 3185 cum
443 3121 524 3205 ipsis
540 3141 589 3202 ea,
606 3141 668 3203 que
684 3121 754 3205 ipse
770 3118 919 3186 dominus
934 3120 1013 3187 Dux
1030 3142 1070 3188 ex
1084 3127 1181 3206 parte
1196 3124 1296 3188 vestri
1313 3122 1407 3190 nobis
1422 3122 1477 3187 dn-

355 3234 444 3294 ceret
460 3228 668 3313 exponenda:
679 3230 728 3296 ita
741 3228 784 3295 nd
799 3228 940 3295 eiusdem
956 3230 1208 3297 insinuationem
1224 3237 1292 3297 tam
1308 3252 1368 3314 ego
1384 3251 1478 3315 quam

354 3335 493 3419 predicti
509 3335 631 3402 domini
639 3337 846 3404 convenimus
862 3335 958 3402 hodie
974 3357 1046 3403 cum
1062 3337 1133 3421 ipso
1149 3337 1279 3405 domino
1289 3334 1384 3406 Duce
1394 3337 1479 3424 apud

353 3441 588 3526 Becheraeum,
612 3451 647 3510 et
670 3442 798 3511 fidelem
823 3445 927 3530 ipsius
950 3445 1144 3512 relationem
1167 3445 1336 3530 Imperiali
1352 3449 1478 3514 nomine
1602 3535 1603 3542 ἵ

354 3550 489 3635 provide
513 3551 607 3619 nobis
632 3551 755 3620 factam
780 3551 984 3619 concorditer
1009 3552 1198 3636 audivimus,
1214 3560 1248 3619 et
1262 3561 1358 3638 grato
1375 3557 1478 3621 animo

353 3659 541 3743 recepimus,
566 3680 702 3728 cumea
727 3660 899 3728 deuotione
925 3682 989 3745 qua
1014 3662 1124 3728 decuit
1148 3667 1183 3726 et
1207 3661 1337 3728 honore.
1362 3661 1478 3732 Vestra

353 3768 455 3853 igitur
470 3766 647 3837 Serenitati
663 3771 758 3855 cupio
773 3770 975 3838 innotescere
991 3791 1050 3854 per
1065 3778 1239 3854 presentes,
1252 3769 1340 3854 quod
1356 3772 1400 3838 ad
1415 3793 1477 3839 om-

353 3875 410 3943 nia
425 3877 484 3944 illa
498 3899 557 3962 per
583 3878 706 3945 dictum
733 3879 898 3945 dominum
916 3878 1043 3946 Ducem
1058 3878 1152 3946 nobis
1169 3879 1318 3962 exposita
1333 3887 1402 3946 tam
1417 3900 1475 3964 ego
1595 3873 1603 3928 ‘l

353 4005 452 4068 quam
477 3984 556 4052 dicti
580 3987 644 4052 mei
670 3985 916 4070 Conprincipes,
940 3987 1040 4052 vestri
1064 3985 1199 4070 Imperii
1225 3986 1342 4072 devoti,
1363 3989 1415 4054 hic
1443 3991 1476 4052 iu

352 4095 496 4176 presenti
512 4094 714 4178 congregati,
740 4114 798 4177 pro
815 4093 992 4176 voluntate,
1008 4095 1130 4160 honore
1146 4101 1180 4160 et
1194 4093 1399 4180 beneplacito
1414 4093 1477 4163 Vs-

352 4206 419 4265 stre
434 4202 621 4287 Imperialis
638 4200 852 4268 Celsitudinis
877 4203 993 4269 taliter
1016 4202 1179 4284 faciemus,
1196 4240 1474 4254 -----

353 4345 397 4357 -
412 4345 455 4354 —
472 4347 526 4391 -,
542 4311 629 4393 quod
646 4311 686 4378 de
702 4309 795 4377 nobis
810 4311 845 4376 in
860 4310 924 4377 hac
938 4315 1033 4395 parte
1059 4308 1200 4393 debebit,
1215 4318 1369 4395 optantes
1383 4311 1475 4380 confi·

1599 4233 1603 4280 i

353 4412 467 4497 dimus,
481 4413 605 4484 Vestra
621 4417 849 4502 Supercellens
858 4419 1049 4486 Dominatio
1060 4420 1253 4500 contentari,
1263 4428 1363 4504 prout
1377 4422 1471 4487 etiam
1601 4487 1603 4510 Ι

352 4519 501 4590 dominus
526 4523 602 4592 Dux
628 4527 834 4610 supradictus
858 4530 950 4595 iuxta
976 4528 1195 4614 responsionis
1211 4534 1323 4596 nostre
1339 4528 1470 4598 sormam
