3166 5256
582 527 646 638 ¹92.

1 770 2 814 t
66 735 205 803 Daodolo
229 737 344 803 Eudre
371 737 524 801 ueleoceei
538 735 685 824 depencdt
703 733 861 800 condolete
886 732 1046 800 Michaeli
1072 729 1185 800 Eadre

439 843 529 909 artri
543 842 684 930 profhoz.
705 841 803 908 1345.

154 1001 268 1071 Nobili
294 1010 328 1070 et
355 1003 497 1088 sapienti
521 1005 592 1069 viro
618 981 754 1069 Andree
785 999 943 1068 Michacli
967 997 1091 1068 Comiti
1117 1000 1181 1069 Ar·

0 1156 1 1159 κ
63 1109 149 1177 tensi.

155 1218 311 1285 Andreas
342 1217 498 1303 Dandulo
523 1215 589 1283 Dei
614 1218 725 1301 gratia
756 1213 981 1300 Venetiarum‚
1011 1215 1179 1284 Dalmatis

62 1333 148 1410 etque
164 1327 296 1394 Oroatis
312 1325 401 1412 Dux,
417 1327 580 1393 Dominus
597 1323 725 1410 Quarte
739 1325 853 1392 Partis
868 1330 902 1390 et
915 1323 1062 1391 Dimidio
1078 1326 1183 1393 tocius

62 1434 181 1518 lmperii
204 1435 380 1518 Romanis,
404 1433 506 1500 nobili
522 1441 555 1499 et
574 1433 715 1518 sapienti
730 1433 800 1498 viro
816 1429 950 1498 Andree
965 1429 1124 1498 Michaeli
1141 1432 1182 1498 de

64 1563 112 1608 suo
135 1543 289 1609 mandato
308 1541 429 1608 Comiti
446 1541 533 1608 Arbi
549 1541 640 1606 fideli
657 1539 777 1607 dilecto
794 1540 934 1606 salutem
950 1547 983 1606 et
999 1539 1183 1608 dilectionis

62 1649 208 1715 affectum.
232 1651 384 1716 Litteras
408 1656 532 1714 vestras
557 1649 653 1714 datas
678 1649 713 1712 in
727 1643 824 1713 Arbo
841 1646 897 1714 din
913 1645 1019 1714 XIX.
1036 1647 1184 1735 Septem·

61 1755 118 1824 bris
129 1759 321 1842 recepimus,
341 1757 375 1822 in
396 1757 512 1841 quibus
528 1757 671 1842 plurime
686 1754 911 1839 descripsistis,
927 1757 969 1822 de
986 1755 1102 1841 quibus
1119 1757 1182 1822 sol·

62 1863 251 1931 licitudinem
279 1871 422 1931 vestram
447 1865 564 1930 merito
590 1861 863 1944 commendamus,
883 1862 1029 1930 videntes
1045 1883 1101 1930 vos
1118 1861 1181 1929 sol·

58 1971 154 2038 licitos
168 1975 203 2038 in
219 1972 381 2054 omnibus,
392 1978 613 2056 quenostrum
631 1971 787 2037 honorem
806 1971 985 2055 respiciunt
1000 1975 1100 2054 atque
1117 1977 1180 2036 ste·

60 2086 126 2146 lum
141 2080 187 2146 Et
201 2081 286 2148 licet
301 2101 368 2146 non
383 2081 553 2146 credamus
572 2077 754 2162 expediens,
770 2077 962 2144 mandamus
978 2077 1079 2159 vobis,
1095 2075 1181 2162 quod

60 2189 204 2256 studeatis
214 2191 351 2256 mittere
369 2190 403 2253 in
414 2188 623 2272 Hungariam
643 2187 686 2253 ad
702 2181 963 2269 investigandum
979 2186 1020 2251 de
1030 2186 1130 2268 novis,
1143 2191 1177 2252 et

60 2297 284 2366 declarandum
296 2318 334 2362 ea
345 2296 438 2363 nobis
450 2296 679 2382 ethpiteneis
689 2293 1083 2378 nostriseontraledrem,
1094 2294 1179 2362 siout

61 2401 203 2471 devehis
230 2411 267 2472 st
285 2404 445 2471 fidelitate
475 2411 583 2470 vestra
599 2401 789 2470 confidimus
822 2410 855 2469 et
884 2423 1063 2487 speramus.
1093 2401 1175 2470 Sitis

58 2513 148 2577 eciam
167 2513 292 2597 previsi
304 2511 347 2577 ad
366 2513 609 2597 procurandum
619 2533 692 2578 oum
702 2508 885 2578 Comitibus
896 2509 1025 2595 Duymo
1045 2519 1078 2578 et
1093 2511 1176 2578 Ber·

56 2617 134 2686 tholo
161 2621 202 2686 de
213 2619 334 2705 Vegla,
360 2621 449 2704 quod
464 2642 530 2686 non
547 2621 613 2686 sint
628 2621 662 2686 iu
677 2619 789 2704 aliquo
805 2640 865 2704 per
881 2641 915 2687 se
930 2619 981 2686 vel
998 2641 1073 2687 suos
1089 2620 1177 2686 lavo·

56 2727 162 2794 rabilcs
186 2729 222 2794 in
248 2727 347 2795 iactis
372 2727 397 2794 J
399 2728 642 2812 adratinorum,
668 2734 702 2794 et
727 2728 832 2794 eciam
865 2725 908 2795 ad
931 2726 1176 2813 procurandum

55 2837 178 2902 nuncios
195 2832 322 2900 domini
338 2834 532 2902 Patriarohe
550 2833 737 2919 Aquilegie,
754 2855 836 2919 quos
852 2837 981 2918 scimus,
997 2835 1084 2921 quod
1100 2837 1179 2902 coti-

56 2942 100 3008 die
115 2945 202 3010 mitit
218 2943 264 3009 ad
280 2942 446 3010 dominum
461 2943 588 3029 Regem
604 2943 786 3028 Hungarie,
802 2949 909 3010 etnon
924 2965 985 3029 pro
1000 2945 1089 3012 bona
1103 2967 1179 3012 cau·

54 3072 92 3130 sa,
113 3057 148 3116 ut
172 3058 342 3136 putemus.
362 3049 409 3116 Et
424 3051 452 3116 si
469 3051 633 3118 videretur
649 3051 749 3133 vobis,
766 3051 854 3136 quod
869 3074 929 3136 per
944 3073 1004 3118 nos
1020 3060 1105 3120 esset
1120 3053 1180 3120 ali-

54 3158 118 3240 quis
133 3158 253 3226 modus
270 3157 438 3240 tenendus,
448 3165 486 3225 ut
496 3158 601 3227 dictos
612 3161 753 3226 nuncios
769 3159 891 3225 habere
907 3180 1083 3244 possemus,
1100 3181 1174 3227 eum

54 3265 136 3331 nobis
150 3265 297 3332 sollicite
312 3266 484 3333 denotetis.
504 3266 732 3352 Significamus
750 3267 882 3351 insuper
897 3267 997 3348 robis,
1008 3268 1177 3351 quodheri

54 3376 227 3459 recepimus¹
250 3374 381 3439 litteras
397 3395 418 3440 a
434 3382 547 3442 nostro
566 3374 709 3442 Consule
718 3372 842 3459 Apulis
860 3375 1071 3460 continentes,
1091 3373 1178 3462 quod

53 3477 117 3547 Rex
139 3481 299 3548 Andreas
320 3480 360 3546 de
375 3477 504 3566 Apulia
519 3487 666 3548 mortuus
682 3488 765 3564 erat,
779 3504 846 3549 nou
861 3482 947 3549 bona
962 3489 1078 3550 morte.
1094 3484 1178 3551 Pre.
1289 3466 1295 3474 ¹

53 3595 132 3656 teres
148 3589 557 3656 continebaturinlitteris
573 3591 697 3672 vestris,
714 3590 802 3674 quod
819 3591 953 3675 quidam
968 3589 1072 3658 frater
1087 3592 1177 3680 Dup-

53 3715 116 3764 nus
139 3699 181 3764 de
200 3696 313 3782 Vegla
332 3702 405 3763 erat
420 3696 528 3765 fidelis
544 3703 576 3765 et
593 3697 727 3766 devotus
742 3701 848 3765 nostri
864 3700 1027 3782 Dominii;
1044 3701 1100 3767 sed
1116 3724 1179 3771 nos

52 3801 203 3872 habemus
230 3826 289 3889 per
314 3803 445 3871 litteras
471 3804 511 3870 de
530 3827 628 3874 manu
644 3828 713 3888 sua,
730 3827 792 3890 que
809 3806 852 3873 ad
868 3812 997 3873 nostras
1013 3828 1127 3874 manus
1143 3815 1178 3874 et

51 3920 232 3980 nostrorum
257 3920 485 3998 pervenerunt,
511 3935 594 3997 ques
618 3914 772 3982 mittebat
796 3913 984 3981 Jadratinis
1004 3921 1037 3982 et
1052 3915 1176 3982 civibus

50 4016 158 4107 dadre,
175 4021 395 4089 confortando
413 4042 478 4104 eos,
490 4027 522 4088 et
532 4021 669 4088 dicendo
686 4021 787 4090 verba
802 4027 918 4091 contra
933 4023 1090 4090 honorem
1104 4045 1178 4091 nos·

54 4133 142 4213 trum,
168 4135 278 4197 totum
293 4131 502 4212 contrarium,
518 4130 566 4196 ita
582 4131 669 4214 quod
685 4131 727 4196 eb
745 4152 783 4198 eo
799 4152 856 4198 vos
871 4132 1023 4198 caveatis.
1038 4130 1129 4198 Date
1144 4133 1177 4197 in

49 4244 155 4305 nostro
181 4236 304 4306 Ducali
329 4237 458 4323 palacio
479 4238 531 4304 die
551 4235 725 4307 XXVIII.
737 4235 937 4323 Septembris
963 4237 1062 4309 XIV.
1077 4239 1178 4305 indic·

50 4345 152 4412 tionis.

149 4444 189 4517 (A
200 4455 317 4507 ›Ducali
331 4454 364 4507 ed
378 4455 430 4506 atti
443 4455 633 4518 diplomaticit
647 4455 802 4521 osztatlybdl
825 4453 992 4510 aveleuczei
1005 4469 1080 4522 negy
1094 4450 1177 4506 level·

48 4543 167 4605 urban.)

530 4613 687 4628 kunnu—vunnu

1029 4815 1285 4961 ssssdsslld
