3166 5256
773 371 1006 418 nvvnonuozrm
1027 358 1195 416 emeres.

959 641 1009 702 61.

419 797 450 862 Α
476 800 627 864 velenezei
652 801 812 886 kormdny
836 824 857 865 a
873 823 1015 885 mappae
1039 800 1153 887 kiruty
1178 802 1366 889 irdnydban
1384 803 1541 890 feqyreres

528 909 752 973 ellentdlla'sra
769 909 894 995 izqatja
921 933 942 971 a
959 909 1328 996 dalinaticisdorakut.
1346 913 1443 978 1344.

527 1067 626 1132 Anno
642 1068 775 1133 Domini
791 1063 1049 1133 MOOOXLIV.
1073 1067 1127 1133 die
1142 1066 1207 1134 XI.
1224 1069 1427 1152 Novembris,
1442 1069 1541 1135 XIH.

422 1173 616 1239 indictionis.
632 1174 745 1259 Cept
756 1197 793 1241 a:
811 1173 1027 1240 Considerate
1043 1195 1163 1256 magno
1188 1181 1222 1240 et
1237 1176 1379 1242 evidenti
1394 1175 1540 1260 periculo,

423 1302 487 1365 quo
504 1281 672 1347 subiacent
701 1288 813 1365 partes
844 1279 1029 1360 Solanonie,
1054 1281 1082 1345 si
1106 1279 1236 1364 Vnguri
1261 1284 1400 1367 amplius
1419 1285 1452 1348 in
1468 1285 1539 1366 ipsis

422 1388 569 1472 pertibus
587 1387 816 1472 declinabuut;
831 1409 870 1452 ac
885 1387 987 1452 eciem
1003 1395 1198 1470 respectato,
1231 1393 1318 1473 quod
1334 1391 1362 1456 si
1378 1396 1539 1473 ponentes

422 1495 670 1560 adveniendum
694 1515 755 1578 pro
781 1493 957 1560 obtinenda
981 1493 1108 1577 plenius
1132 1495 1319 1561 intencione
1350 1517 1418 1578 sua,
1442 1503 1539 1578 magis

422 1603 549 1685 provise
564 1602 719 1683 venirent,
734 1601 821 1686 quod
837 1621 902 1665 non
917 1622 1052 1684 parvum
1078 1603 1259 1685 pericnlum
1283 1604 1404 1669 nostris
1430 1601 1540 1668 Cium-

422 1710 510 1776 tibus
526 1709 704 1775 Maritimis
720 1709 923 1792 importaret,
939 1708 1122 1790 consulunt,
1136 1709 1180 1775 ed
1190 1710 1398 1776 evitaciouom
1415 1711 1538 1792 premis

424 1837 542 1896 sorum,
556 1816 645 1898 qnod
661 1816 779 1881 nostris
795 1814 1023 1881 Provisoribus
1038 1815 1246 1898 rescribetur,
1263 1816 1351 1900 quod
1369 1816 1537 1882 secundum

422 1924 591 1990 consilinm
608 1945 701 1989 suum
716 1924 871 1989 inducant
894 1923 1044 1988 Berones
1070 1921 1243 1989 Sclauonie
1268 1923 1311 1990 ad
1326 1925 1487 1990 unitatem
1499 1923 1539 1988 fs-

424 2033 592 2114 ciendem3
609 2053 706 2116 quem
718 2034 745 2097 si
756 2031 889 2112 facient,
906 2031 952 2096 eis
968 2032 1173 2115 promittent,
1189 2032 1277 2116 quod
1293 2039 1442 2099 nostrum
1457 2030 1539 2098 Oom·

424 2160 530 2218 mune,
545 2137 737 2203 adveniente
753 2137 903 2220 Vngerie
918 2133 1020 2220 Rege,
1045 2137 1096 2201 vel
1119 2137 1214 2204 Bono
1232 2157 1305 2218 suo,
1320 2160 1394 2204 cum
1411 2139 1539 2204 exercitu

422 2247 592 2329 adportes
609 2245 784 2329 predictos,
798 2243 841 2310 ed
857 2243 1080 2310 resisteuciam
1105 2245 1251 2328 ipsorum
1274 2251 1373 2328 ponet
1396 2245 1539 2312 ducentos

422 2355 558 2438 equites,
583 2354 633 2418 vel
656 2359 707 2419 tot
731 2353 816 2418 inter
841 2353 966 2435 equites
991 2359 1025 2418 et
1049 2352 1186 2436 pedites,
1211 2358 1293 2436 quot
1308 2355 1489 2420 escenderit
1503 2353 1538 2419 sd

423 2482 581 2527 summam
612 2481 829 2543 expensarum
861 2459 1022 2524 dictorum
1054 2459 1266 2527 ducentorum
1299 2461 1454 2544 equiturn,
1484 2481 1539 2525 non

423 2570 622 2635 transeundo
637 2573 815 2652 propterea
831 2567 955 2632 dictum
986 2588 1155 2633 numerum
1172 2568 1385 2634 ducentorum
1400 2570 1541 2654 equitum,

424 2696 496 2739 eum
512 2674 708 2754 condicione,
725 2674 811 2757 quod
827 2674 887 2757 illi,
903 2675 959 2757 qui
975 2675 1008 2738 in
1033 2675 1123 2740 dicte
1139 2676 1266 2740 unitate
1282 2681 1387 2756 erunt,
1402 2675 1481 2740 dere
1495 2675 1541 2739 de-

422 2783 521 2847 beant
538 2780 714 2845 secundum
729 2779 904 2861 qualitates
920 2780 1065 2863 ipsorum
1090 2785 1202 2845 nostro
1229 2779 1402 2847 Communi
1432 2781 1539 2847 bonnm

423 2894 457 2953 et
481 2886 640 2971 ydoneam
664 2883 903 2951 fideiussionem
927 2887 967 2952 de
992 2908 1057 2952 non
1081 2886 1279 2953 retrahendo
1305 2909 1339 2952 se
1362 2889 1405 2954 ab
1421 2891 1498 2973 ipse,
1512 2891 1541 2952 et

423 2996 623 3063 observando
648 2995 756 3060 omnia
782 2999 937 3060 contente
962 2995 995 3059 in
1020 2994 1101 3078 ipse.
1125 2993 1172 3060 Et
1187 2994 1432 3061 attendentibus
1456 2993 1540 3060 dictis

422 3103 607 3171 Beronibus
622 3102 666 3167 ad
681 3102 841 3167 unitatem
856 3101 1026 3185 prefatam,
1051 3107 1226 3185 procurent
1239 3104 1343 3168 nostri
1361 3102 1540 3167 Provisores

423 3213 569 3279 obtinere
586 3210 627 3275 ab
644 3210 691 3274 eis
715 3210 790 3275 illas
814 3210 1014 3293 provisiones
1040 3216 1073 3275 et
1097 3210 1330 3296 camelosque
1363 3211 1424 3277 sibi
1448 3229 1543 3274 ueces-

423 3321 510 3384 serie
526 3318 721 3384 videbuntur
736 3338 797 3400 pro
812 3318 966 3383 firmitate
981 3318 1121 3400 unionis,
1152 3317 1313 3384 trahendo
1331 3318 1373 3383 eb
1388 3319 1436 3383 eis
1452 3337 1540 3401 quen·

422 3434 493 3492 tum
507 3431 681 3510 poterunt3
706 3447 746 3492 eo
770 3425 925 3509 quioquid
950 3425 1090 3490 iecerint
1114 3425 1288 3508 superinde
1319 3447 1392 3492 eum
1419 3422 1541 3490 consilio

424 3556 481 3599 suo
496 3533 589 3600 uobis
606 3532 761 3599 velociter
786 3531 982 3614 denotando,
1007 3537 1040 3597 et
1063 3540 1212 3598 nostrum
1231 3539 1405 3616 expectent
1419 3529 1540 3597 mande-

423 3650 501 3707 tum.
516 3643 563 3707 Et
588 3643 616 3706 si
643 3640 860 3721 attenderent,
886 3645 919 3704 et
944 3639 1054 3721 alique
1079 3639 1266 3706 differencie
1292 3647 1402 3706 essent
1416 3641 1451 3704 in
1464 3636 1541 3704 facto

424 3750 551 3815 unionis
568 3748 723 3832 predicte,
739 3746 888 3812 similiter
905 3746 1060 3826 scribent,
1078 3751 1111 3812 et
1126 3754 1274 3813 nostrum
1283 3750 1455 3831 expectent
1463 3763 1542 3810 mun·

423 3857 543 3940 datum,
568 3861 606 3920 ut
631 3855 827 3919 dictumest.
844 3851 910 3919 Sed
935 3853 962 3918 si
987 3854 1153 3920 videretur
1178 3855 1235 3936 eis,
1263 3855 1352 3938 quod
1368 3877 1408 3922 ex
1423 3859 1490 3920 toto
1505 3847 1541 3914 ed

421 3965 525 4048 ipsam
541 3985 606 4028 non
631 3961 845 4040 attenderent,
878 3959 1041 4029 Veuecias
1071 3967 1289 4026 revertentur.
1321 3959 1395 4045 Qua
1424 3961 1540 4026 unitate

422 4071 592 4154 completa,
622 4092 695 4135 cum
727 4090 822 4135 casus
853 4067 1010 4134 adventus
1040 4066 1251 4152 Vngarorum
1281 4069 1442 4149 adveniet,
1465 4063 1540 4150 quod

422 4179 513 4243 Dens
526 4183 663 4260 evertet,
678 4183 883 4261 procuretur,
900 4175 988 4257 quod
1014 4173 1174 4241 Ciuitates
1200 4175 1369 4241 Maritime
1395 4176 1429 4240 in
1453 4172 1539 4240 dietis

422 4285 616 4350 ducentibus
633 4285 818 4351 hominibus
834 4289 959 4366 ponant
975 4283 1017 4363 id,
1034 4281 1120 4366 quod
1139 4282 1248 4349 volent
1273 4281 1451 4348 secundum
1465 4283 1538 4365 ipso

422 4412 495 4455 rum
520 4390 791 4474 possibilitatem
824 4391 1048 4475 subiungendo
1066 4395 1184 4470 tamen,
1216 4389 1304 4473 quod
1334 4389 1540 4473 prescriptum

421 4506 566 4579 nostram
581 4499 798 4569 intencionem
829 4499 950 4568 eisdem
982 4499 1114 4566 minime
1145 4497 1286 4565 debeant
1317 4498 1456 4581 operire,
1485 4491 1538 4560 nisi
