3214 5260
351 333 419 398 424
704 347 940 396 orruouaczm
955 335 1124 396 anebsan.

352 512 418 595 polj
444 531 504 594 per
528 519 644 576 manus
669 508 774 592 Sergij
800 507 922 574 domini
947 505 1087 577 Vreonis
1102 507 1143 572 de
1160 503 1302 591 Neapolj
1317 512 1381 572 etc.
1396 527 1484 572 anno

353 617 486 684 Domini
510 618 684 684 millesimo
707 615 935 682 trecentesimo
960 614 1228 700 quinquagesimo
1262 613 1405 680 secundo
1431 614 1485 680 die

352 723 431 793 XV.
446 726 471 791 J
472 726 538 809 unij
565 720 607 790 V.
631 724 831 804 indictionis,
847 723 1035 806 Regnorum
1058 722 1163 788 nostri
1178 721 1280 806 Regis
1297 743 1384 787 anno
1401 720 1485 788 1111„

355 834 460 898 nostri
475 853 554 898 uero
569 831 695 912 Regina
712 852 796 897 anno
813 830 859 895 X.

577 977 612 1040 (Δ
628 977 711 1041 »Bag
726 976 876 1042 Angioini‹
890 977 1011 1026 emlitett
1025 975 1168 1028 kbtettbb'l
1181 980 1224 1026 46.
1238 977 1268 1036 l.)

459 1153 504 1238 Ε)
536 1153 724 1220 Ludouicus
748 1159 781 1220 et
804 1153 960 1219 Johanna
985 1159 1045 1218 etc.
1070 1156 1175 1237 gratis
1200 1154 1334 1220 utilibus
1357 1153 1487 1220 devotis

229 1256 232 1272 ’
354 1261 511 1346 seruicijs‚
536 1282 599 1344 que
625 1259 767 1326 Saninus
795 1260 923 1326 Juliani
948 1260 990 1325 de
1008 1258 1186 1326 Stornaria
1199 1259 1322 1326 Nostro
1340 1260 1487 1328 culmini
1603 1321 1605 1330 .

354 1369 388 1433 in
413 1369 610 1435 exaltatione
635 1368 740 1432 nostri
765 1367 904 1434 nominis
930 1375 964 1432 et
980 1368 1113 1433 honoris
1129 1369 1296 1448 haetenus,
1317 1369 1489 1452 signanter
1603 1367 1605 1414 ἓ

355 1476 482 1562 pridem
505 1476 540 1540 in
566 1475 666 1540 Turri
689 1473 804 1540 Trium
830 1475 1026 1542 Sanctorum
1051 1475 1185 1542 obsessa
1199 1476 1367 1542 mensibus
1383 1475 1487 1560 pluri·
1603 1495 1605 1550 ᾗ

258 1593 263 1600 “
355 1584 417 1648 bus
441 1603 500 1666 per
524 1582 680 1664 Vngaros
706 1603 744 1646 ac
771 1581 853 1646 alios
878 1583 1016 1648 aliarum
1041 1584 1186 1666 partium
1214 1588 1347 1648 nostros
1364 1583 1491 1650 emulos
1603 1569 1605 1586 ⁵

357 1690 506 1773 prestitit
529 1697 587 1754 etc
628 1687 745 1772 (habet
779 1689 990 1754 donationem
1014 1689 1164 1755 redditus
1192 1690 1291 1755 annui
1316 1692 1491 1756 unciarum
1603 1683 1605 1736 Ϊ

355 1798 428 1862 auri
443 1795 636 1882 duodecim.)
651 1795 777 1862 Datum
792 1795 934 1880 Neapoli
952 1818 1037 1863 anno
1062 1796 1195 1863 Domini
1211 1795 1421 1864 MGGOLII.
1437 1798 1489 1864 die

355 1899 396 1972 V.
412 1903 506 1970 Junii
522 1903 563 1974 V.
578 1904 775 1986 indictionis,
791 1903 983 1986 Regnorum
1000 1904 1062 1971 stb.

555 2049 590 2110 (A
606 2050 743 2114 »Registri
754 2048 904 2115 Angioini«
919 2051 1042 2101 cmlitett
1054 2050 1198 2102 notetsbol
1210 2055 1252 2100 44.
1266 2051 1297 2112 l.)

463 2245 507 2326 F)
531 2246 718 2312 Ludouicus
744 2255 777 2312 et
801 2245 958 2312 Johanna
982 2245 1047 2313 Dei
1072 2250 1184 2332 gratia
1209 2248 1282 2314 Rex
1308 2254 1341 2312 et
1358 2248 1493 2330 Regina
1605 2253 1606 2330 ζ

356 2351 543 2420 Jerusalem
559 2360 592 2418 et
609 2352 727 2432 Sicilie,
743 2353 892 2420 Ducatus
907 2353 1041 2437 Apulie,
1052 2355 1261 2439 Principatus
1272 2354 1399 2439 Oapue,
1409 2354 1493 2420 Pro·
1604 2339 1606 2370 *

357 2460 461 2525 uinoie
486 2467 518 2524 et
544 2460 772 2547 Forcalquerij
799 2485 836 2528 ac
856 2461 1061 2528 Pedimontis
1078 2463 1224 2529 Comites
1240 2463 1401 2528 uniuersis
1417 2483 1493 2546 pre·
1603 2459 1606 2560 J

357 2573 468 2632 sentes
485 2568 616 2634 licteias
641 2571 838 2654 inspecturis
863 2575 942 2672 tam,
955 2571 1162 2654 presentibus
1181 2591 1279 2655 quam
1293 2569 1426 2636 futuris.
1442 2567 1493 2636 si·
1604 2575 1606 2640 ζ

362 2680 418 2742 cut
442 2677 589 2741 virtuosa
606 2676 772 2759 Principis
789 2678 1025 2761 circumspecta
1044 2679 1229 2763 benignitas
1245 2680 1373 2763 gratias
1389 2677 1493 2744 babet

357 2781 503 2847 conferre
518 2804 578 2865 pro
594 2784 737 2863 me1·itis;
762 2785 806 2849 sic
823 2786 1030 2850 considerare
1051 2786 1148 2851 debet
1163 2787 1333 2867 aetentiuS,
1347 2791 1386 2850 ut
1403 2785 1493 2868 quod

358 2911 397 2954 er
412 2911 513 2955 causa
528 2892 668 2956 maxime
693 2892 831 2974 benigne
857 2893 1054 2974 conceditur,
1080 2894 1291 2961 subsistentie
1317 2893 1428 2959 debite
1444 2895 1493 2958 in-

357 3018 566 3063 coneusssum
581 2998 683 3064 robur
699 2999 854 3080 obtineat,
872 3005 905 3064 et
920 3022 979 3084 per
994 3002 1136 3066 cuiusuis
1162 3002 1291 3068 aduersi
1308 3022 1405 3067 casus
1420 3024 1494 3066 suc-

357 3103 538 3169 cedentiam
563 3105 752 3172 alicuiusuis
778 3105 973 3172 infrictionis
999 3109 1206 3192 dispendium
1222 3130 1286 3175 non
1301 3115 1494 3192 pauesoant,

359 3211 454 3278 Licet
468 3212 569 3293 igitur
585 3212 654 3278 viro
672 3212 852 3294 Magnifico
868 3213 969 3278 Petro
990 3215 1120 3299 Pipino,
1136 3215 1273 3282 Luceria
1290 3223 1323 3282 et
1339 3214 1416 3284 Vici
1427 3214 1495 3281 Co·

358 3318 441 3398 miti,
458 3341 497 3384 ac
512 3319 654 3385 Baronie
682 3319 796 3386 Sancti
814 3320 929 3387 Seueri
950 3321 1089 3388 Domino
1104 3324 1223 3389 dilecto
1239 3329 1352 3390 nostro
1369 3322 1495 3391 dudum

276 3510 279 3521 Ι
359 3426 518 3509 condigne
544 3429 612 3492 eius
641 3430 888 3512 exposcentibus
909 3430 1034 3494 meritis
1052 3428 1229 3495 Ciuitatem
1246 3427 1367 3496 Sancte
1384 3431 1495 3497 Maria

234 3547 236 3556 ’
360 3533 437 3598 olim
454 3535 595 3600 Luceria
610 3543 839 3619 nuncupatam,
857 3537 954 3600 sitam
965 3537 998 3600 in
1010 3537 1189 3603 Prouincia
1205 3535 1403 3621 Capitinate,
1419 3559 1494 3603 cum

358 3639 552 3722 hominibus,
569 3643 729 3725 vassallis,
752 3644 889 3728 juribus,
904 3643 1091 3726 tortellicio,
1110 3665 1201 3710 mero
1217 3652 1251 3710 et
1265 3646 1368 3710 mixto
1386 3646 1495 3728 Impe-
1605 3677 1606 3680 ¹

358 3748 419 3830 rio,
443 3751 627 3816 rationibus
644 3759 677 3818 et
692 3751 897 3835 pertinentijs
924 3752 989 3816 suis
1015 3752 1174 3832 omnibus,
1199 3751 1386 3817 donandam
1402 3753 1494 3818 duxi·

319 3885 321 3894 ·
359 3878 429 3921 mus
454 3859 615 3940 gratiose3
640 3860 719 3942 quia
742 3867 853 3924 tamen
878 3860 921 3925 ad
946 3881 1079 3942 presens
1104 3859 1146 3924 de
1170 3859 1357 3925 reducendo
1374 3857 1495 3925 Corra-

360 3966 437 4030 dum
454 3967 583 4051 Lupum
600 3965 838 4031 Theotonicum
866 3966 909 4034 ad
926 3973 1038 4031 nostre
1055 3967 1333 4033 reconciliationis
1349 3968 1494 4050 gratiam

360 4072 497 4140 eandem
525 4073 701 4140 Ciuitatem
721 4071 841 4140 Sancte
858 4073 966 4140 Mario
984 4096 1024 4139 ex
1040 4073 1149 4158 hostilj
1167 4075 1335 4140 inuasione
1353 4079 1387 4139 et
1404 4095 1494 4139 occu·

361 4181 491 4263 patione
519 4183 597 4248 olim
621 4181 710 4246 lacta
726 4202 787 4264 per
804 4201 878 4246 eum
894 4182 1139 4265 presentialiter
1165 4180 1364 4246 detinentem
1381 4180 1423 4246 de
1439 4201 1493 4244 no-

361 4295 429 4352 stro
447 4290 578 4374 specialj
606 4289 813 4373 beneplacito
839 4309 911 4354 eum
937 4290 1034 4355 certis
1050 4290 1156 4373 pactis
1172 4295 1206 4354 et
1222 4289 1492 4355 conuentionibus

361 4402 525 4460 tractatus
539 4395 689 4480 babetur,
704 4418 744 4462 ne
761 4397 895 4463 donatio
907 4396 980 4481 ipsa
995 4403 1109 4462 nostra
1125 4400 1165 4464 de
1180 4397 1330 4480 predicta
1346 4394 1490 4462 Ciuitate

362 4501 468 4567 eidem
483 4500 581 4587 iacta,
605 4506 654 4570 uti
678 4504 892 4590 prelangitur,
916 4507 1085 4571 occasione
1110 4511 1272 4572 tractatus
1297 4504 1442 4570 eiusdem
1459 4511 1490 4569 et
