3220 5248
394 391 457 456 578
749 407 983 454 nmnouneznr
1000 396 1168 458 russeus.

1577 491 1581 602 l

393 567 549 652 ungarie,
565 567 801 650 querimoniam
828 567 936 632 facere
953 569 1077 650 possint
1094 563 1137 632 de'
1150 566 1238 632 dioto
1264 567 1394 634 domino
1418 567 1502 650 Rege,

395 677 483 763 quod
500 697 565 742 non
581 676 803 741 observaverit
819 677 853 739 in
869 674 1037 758 premissis
1053 675 1297 759 promissionem
1314 697 1370 741 sue
1385 675 1464 742 fidei.

501 783 547 848 Et
563 804 623 868 pro
639 784 756 849 maiori
772 783 902 848 osutela
918 789 951 847 et
966 782 1161 847 certitudine
1186 783 1415 865 premissorum
1430 780 1504 848 iaetu
1579 775 1581 820 ³

395 898 470 957 sunt
494 891 535 956 de
562 892 727 974 premissis
755 890 820 956 duo
846 889 1027 956 consimilia
1055 891 1195 972 soripta;
1219 911 1354 974 quorum
1372 890 1505 968 alterum,
1578 917 1581 1014 4

393 1001 516 1064 seilicet
531 1021 663 1083 presens
680 998 860 1082 sigillatum
885 998 992 1062 anulis
1013 999 1147 1064 seeretis
1164 998 1251 1064 diste
1267 1000 1435 1082 utriusque
1448 998 1507 1062 Ma·

392 1107 523 1173 iestatis
539 1128 637 1190 penes
662 1106 766 1172 dictos
783 1104 1001 1190 Capitoneum
1027 1113 1060 1171 et
1077 1105 1248 1188 Ungeros3
1274 1111 1307 1170 et
1322 1105 1458 1172 alterum
1472 1107 1505 1170 si·
1580 1117 1581 1162 ὲ

394 1214 546 1299 gilletum
562 1211 684 1298 sigillis
710 1214 931 1297 predictorum
952 1209 1092 1278 Comitis
1108 1211 1257 1298 Nicolay‚
1273 1218 1307 1278 et
1322 1213 1468 1292 Emerici,
1482 1217 1508 1276 et
1580 1217 1581 1234 ²

395 1322 539 1387 omnium
564 1321 704 1386 aliorum
730 1318 946 1405 Oaporalium
972 1318 1058 1387 dicte
1078 1319 1259 1400 Sotietatis‚
1275 1341 1373 1404 penes
1388 1320 1507 1386 eandem

395 1428 607 1494 Maiestatem
634 1429 755 1495 debeat
778 1451 956 1495 remanere.
976 1427 1166 1510 Declarato,
1183 1427 1273 1511 quod
1289 1430 1317 1493 si
1333 1427 1418 1495 forte
1434 1429 1509 1496 diota

395 1535 539 1604 Sotietas
555 1539 695 1603 evitaret
718 1537 848 1621 bellum,
864 1543 897 1602 et
911 1544 1049 1620 poneret
1065 1559 1100 1602 se
1115 1558 1175 1621 per
1191 1542 1297 1602 terras
1323 1536 1443 1601 domini
1457 1535 1508 1600 Lu-

395 1645 500 1712 dovioi
516 1644 555 1710 de
572 1642 714 1711 Duratio
731 1653 764 1711 et
781 1646 929 1724 aliorum,
947 1646 1003 1730 qui
1020 1644 1130 1710 forsan
1141 1652 1248 1709 essent
1259 1643 1396 1709 rebelles
1412 1649 1443 1708 et
1457 1645 1510 1708 ino·

394 1752 564 1818 bedientes
581 1752 744 1818 dictorum
760 1753 863 1836 Regis
879 1759 912 1818 et
929 1753 1065 1835 Regino,
1090 1752 1301 1835 subsequenti
1317 1751 1422 1832 modo,
1438 1750 1511 1814 side·

395 1859 472 1926 lieet
488 1861 576 1945 quod
602 1861 629 1925 si
655 1860 743 1926 dicta
769 1860 958 1944 Companea
974 1859 1275 1926 Theothonioorum
1291 1865 1425 1943 poneret
1438 1879 1469 1923 se
1483 1858 1512 1920 in

396 1989 462 2032 una
476 1973 572 2050 parte
589 1969 655 2032 sive
670 1973 771 2052 terra,
787 1969 839 2034 vel
855 1967 1017 2033 divideret
1033 1989 1066 2032 se
1081 1989 1141 2051 per
1157 1966 1367 2032 medietatem
1377 1967 1442 2031 sive
1457 1971 1511 2031 ter·

396 2076 477 2140 tiam
502 2096 559 2142 seu
584 2079 737 2158 quartam
761 2081 899 2158 partem,
924 2076 976 2140 vel
1001 2077 1094 2160 quasi
1118 2079 1256 2159 poneret
1281 2095 1315 2140 se
1331 2076 1365 2139 in
1381 2081 1510 2157 quatuor

395 2183 493 2249 terris
510 2183 560 2249 vel
575 2182 673 2264 loeis3
690 2183 770 2249 dieti
788 2181 965 2266 capitanei
982 2191 1016 2249 et
1031 2205 1141 2250 omnes
1159 2183 1216 2249 alii
1233 2179 1412 2267 Oaporales
1429 2187 1460 2247 et
1475 2201 1512 2244 se-

400 2312 519 2375 quaces
545 2297 717 2357 teneantur
742 2291 893 2357 obsidere
918 2292 993 2357 illos
1024 2314 1125 2375 usque
1151 2291 1194 2357 ad
1219 2291 1514 2356 consummationem

400 2399 543 2464 omnium
569 2397 792 2482 predictorum
817 2401 965 2484 superins
993 2405 1220 2480 narratorum
1242 2401 1291 2464 ita
1306 2407 1423 2481 tamen,
1440 2394 1514 2479 quod

400 2505 439 2572 de
455 2512 553 2590 gente
568 2506 676 2588 Regia
692 2507 735 2572 sit
750 2529 822 2572 eum
839 2529 877 2573 eo
894 2514 926 2573 et
941 2508 997 2589 eis,
1013 2516 1046 2573 et
1063 2508 1150 2591 quod
1175 2529 1284 2572 omues
1300 2506 1461 2572 uolnerati
1474 2501 1515 2567 vel

397 2611 518 2678 infirmi
533 2612 573 2678 de
589 2615 676 2680 diota
702 2612 866 2680 Sotietate
890 2615 1103 2700 Ungsrorum
1122 2615 1248 2697 possint
1274 2615 1395 2679 intrare
1420 2620 1514 2678 terras

401 2729 434 2787 et
449 2722 521 2788 loca
536 2721 681 2787 fidelium
697 2721 877 2806 Regiorum
892 2723 935 2788 ad
951 2723 1133 2790 curandum
1149 2745 1192 2804 se,
1208 2728 1243 2788 et
1259 2722 1327 2788 alia
1343 2720 1515 2788 necessaria

398 2829 629 2912 recipiendum,
646 2851 757 2895 eorum
773 2831 912 2915 pecnnia
927 2831 1109 2912 mediante3
1132 2838 1166 2895 et
1183 2831 1227 2896 ibi
1243 2835 1425 2895 tractentur
1440 2848 1517 2894 ams-

402 2936 520 3017 biliter,
546 2939 627 3002 sieut
655 2937 756 3004 decet.
782 2939 872 3004 Data
896 2939 1008 3006 Melfie
1034 2939 1086 3004 die
1111 2937 1231 3005 XXV.
1256 2937 1383 3022 Aprilis
1399 2933 1515 3002 XIIII.

401 3043 599 3110 indictionis.

510 3193 547 3252 (A
570 3193 807 3258 »Rilormaggioni
825 3195 902 3246 XVI.
917 3194 1011 3244 Classe
1025 3195 1073 3243 Xl.
1088 3147 1177 3244 Distu
1192 3194 1382 3254 cederetque
1401 3189 1519 3242 florencii

400 3279 594 3346 leveltatrban.)

929 3611 1005 3673 418.

462 3768 590 3853 Delfloo
607 3770 712 3836 Jonos
728 3771 880 3836 velenezei
896 3771 1036 3858 doyenek
1056 3773 1152 3836 Ursio
1169 3771 1341 3836 Bertolaa.
1367 3773 1461 3836 1361.

511 3928 727 3997 Serenissime
753 3932 881 3996 domine
906 3933 962 3998 mi.
976 3929 1136 3997 Dominus
1152 3931 1225 3996 Rex
1242 3931 1404 4014 equitavit
1420 3929 1460 3995 ad
1476 3948 1520 3991 ne

403 4061 473 4104 mus
497 4039 531 4104 in
556 4041 761 4106 venationem
786 4038 839 4105 die
864 4041 1027 4106 dominica
1052 4037 1114 4109 VI.
1131 4041 1249 4108 mensis
1267 4039 1429 4123 presentis
1446 4035 1518 4117 bleij

404 4154 533 4232 sumpto
551 4149 699 4232 prandio,
717 4156 749 4213 et
764 4148 884 4213 dieitur
909 4149 1016 4214 redire
1041 4146 1263 4232 Visegradum
1280 4148 1333 4212 die
1350 4145 1465 4212 sabati
1480 4141 1521 4209 rel

405 4256 457 4321 die
475 4255 636 4321 dominica
652 4278 756 4341 nuper
776 4258 997 4340 subsequenti.
1023 4259 1095 4341 Ego
1114 4263 1225 4323 autern
1240 4257 1350 4322 volens
1366 4278 1417 4320 me
1434 4254 1521 4318 infor·

404 4365 488 4428 mari
504 4387 524 4428 a
540 4365 670 4430 domino
697 4365 883 4448 Guifirlmo,
908 4368 1011 4431 isturo
1038 4367 1080 4432 sd
1103 4366 1269 4431 <lominum
1285 4365 1521 4447 Imperatorem¹

405 4471 445 4536 de
471 4471 523 4536 die
550 4473 599 4536 sui
623 4495 777 4556 recessim,
802 4481 840 4540 ut
864 4497 991 4558 possem
1007 4475 1158 4540 Dominio
1175 4471 1295 4542 Vestro
1313 4473 1471 4538 denotare
1486 4469 1519 4533 de

404 4581 511 4672 Buda¹
537 4582 682 4670 equitavi
706 4583 937 4668 Wisegradum
952 4585 1097 4668 presenti
1114 4583 1167 4649 die
1185 4603 1310 4647 summo
1326 4601 1431 4662 mane,
1446 4579 1520 4646 loen·
1579 4645 1581 4672 i
