3254 5260
408 326 451 389 42
765 351 998 399 orenouaozmr
1014 343 1179 400 uurmunrr.

410 503 484 586 suis,
499 510 533 570 et
548 508 639 574 vuius
671 511 759 594 socij,
790 534 828 576 ac
852 513 944 578 vuius
969 513 1093 578 vallioti
1118 515 1303 596 eorundem,
1330 521 1361 580 et
1394 513 1520 579 duorum

409 633 565 696 equorum
580 637 682 699 nuper
698 617 741 682 ad
757 625 867 701 partes
893 618 1040 706 Vngarie
1066 622 1291 689 recedentibus
1323 621 1409 688 idem
1432 622 1522 688 domi·

408 742 469 786 nus
484 721 560 788 Dux
576 726 720 806 gratiose
736 727 880 793 exhiberi
906 729 1084 809 mandauit,
1100 733 1190 798 vnoic
1206 730 1253 798 ΙΙ.

515 883 550 946 (A
566 881 648 954 meg.
662 884 813 955 Angioiuic
828 893 888 943 225.
901 905 937 940 sz.
948 891 1016 956 Bag.
1030 891 1127 943 Karoli
1139 892 1260 945 Illustris
1273 891 1418 944 kotetebol
1432 896 1454 942 7.
1466 891 1523 951 lev.)

890 1069 1050 1080 ι-ι--ι-ιυ

944 1319 997 1381 41.

610 1477 723 1542 Eadrc
739 1481 865 1564 herozeq
881 1481 964 1545 aciat
979 1481 1106 1544 sicilici
1121 1479 1241 1566 kiroly.
1259 1477 1354 1543 1344.

518 1637 675 1703 Johanna
701 1643 762 1703 etc.
787 1639 934 1703 Baldono
961 1637 1109 1704 Bassano
1133 1640 1174 1703 de
1200 1635 1291 1722 Apta
1316 1637 1422 1716 militi,
1438 1635 1525 1702 Seue·

412 1745 513 1812 soallo
531 1744 690 1828 Hospitij‚
723 1743 916 1812 Consiliario
948 1753 980 1811 et
1011 1744 1165 1811 familiari
1182 1746 1347 1811 Incliti
1370 1743 1526 1808 domini

411 1852 552 1936 Regis
575 1849 753 1917 Andree
776 1843 1006 1919 carissimi
1030 1854 1119 1918 viri
1142 1855 1290 1918 nostri
1314 1861 1346 1918 et
1369 1849 1527 1932 nostratis

413 1981 546 2026 assensu
563 1965 595 2024 et
611 1960 743 2025 consilio
759 1969 898 2045 quorum
915 1983 1021 2045 supra,
1038 1959 1244 2040 conceditur,
1261 1960 1346 2042 quod
1365 1960 1458 2037 bona,
1473 1979 1527 2041 que

412 2067 447 2131 in
463 2064 632 2131 comitatu
648 2065 875 2152 Forcalqucrij
893 2068 936 2133 ad
962 2068 1061 2133 vitam
1085 2088 1176 2133 suam
1201 2073 1299 2150 tenet,
1323 2066 1449 2150 possint
1463 2065 1530 2148 'post

413 2173 535 2240 obitum
566 2174 707 2240 suumin
724 2181 871 2256 posteros
888 2180 921 2239 et
944 2173 1079 2242 heredes
1111 2196 1185 2240 suos
1217 2173 1372 2240 deriuari.
1396 2170 1529 2254 Neapoli

412 2278 694 2349 MOOOXLIIII.
710 2280 775 2347 III.
791 2282 974 2366 Februarij.

522 2443 557 2507 (A
572 2445 652 2510 »1163ι
666 2443 797 2512 Angioini
810 2446 840 2498 F.
855 2451 914 2498 341.
928 2461 964 2496 ez.
979 2460 1003 2495 a.
1015 2446 1081 2509 Reg.
1094 2446 1241 2498 Jouannae
1259 2430 1281 2494 I.
1297 2448 1339 2494 71.
1352 2445 1416 2504 lev.)

899 2623 1059 2634 nna—p-—n

953 2873 1007 2936 42.

419 3037 604 3106 Koezuluek
636 3037 786 3102 Erratbet
815 3056 954 3122 mcpycr
986 3034 1313 3121 coya-kirdlyne'aulo
1345 3035 1535 3120 Mayycror·

696 3141 828 3232 seripho
844 3146 1135 3209 oisszootoza'adra.
1152 3143 1247 3206 1344.

1610 2841 1613 2984 l

526 3304 682 3370 Johanna
707 3309 764 3368 etc.
790 3304 931 3370 Herrico
957 3303 997 3369 de
1023 3299 1166 3368 Corneto
1198 3301 1361 3384 Magistro
1378 3297 1537 3365 Massario
1608 3265 1613 3358 l

417 3410 653 3479 Massariarum
669 3409 868 3478 Araciarum
884 3419 916 3476 et
931 3411 1205 3478 Marcscallarum
1220 3415 1404 3475 nostrarum
1414 3404 1540 3491 Apulia,
1611 3429 1613 3488 ζ

418 3517 574 3585 familiari
590 3525 623 3582 ct
637 3517 729 3583 fideli
747 3539 804 3584 suo
821 3519 962 3601 gratiam
980 3524 1039 3583 etc.
1064 3517 1267 3600 Disponente
1283 3515 1410 3580 nouiter
1424 3513 1538 3579 Inclita

419 3625 550 3690 domina
568 3625 697 3708 Regina
712 3623 865 3709 Vngerie,
882 3624 1061 3691 moerenda
1077 3623 1208 3689 domina
1223 3628 1327 3688 matre
1342 3629 1461 3700 nostra,
1477 3619 1539 3686 Vn·
1611 3639 1613 3680 τ

420 3734 511 3817 geria
527 3737 638 3814 partes
654 3739 810 3817 repetere,
827 3740 933 3798 certas
950 3733 1060 3816 galeas
1078 3729 1178 3797 Ourie
1194 3738 1304 3796 nostre
1330 3753 1391 3814 pro
1408 3729 1514 3796 transl
1530 3767 1541 3778 -

367 3917 370 3921 ,
420 3841 547 3906 tatione
577 3839 682 3924 ipsius
713 3845 747 3904 et
772 3841 877 3923 gentis
903 3863 958 3906 sue
975 3839 1179 3926 procidimus
1195 3837 1415 3918 destinandas,
1431 3836 1541 3921 quibus
1611 3821 1613 3896 ἶ

420 3950 562 4016 volentes
580 3948 619 4014 de
636 3955 796 4032 oportuno
827 3950 972 4015 biscocto
1004 3949 1206 4033 prospicere:
1237 3946 1392 4013 fidelitati
1418 3952 1475 4012 tue
1505 3944 1542 4008 (le
1611 3983 1613 4034 3

419 4063 509 4123 certa
525 4055 661 4121 scientia
676 4063 789 4122 nostra
812 4057 1020 4140 precipimus,
1045 4062 1203 4140 quatenus
1228 4055 1269 4120 de
1285 4076 1410 4120 summa
1428 4054 1541 4119 salma·

418 4185 491 4228 rum
506 4163 594 4228 mille
610 4168 828 4228 trecentarum
844 4163 997 4229 frumenti
1013 4165 1217 4248 prouisarum
1241 4162 1335 4228 vendi
1360 4182 1418 4245 per
1434 4168 1466 4225 te
1482 4160 1543 4242 pri·
1611 4235 1613 4244 s

419 4271 492 4335 dem
523 4279 610 4336 certo
641 4278 752 4338 nostro
783 4273 938 4340 mandato
955 4296 1014 4357 pro
1032 4271 1129 4338 Ourie
1153 4270 1543 4355 nostreparte,sitotuu1

420 4377 560 4444 nondum
577 4385 626 4444 est
642 4380 817 4462 venditum,
843 4383 999 4449 exhibeas
1025 4387 1058 4447 et
1082 4382 1228 4464 assignes
1245 4381 1354 4463 vigore
1369 4380 1545 4463 presetium

420 4492 547 4556 tantam
564 4492 782 4570 quantitatem
798 4491 972 4558 Thornasio
999 4491 1038 4557 de
1064 4489 1158 4556 caua
1173 4495 1207 4556 et
1222 4485 1403 4555 Nicodemo
1419 4487 1461 4554 de
1487 4484 1543 4552 Sa·
1612 4579 1613 4584 ἵ
