3214 5260
349 335 353 344 '
416 341 482 404 460
775 359 1009 404 ornuounczmr
1029 344 1197 404 urrunnun.

416 517 576 602 optaverit
601 525 633 583 et
659 524 753 602 optet
778 539 920 582 amorem
946 523 980 580 et
1004 517 1257 584 benivolentiam
1290 516 1416 582 domini
1445 514 1543 597 Regis

417 625 597 708 Hungarie,
612 626 717 708 ipsum
742 631 853 692 tamen
880 626 1006 709 optavit
1022 633 1055 690 et
1072 631 1165 708 optat
1191 647 1320 708 semper
1338 647 1411 690 cum
1427 624 1544 688 bonore

415 736 449 795 et
479 731 565 796 bono
595 729 742 798 Dominii
772 733 878 796 nostri
904 731 1129 813 uenenorum,
1154 731 1245 796 cuius
1271 737 1395 798 statum
1419 737 1546 812 reputat

416 861 518 920 suum,
533 847 566 904 et
581 845 750 922 reputaret
774 841 808 905 in
828 839 915 904 omni
933 861 1012 904 casu
1028 860 1121 904 suum
1137 839 1324 922 proprium;
1342 838 1426 902 sicut
1441 859 1461 902 e
1475 858 1545 902 oon·

415 969 506 1012 verso
522 945 708 1013 Dominium
727 949 944 1016 Veneciarum
963 947 1038 1012 lecit
1053 952 1087 1010 et
1102 947 1203 1011 faciet
1219 969 1299 1030 erga
1316 947 1433 1030 ipsum.

469 1093 504 1156 <A
521 1091 627 1145 »Minu«
643 1094 733 1144 rzirntl
747 1092 886 1144 velenczei
902 1091 1131 1156 allamtonyvbol
1144 1091 1259 1144 XXVII.
1276 1091 1332 1141 koc
1352 1095 1410 1142 122.
1423 1091 1490 1153 lev.)

948 1401 1021 1461 371.

464 1560 638 1628 Scardona
655 1565 736 1623 odra
755 1585 776 1624 o
794 1560 944 1624 veleroczei
961 1560 1171 1645 lcb'ztdrooody
1187 1558 1391 1623 birtoko'boo.
1410 1561 1508 1622 1356.

528 1720 576 1806 A)
609 1720 763 1803 Capitula
794 1726 829 1784 et
861 1719 1035 1802 petitiones
1060 1716 1236 1798 Comitisse
1262 1717 1369 1784 Clisse
1387 1717 1546 1802 profacto

419 1831 585 1898 Scardoue
601 1831 688 1896 facte
707 1828 808 1895 nobili
823 1830 892 1892 viro
908 1826 1054 1912 Mapbeo
1070 1824 1179 1912 Aymo
1199 1825 1412 1893 Procuratori
1428 1829 1461 1892 iu
1478 1847 1548 1910 par·

416 1943 502 2008 tibus
519 1941 698 2008 Solavouie.

525 2048 636 2114 Primo
648 2047 763 2133 :Quod
779 2047 888 2113 dando
900 2045 1054 2113 Castrum
1067 2045 1234 2112 Scardona
1244 2067 1317 2110 cum
1334 2067 1413 2112 roca
1430 2051 1463 2110 et
1477 2045 1549 2110 aliis

417 2157 591 2223 fortaliciis
609 2159 677 2222 suis
701 2157 804 2223 libere
829 2159 862 2221 in
877 2155 1025 2221 manibus
1041 2153 1281 2221 Dominationis
1296 2155 1435 2220 Ducalis
1450 2175 1549 2236 usque

417 2264 460 2330 ad
485 2267 662 2331 terminum
687 2262 798 2329 decem
824 2285 993 2344 anulorum,
1019 2262 1138 2327 dentur
1162 2265 1191 2327 ei
1217 2262 1301 2327 libre
1317 2260 1430 2327 XXX
1448 2262 1549 2326 millia

419 2393 604 2456 parvorum,
621 2371 776 2437 videlicet
792 2371 951 2438 medietas
966 2372 1000 2434 in
1015 2391 1130 2435 manus
1147 2391 1231 2451 suas,
1254 2375 1288 2434 et
1311 2368 1377 2434 alia
1393 2370 1549 2435 medietas

420 2485 590 2544 remaneat
615 2479 702 2562 apud
726 2479 990 2544 Dominationem
1015 2476 1175 2542 Ducalem
1198 2477 1241 2542 ad
1256 2477 1434 2542 utilitatem
1449 2477 1549 2560 ipsius

418 2585 561 2652 Domine
588 2591 621 2650 et
647 2586 707 2650 filii
732 2607 769 2651 eo
795 2585 900 2667 m0d0‚
926 2606 990 2669 quo
1016 2585 1166 2668 deposito
1190 2591 1241 2651 est
1256 2587 1395 2668 pecunia
1410 2584 1549 2652 Comitis

418 2692 590 2774 Johannis,
608 2714 680 2758 oum
697 2693 891 2775 conditione,
908 2693 996 2776 quod
1011 2693 1044 2757 in
1060 2693 1125 2757 fine
1148 2693 1310 2758 dictorum
1326 2691 1437 2758 decem
1453 2713 1549 2758 anno

417 2823 489 2865 rum
515 2800 706 2866 Dominatio
731 2809 883 2866 teneatur
915 2801 1019 2866 eidem
1054 2822 1111 2865 seu
1141 2799 1208 2866 filio
1239 2801 1412 2865 restituere
1428 2799 1547 2866 dictum

419 2915 562 2973 castrum
588 2931 661 2974 oum
684 2908 813 2992 juribus
829 2909 904 2990 snio,
921 2908 1168 2973 restituentibus
1185 2909 1231 2972 eis
1249 2907 1369 2972 dictam
1386 2909 1548 2990 quantita·

418 3025 483 3080 tem
511 3018 654 3100 pecunie.
681 3015 718 3081 Si
744 3036 820 3081 vero
845 3037 940 3081 casus
956 3015 1130 3099 accideret,
1154 3017 1242 3099 quod
1256 3014 1354 3097 absit,
1370 3015 1459 3098 quod
1473 3021 1547 3080 ante

419 3122 691 3206 complementum
707 3125 838 3189 termini
855 3123 934 3188 dicti
951 3125 1061 3189 decem
1078 3145 1234 3189 annornm
1251 3120 1367 3188 (lomes
1383 3123 1547 3190 Mladinus

419 3230 489 3313 ejus
506 3229 589 3294 filius
607 3229 787 3311 decederet,
820 3237 852 3295 et
878 3230 1029 3295 similiter
1060 3239 1135 3314 post
1148 3237 1287 3295 mortem
1303 3229 1363 3294 filii
1388 3230 1547 3296 accideret

419 3357 491 3401 eam
507 3339 680 3402 moriente
697 3337 926 3421 perlectionem
943 3337 1023 3403 dicti
1038 3340 1169 3404 termini
1179 3363 1186 3418 3
1197 3339 1389 3404 Dominatio
1398 3343 1547 3402 teneatur

418 3445 593 3510 restituere
610 3443 731 3510 dictum
741 3451 884 3510 castrum
893 3446 943 3510 illi
952 3443 1003 3510 vel
1013 3447 1088 3528 illic,
1100 3445 1215 3528 quibus
1225 3447 1298 3529 ipsa
1308 3467 1367 3529 per
1377 3451 1545 3511 testamen·

417 3560 486 3618 tum
498 3574 590 3617 suum
602 3551 809 3635 ordinaverit,
821 3553 1066 3618 restituentibus
1078 3555 1125 3619 eis
1135 3554 1307 3637 pecuniam
1318 3553 1544 3636 supradictam.

418 3659 464 3726 Et
480 3660 567 3744 quod
578 3660 666 3725 diota
677 3659 809 3726 domina
818 3661 940 3726 babeat
949 3682 1059 3727 omnes
1076 3662 1144 3726 eius
1161 3659 1309 3727 redditus
1325 3662 1365 3727 de
1382 3659 1544 3727 Scardona

419 3767 521 3832 libere
548 3773 581 3833 et
607 3769 766 3852 expedite.
791 3766 916 3837 Verum
942 3769 983 3832 de
1009 3767 1109 3833 datiis
1126 3775 1157 3834 et
1174 3767 1313 3850 gabellis
1328 3767 1542 3851 spectantibus

420 3875 586 3942 Scardona
602 3884 636 3942 et
652 3875 842 3958 Comitatui,
858 3875 1017 3942 medietas
1033 3877 1076 3940 sit
1092 3881 1124 3940 et
1139 3897 1209 3941 esse
1221 3875 1339 3942 debeat
1349 3873 1541 3941 Dominetio

419 3985 470 4048 nis
496 3983 631 4050 Duoalis
657 3991 690 4048 et
714 3983 779 4049 alia
806 3983 965 4048 medietas
982 3983 1067 4048 dicte
1085 3983 1220 4048 domine.
1253 3983 1300 4048 ut
1322 3985 1411 4066 qnod
1427 3986 1467 4048 sit
1479 3982 1539 4046 lici-

419 4099 489 4158 tum
504 4089 660 4158 Dominio
677 4091 786 4157 facere
801 4093 835 4155 in
852 4090 939 4155 dioto
956 4091 1026 4156 loco
1043 4111 1169 4155 omnem
1180 4092 1422 4174 reparationem
1437 4097 1469 4155 et
1481 4088 1540 4152 lor·

420 4201 645 4283 tificationem,
663 4220 760 4283 quam
778 4198 935 4278 voluerit3
951 4199 1002 4262 ito
1018 4205 1136 4278 tannen,
1153 4197 1241 4282 quod
1257 4218 1405 4281 expense,
1421 4221 1479 4282 que
1492 4195 1539 4260 fie-

421 4314 494 4372 rent
509 4307 572 4373 hoo
587 4309 694 4388 inodo,
705 4329 769 4372 non
786 4312 1013 4390 computentur
1029 4306 1101 4389 sibi,
1117 4328 1176 4372 neo
1192 4306 1232 4371 de
1249 4305 1296 4372 eis
1314 4308 1434 4373 sentiat
1449 4306 1537 4372 ullum

421 4435 510 4479 onus.
526 4416 571 4481 Et
588 4417 674 4499 quod
685 4415 878 4482 Dominatio
895 4415 999 4499 possit
1016 4415 1115 4480 etiam
1131 4434 1251 4498 ponere
1267 4415 1301 4478 in
1318 4411 1538 4500 burgioClisse

422 4529 536 4610 gentes
552 4545 636 4610 suas,
652 4525 736 4589 sicut
752 4521 814 4588 sibi
829 4521 991 4588 videbitur
1008 4529 1040 4588 et
1055 4521 1207 4608 placebit.
