3108 5246
386 314 451 392 att
646 295 654 308 Ι
741 327 975 390 tintoriacamr
992 315 1177 388 nutrierit,

490 502 653 592 Capta:
677 503 764 570 Item
796 503 1035 588 respondeatur
1061 501 1103 568 od
1127 502 1213 568 alias
1238 501 1364 568 litteras
1387 489 1489 566 domini

384 612 487 696 Regis
503 616 539 680 in
555 616 618 680 hac
629 612 745 692 forma,
760 611 930 680 uidelicet:
1210 687 1218 701 ,
1550 695 1552 706 x

491 720 696 788 Perlitteras
712 720 833 788 Vestre
852 719 1049 802 Maiestatis,
1065 719 1160 786 nobis
1175 719 1361 803 nuperrime
1375 718 1495 782 destina·

384 834 447 906 tas,
473 825 598 896 Vestra
623 825 790 892 Ser-enites
817 827 993 908 denotavit,
1020 824 1108 908 quod
1133 825 1253 892 Comes
1270 823 1496 906 Paulus,lrster

311 1004 316 1013 ,
384 932 525 1001 Comitis
549 935 700 1017 Mlndini,
724 934 868 1000 inclusus
884 935 918 998 in
935 936 1174 1018 composicione
1191 943 1399 1016 treuguarum
1412 931 1496 997 iacis·
1550 981 1552 988 a

385 1062 458 1107 rum
483 1051 516 1108 et
541 1042 767 1108 ordinatarum
791 1042 877 1107 inter
892 1041 1139 1108 Excelleneiam
1153 1042 1310 1110 Vestram
1325 1047 1358 1106 et
1371 1061 1432 1122 nes,
1443 1059 1498 1103 una
1550 1029 1552 1070 ³

385 1169 458 1213 curn
474 1145 658 1214 Comitibus
676 1147 854 1229 Sclavenie,
878 1147 1029 1214 videlieet
1045 1149 1210 1233 Tragurii,
1226 1147 1352 1232 Spoleti
1367 1157 1398 1213 et
1412 1147 1497 1231 Sybe·
1536 1151 1552 1242 'j

384 1259 457 1342 niei,
482 1255 648 1338 quoddam
672 1264 816 1322 castrum
840 1258 905 1322 sire
931 1256 1122 1323 fortilieium
1146 1263 1264 1322 contra
1289 1255 1497 1339 formsmpre·
1550 1235 1552 1258 ⁹

388 1367 552 1434 dictarum
575 1372 790 1448 treuguarum
818 1364 993 1432 hedificare
1017 1367 1175 1449 proponit
1191 1371 1260 1449 etc,
1276 1372 1374 1449 prout
1388 1367 1420 1427 in
1435 1364 1500 1447 ipsis

386 1475 508 1541 litteris
524 1473 733 1540 Excellencie
749 1471 870 1540 Vestre
887 1473 1124 1541 continebatur.
1140 1469 1199 1539 Ad
1214 1494 1296 1556 quas
1313 1472 1500 1558 presentibus

272 1597 275 1604 '
385 1581 626 1668 respondemus,
652 1581 739 1666 quod
765 1583 856 1647 norit
880 1581 1074 1648 Altissimus
1100 1580 1192 1646 Deus
1217 1587 1341 1662 noster,
1366 1579 1444 1662 quod
1466 1578 1499 1643 de

384 1690 450 1756 boe
475 1689 600 1756 nullam
626 1711 772 1774 unquam
787 1688 960 1756 habuimus
976 1691 1143 1773 noticiam,
1159 1711 1264 1773 neque
1280 1690 1405 1775 aliquid
1419 1689 1501 1754 sensi-

384 1820 459 1865 mus
483 1797 524 1863 de
541 1798 714 1882 predictis,
738 1809 872 1885 propter
889 1799 977 1884 quod
992 1799 1169 1884 plurimum
1186 1799 1398 1882 admiramur,
1412 1806 1440 1864 et
1452 1817 1500 1880 pro

385 1913 476 1973 certo
502 1912 666 1992 putemus,
691 1907 798 1992 ipsum
823 1915 857 1972 et
883 1905 1141 1974 Communitstes
1165 1907 1335 1992 predictas
1362 1907 1500 1972 tahsnou

385 2012 507 2079 audere
533 2022 645 2098 preter
670 2015 774 2080 nostri
809 2015 1043 2080 conscienciam
1068 2022 1101 2079 et
1127 2013 1326 2097 mandatum,
1352 2015 1406 2098 qui
1427 2013 1501 2077 nullo

384 2121 481 2186 medo
508 2129 707 2206 pateremur,
733 2122 821 2204 quod
847 2143 886 2187 ex
909 2128 1004 2206 parte
1027 2127 1141 2187 nostra
1156 2121 1284 2206 aliquid
1300 2121 1392 2186 lieret
1407 2126 1501 2186 metra

385 2227 525 2294 termam
557 2228 782 2312 predictarum
815 2234 1038 2313 treuguamm,
1060 2229 1214 2315 quynimo
1243 2227 1456 2295 affectavimus
1475 2234 1501 2292 et

385 2337 583 2420 affectamus,
621 2337 708 2419 quod
744 2337 975 2403 inuiolabiliter
1001 2339 1224 2404 observentur.
1252 2335 1312 2403 Set
1338 2357 1431 2421 super
1450 2334 1501 2398 hoc

385 2442 545 2510 faciemus
563 2445 752 2531 diligentem
768 2447 1025 2529 inquisicionem,
1049 2453 1081 2511 et
1098 2448 1125 2512 si
1140 2447 1202 2512 hoe
1218 2447 1432 2512 invenerimus
1446 2447 1501 2512 iere

387 2549 518 2632 factum,
543 2551 785 2636 providebimus
812 2555 895 2620 sieut
917 2575 978 2638 pro
995 2554 1118 2620 honore
1134 2553 1254 2622 Vestre
1270 2553 1465 2620 Excellentie
1478 2559 1503 2614 et

385 2665 498 2726 nostro
515 2659 693 2726 videbimus
709 2663 890 2744 convenire
901 2681 974 2727 curn
991 2664 1091 2727 simus
1108 2661 1195 2728 aridi
1211 2669 1306 2746 parte
1323 2669 1436 2728 nostre
1448 2659 1500 2724 die-

388 2773 438 2832 tas
462 2775 619 2852 treuguas
644 2767 859 2834 effectualiter
885 2767 1059 2834 observare
1084 2789 1145 2853 pro
1171 2789 1256 2852 paee
1288 2771 1502 2853 opportuneet

387 2893 463 2940 vere
480 2875 655 2941 concordia
670 2875 905 2958 confirmanda,
921 2883 959 2942 ut
978 2877 1125 2960 superius
1141 2874 1264 2940 dietum
1283 2884 1342 2941 est.
1360 2874 1438 2940 Cum
1452 2873 1503 2937 hiis

388 2988 421 3047 et
437 2980 511 3048 aliis
527 2982 644 3064 verbis,
661 2984 777 3068 quibus
793 2984 960 3050 ridebitur
983 2984 1144 3068 expedire.

495 3086 663 3174 Capta:
689 3091 785 3175 Quod
816 3092 942 3158 denarii
973 3114 1033 3176 pro
1064 3093 1215 3176 expensis
1245 3091 1503 3158 Ambsxiatorun

388 3196 620 3262 mittendorum
644 3197 686 3264 ad
703 3197 871 3264 dominnm
888 3197 1013 3281 Regem
1039 3199 1213 3284 Hungarie
1244 3199 1446 3282 accipiantur
1474 3195 1504 3260 ile

388 3310 507 3386 monte,
533 3305 574 3370 de
600 3324 664 3388 quo
689 3307 893 3390 accipiuntur
924 3307 1051 3373 denarii
1088 3329 1149 3392 pro
1181 3307 1332 3392 expensis
1364 3307 1503 3373 laetorum

388 3407 567 3477 Sclavenie.

496 3513 657 3604 Capta:
684 3517 781 3604 Quod
806 3519 841 3585 in
867 3521 996 3586 nomine
1022 3520 1157 3588 Domini
1182 3520 1266 3588 Jssu
1293 3520 1420 3590 Christi
1437 3539 1503 3586 oon-

386 3624 536 3690 mittatur
561 3626 683 3692 nostris
708 3624 991 3696 Ambexotoribus
1016 3630 1112 3696 ituris
1140 3631 1183 3696 sd
1209 3629 1377 3698 dominum
1400 3632 1502 3713 Regem

385 3731 568 3816 Hungarie,
595 3735 681 3818 quod
706 3737 740 3801 in
765 3737 853 3804 bone
878 3739 988 3822 gratia
1015 3738 1138 3804 varient
1163 3739 1205 3804 ad
1230 3743 1432 3823 presenciam
1453 3737 1501 3804 Sue

385 3839 601 3926 Excelleneie,
617 3849 651 3908 et
667 3843 773 3911 eidem
801 3845 1037 3913 salutacionem
1063 3848 1289 3914 honorabilem
1305 3855 1339 3915 et
1355 3850 1501 3915 decentem

384 3947 520 4032 iaciant,
544 3957 644 4034 prout
669 3955 840 4019 convenire
867 3952 1024 4021 videbunt
1049 3976 1110 4040 pro
1135 3956 1260 4022 honore
1289 3965 1320 4022 et
1337 3953 1502 4025 reverencia

387 4053 451 4122 Sue
467 4055 656 4126 Maiestatis
682 4067 716 4126 et
740 4067 872 4144 nostro;
898 4085 963 4147 qua
981 4063 1185 4130 salutacione
1207 4085 1281 4156 eum
1296 4067 1386 4130 omni
1401 4067 1501 4132 honore

387 4169 419 4228 et
450 4167 633 4232 reverencia
667 4172 700 4232 et
733 4169 830 4236 modo
863 4169 990 4236 decenti
1015 4169 1112 4257 facta,
1138 4179 1314 4256 exponant,
1346 4174 1432 4256 quod
1457 4189 1501 4256 pro

387 4289 434 4348 oo,
460 4272 547 4353 quod
572 4271 638 4340 Sue
664 4273 833 4342 Maiesteti
861 4276 984 4360 placuit
1010 4299 1068 4344 nos
1094 4297 1152 4362 per
1170 4299 1247 4344 suas
1263 4279 1398 4348 litteras
1417 4276 1500 4362 requi·

388 4397 459 4442 rere
492 4380 531 4446 de
563 4388 676 4448 nostra
707 4383 896 4454 Ambaxata
928 4387 1089 4453 mittenda
1117 4409 1177 4471 pro
1203 4409 1285 4472 pace
1315 4391 1501 4476 perpetuae

391 4487 565 4554 concordis
581 4491 755 4560 tractanda
780 4503 813 4562 et
839 4491 1060 4573 confirmanda
1084 4495 1170 4561 inter
1188 4493 1291 4562 Suam
1308 4496 1502 4564 Serenitoten
