3166 5256
405 390 469 454 las
756 407 987 454 announczur
1013 393 1180 454 cantuar.

1572 401 1574 410 ε

1573 423 1574 430 l

398 585 455 650 lial
471 585 582 650 extitit
597 585 781 668 proditione
797 585 1057 688 horribilissima‚
1079 586 1161 668 prob
1178 586 1281 666 dolor,
1298 591 1517 669 perpetratum,
1570 545 1574 614 l

398 693 527 760 litteras
544 698 674 758 nostras
699 692 896 758 Celsitudini
913 692 993 774 Tne,
1009 716 1048 760 ac
1074 695 1238 759 carissime
1264 695 1299 758 in
1316 693 1449 760 Christo
1463 692 1518 758 filie

400 807 512 866 nostre
528 801 701 867 Elisabeth
715 801 843 882 Regine
858 800 1007 882 Vngarie
1024 803 1156 884 illustri,
1171 803 1326 884 genitrici
1341 808 1407 885 tue,
1423 822 1516 866 conso
1572 783 1574 848 l

396 910 532 978 latorias
548 909 654 992 modo,
670 930 734 992 quo
750 909 855 975 tristis
872 917 905 974 et
915 909 1028 976 dolens
1052 917 1158 994 potest
1185 911 1346 976 similibus
1363 927 1517 992 respersus
1572 951 1574 966 .

1572 889 1574 932 l

397 1017 547 1084 dolorum
562 1017 837 1083 amaritudinibus
862 1018 1032 1098 consolari,
1059 1019 1261 1084 meminimus
1279 1018 1473 1097 destinasse;
1487 1017 1517 1080 iu
1548 1025 1552 1034 '
1572 1009 1574 1090 l

400 1125 464 1190 fine
480 1126 713 1209 subiungentes
730 1146 852 1207 earum,
877 1125 967 1209 quod
998 1131 1124 1192 certam
1140 1148 1324 1210 personam,
1350 1147 1409 1209 per
1433 1145 1518 1208 quam
1572 1115 1574 1178 ἕ

400 1232 441 1298 dc
457 1241 569 1300 nostra
585 1241 616 1300 et
633 1234 773 1300 fratrum
790 1241 975 1301 nostrorum
991 1236 1169 1301 intentione
1186 1235 1345 1301 ciroahoo
1360 1234 1516 1299 Excelleu·
1572 1269 1574 1320 ς

400 1342 445 1408 tie
462 1343 532 1408 'fue
548 1344 774 1427 innotesceret,
805 1343 1053 1409 intendebamus
1080 1344 1123 1410 ad
1148 1350 1289 1410 tuamet
1306 1341 1449 1408 eiusdem
1463 1341 1518 1407 Re·
1573 1339 1574 1346 '

400 1452 474 1534 gine
491 1455 689 1533 presentiam
706 1452 852 1517 breuiter
869 1450 1339 1533 destinare.Nuncauten1,fili
1356 1450 1515 1528 entissime

400 1559 621 1644 oportunitate
631 1565 773 1644 captata,
786 1583 858 1626 oum
869 1562 968 1627 cicius
988 1562 1096 1643 variiS,
1112 1563 1223 1628 arduis
1239 1567 1272 1626 et
1288 1559 1515 1627 inevitabilibus
1572 1611 1574 1622 ,

400 1668 563 1752 prepediti
580 1669 719 1753 negotijs
735 1669 985 1754 nequiuerimuS,
1000 1671 1219 1736 venerabilem
1231 1669 1369 1735 fratrem
1385 1675 1516 1734 nostrum

401 1778 612 1845 Franciscum
629 1776 829 1862 Episcopum
847 1777 1085 1862 Tergestinum,
1111 1775 1304 1862 Apostolice
1331 1775 1422 1843 Sedis
1437 1775 1515 1843 Nun·
1572 1775 1574 1832 ἶ

401 1887 492 1969 tium,
508 1887 613 1952 virum
629 1886 742 1969 utique
759 1887 985 1970 profunditate
1012 1887 1146 1952 scientie
1171 1886 1346 1969 preditum,
1361 1883 1514 1950 fidelitatis
1573 1955 1574 1960 ἵ

401 1993 587 2058 constantia
611 2000 644 2059 et
669 1994 968 2078 circumspectionis
993 1995 1181 2060 maturitate
1207 1994 1422 2077 conspicuum,
1446 1992 1514 2056 etin
1572 2027 1574 2096 ἐ

400 2100 511 2168 arduis
528 2091 697 2185 expertum
713 2103 862 2186 negotiis
888 2104 929 2168 ad
950 2103 1098 2168 Eandem
1115 2101 1219 2168 Tuam
1237 2110 1269 2166 et
1284 2103 1386 2185 ipsius
1402 2099 1513 2183 Regiae
1573 2135 1574 2140 κ

402 2209 606 2274 Prosentiam
621 2210 833 2292 destinantes
850 2210 1132 2293 Magnificentiam
1158 2232 1313 2294 rogamus
1329 2209 1471 2292 Regiam,
1485 2213 1514 2272 et

403 2324 562 2384 attentius
579 2319 611 2382 in
628 2318 770 2384 Domino
788 2319 1006 2400 exhortamur,
1018 2326 1175 2403 quatenus
1186 2321 1324 2385 eundem
1333 2321 1513 2403 Episcopum
1572 2311 1574 2316 ’

402 2428 565 2508 recipiens
597 2425 821 2492 favorabiliter
854 2432 887 2491 et
917 2426 1066 2510 benigue,
1091 2449 1130 2492 ac
1155 2448 1252 2510 super
1279 2427 1352 2508 hiis,
1377 2426 1510 2510 queTuc

404 2533 628 2616 Magnitudini
644 2556 703 2617 pro
720 2541 816 2618 parte
833 2542 946 2600 nostra
961 2543 993 2600 et
1018 2534 1157 2601 fratrum
1173 2536 1319 2620 ipsorum
1336 2534 1458 2600 duxerit
1470 2557 1514 2598 er-

404 2640 568 2723 plicanda,
584 2643 749 2725 patienter
766 2642 911 2722 audiens,
928 2649 961 2708 et
987 2643 1049 2709 sihi
1073 2644 1171 2709 fidem
1188 2643 1349 2708 adhibens
1366 2643 1513 2708 credulam

404 2749 437 2816 in
454 2749 517 2815 hac
532 2757 636 2833 parto,
652 2751 754 2834 ipsius
771 2751 937 2834 Episcopi,
963 2754 1061 2817 immo
1087 2753 1207 2817 nostris
1223 2753 1336 2836 pocius
1353 2754 1473 2817 monitis
1487 2759 1512 2814 et
1571 2731 1573 2820 l

405 2858 687 2924 exhortationibus
704 2859 890 2926 salubribus
907 2862 1105 2942 acquiescas
1122 2861 1161 2926 de
1180 2861 1273 2926 nobis
1290 2867 1322 2927 et
1339 2859 1511 2945 Apostohca
1572 2945 1573 2952 ἵ

406 2965 490 3032 Sede
507 2973 630 3032 certam
646 2967 798 3033 fiduciam
824 2968 1003 3047 habiturus
1030 2969 1117 3050 quod
1144 2991 1241 3052 super
1266 2971 1339 3051 hiis,
1357 2993 1417 3053 que
1431 2969 1470 3035 tui
1485 2975 1513 3032 et
1571 2995 1573 3000 ·

405 3074 511 3155 Regni
528 3075 576 3137 tui
593 3072 724 3139 honoris
749 3081 783 3140 et
808 3077 968 3140 commodi
993 3077 1101 3142 felicia
1125 3079 1300 3161 respicient
1325 3081 1511 3151 incrementa,

404 3181 475 3246 Nos
492 3187 524 3246 et
540 3181 657 3247 Scdenr
674 3183 812 3248 eandem
828 3190 981 3267 reperies
999 3193 1155 3269 quantum
1172 3186 1205 3249 in
1221 3185 1296 3251 Deo
1312 3187 1385 3252 fieri
1400 3185 1511 3273 poterit,
1571 3193 1573 3264 j

406 3291 561 3374 propitios
593 3297 626 3354 ct
656 3291 821 3374 benignos.
839 3293 964 3356 Datum
990 3292 1151 3359 Aviuioue
1169 3291 1209 3361 V.
1226 3293 1385 3360 kalendas
1400 3295 1509 3362 Januu-
1571 3327 1573 3354 ι

406 3397 445 3480 rij
464 3396 686 3463 Pontificatus
703 3403 807 3466 nostri
823 3421 908 3464 anno
930 3405 1059 3484 quarto.

515 3505 554 3570 Iu
571 3505 685 3570 codem
717 3507 812 3572 modo
843 3507 972 3592 Regino
988 3507 1152 3592 Vngarie;
1184 3531 1223 3575 ao
1241 3508 1407 3593 Stephano
1437 3509 1510 3572 claro
1570 3513 1573 3532 ¹

414 3614 569 3679 niomoric
587 3612 700 3679 Caroli
715 3615 817 3699 Regis
835 3615 981 3698 Vngaric
998 3622 1086 3697 nato,
1106 3617 1189 3682 Duci
1207 3617 1429 3684 Transiluano.

725 3776 784 3838 (VI.
798 3777 930 3829 Keleinen
944 3780 1017 3843 papa
1030 3779 1217 3846 regestaibdl.)
