3166 5256
1222 9 1227 21 x
1295 3 1414 48 ·*·3=3.'··
1451 4 1581 161 “W

1578 169 1581 192 l

417 387 480 450 130
777 401 1009 474 urruouucmm
1025 391 1195 451 ructuare

411 563 446 628 in
464 560 596 628 Ohristo
622 561 726 630 filium
750 571 896 632 nostrum
919 563 1123 638 Ludovioum
1146 562 1272 648 Regem
1298 557 1446 646 Vngarie
1466 555 1530 625 illu·

412 674 514 734 strom
529 677 561 734 et
575 675 689 753 partes
705 671 780 736 illas
795 693 856 755 pro
873 671 971 738 certis
987 691 1119 756 pernes
1135 671 1241 737 eidem
1267 667 1432 753 impositis
1447 687 1532 750 nego

412 777 469 842 tiis
485 778 693 860 destinemus,
708 777 993 864 Magnificentiam
1008 786 1099 845 tuam
1114 779 1255 862 Regiam
1270 796 1426 862 rogamus
1441 780 1532 842 atten-
1579 841 1581 880 ᾧ

413 888 456 963 te,
472 890 632 968 quatenus
650 886 786 954 eundem
802 887 1011 972 Episcopum,
1026 889 1055 952 si
1071 886 1113 952 ad
1128 893 1171 966 te,
1186 885 1234 951 fili
1251 883 1429 964 carissime,
1437 902 1532 948 recur-
1579 917 1581 948 ς

413 992 502 1071 rerit,
519 992 644 1058 habens
660 1015 721 1076 pro
737 999 852 1061 nostra
876 997 909 1059 et
935 994 1080 1060 eiusdem
1104 992 1200 1060 Sedis
1215 992 1403 1058 reverentia
1418 990 1531 1058 lavore
1580 1031 1581 1042 κ

413 1096 523 1163 biliter
541 1101 818 1182 commendatum,
843 1101 949 1166 eidem
977 1100 1162 1184 superbiis,
1179 1100 1220 1165 de
1238 1099 1358 1184 quibus
1373 1120 1433 1182 pro
1448 1101 1529 1182 parte
1579 1159 1581 1170 ,

412 1212 527 1272 nostra
542 1215 632 1272 tuam
647 1209 878 1292 requirendam
893 1209 1023 1276 duxerit
1034 1207 1282 1288 Excellentiam,
1293 1207 1374 1273 velis
1389 1206 1529 1272 assistere
1579 1193 1581 1272 ξ

413 1314 556 1379 consiliis
582 1323 615 1380 et
640 1315 803 1382 favoribus
831 1317 1020 1401 oportunis;
1049 1316 1098 1382 ita
1128 1315 1216 1398 quod
1246 1334 1306 1381 nos
1338 1313 1530 1380 devotionem
1579 1339 1581 1382 ε

411 1419 551 1503 Regiam
582 1422 697 1488 exinde
729 1445 801 1488 cum
832 1424 1016 1506 gratiarum
1041 1421 1226 1488 actionibus
1245 1420 1409 1505 possimus
1425 1417 1527 1486 merito
1580 1445 1581 1454 ¹

412 1528 649 1596 commendare.
673 1530 798 1597 Datum
814 1527 978 1597 Arinione
995 1529 1036 1602 V.
1052 1528 1210 1597 kalendas
1232 1529 1258 1597 J
1260 1529 1389 1596 aunarii
1404 1523 1527 1594 Pontifi-

411 1643 502 1702 catus
518 1636 622 1702 nostri
638 1658 723 1703 anno
743 1641 873 1719 quarto.
999 1681 1012 1690 -

450 1727 455 1740 ’
518 1743 560 1808 In
576 1743 690 1810 eodem
705 1745 800 1811 modo
825 1746 850 1811 J
852 1746 973 1811 ohanni
1003 1745 1090 1829 Regi
1104 1743 1250 1829 Boemie‚
1264 1766 1304 1811 nc
1320 1742 1441 1812 Garolo
1456 1745 1527 1812 eius·

411 1848 484 1916 dem
508 1851 610 1934 Regis
641 1850 855 1944 primogenito
879 1851 1066 1918 Marchioni
1097 1850 1256 1938 Moravie,
1280 1849 1422 1919 Alberto
1451 1853 1526 1919 Duci
1579 1863 1581 1922 ῗ

410 1955 556 2040 Austris,
585 1957 739 2024 Johanne
769 1958 908 2025 Ducisse
938 1957 1092 2041 Austris,
1123 1959 1312 2026 Bertrando
1344 1958 1527 2026 Patriarche
1579 1955 1581 1958 ’

409 2062 636 2151 Aquilegensi,
650 2065 737 2132 Duoi
755 2066 966 2150 Venetorum,
984 2065 1209 2135 Gubernatori
1219 2065 1244 2134 J
1245 2071 1381 2137 anuensi
1392 2076 1425 2136 et
1434 2067 1526 2138 Vber
1579 2071 1581 2106 ³

409 2174 479 2240 tino
495 2173 535 2240 de
552 2171 721 2243 Carraria.
737 2171 863 2241 Datum
878 2181 916 2242 ut
932 2197 1042 2260 supra.

725 2356 783 2418 (VI.
797 2355 930 2408 Kelemeu
944 2357 1016 2422 plpa
1028 2357 1217 2422 regesttibdl.)

933 2847 1005 2908 121.

411 3003 466 3076 VI.
493 3006 642 3073 Kelemen
666 3016 834 3093 opyauazt
862 3005 997 3092 ajdnlja
1022 3006 1294 3093 Maqyarorszdpi
1307 2997 1526 3092 sdrendeinek.
1579 2987 1580 2990 ¹

930 3115 1026 3180 1345.
1191 3109 1196 3114 ’

514 3273 665 3342 Clemens
695 3274 881 3360 Episcopus
897 3283 939 3342 et.
955 3274 1133 3341 venerabili
1163 3274 1261 3342 fratri
1279 3323 1286 3340 .
1304 3324 1312 3340 .
1330 3323 1337 3338 .
1364 3271 1524 3355 Archiepi·

407 3403 505 3467 scopo
522 3381 739 3467 Strigoniensi
756 3383 896 3448 salutem
912 3389 971 3449 etc.
989 3381 1071 3450 (lum
1091 3403 1150 3450 nos
1166 3381 1385 3449 venerabilem
1400 3380 1523 3447 fratrem

405 3497 551 3556 nostrum
568 3491 779 3557 Erancisoum
793 3490 995 3575 Episcopum
1012 3490 1241 3574 Tergestinum
1256 3489 1338 3557 stb.:
1353 3488 1524 3555 fratemita·

407 3605 476 3664 tem
492 3606 585 3664 tuam
608 3598 850 3682 requirimimus
867 3605 901 3664 et
913 3599 1082 3667 hortamur
1107 3605 1240 3684 attente,
1256 3605 1415 3682 quatenus
1431 3593 1523 3662 eidem

404 3706 569 3791 Episcopo
587 3705 735 3773 adhibite
750 3706 813 3771 fide
831 3708 963 3774 credula
995 3728 1107 3792 superr
1123 3709 1195 3794 hiis,
1212 3729 1275 3793 que
1290 3706 1352 3774 tibi
1368 3725 1424 3793 pro
1439 3707 1522 3788 parto
1572 3777 1578 3782 ,

404 3821 521 3880 nostra
546 3814 680 3881 duxerit
704 3815 907 3898 explicanda,
931 3815 1036 3882 eidem
1063 3817 1110 3882 sic
1125 3818 1214 3882 circa
1228 3817 1294 3898 illa,
1311 3813 1352 3882 de
1369 3813 1478 3899 quibus
1492 3815 1521 3874 te

404 3924 562 4007 requiret,
578 3922 721 3988 fideliter
746 3924 880 3989 assistes
905 3930 939 3990 et
954 3931 1111 4012 prompte,
1137 3924 1225 4008 quod
1240 3923 1317 3990 inde
1332 3922 1479 3990 Diuinam
1492 3923 1523 3982 et
1577 3981 1578 3984 ,

405 4037 559 4112 nostram,
576 4027 737 4112 Sedisque
763 4028 958 4115 Apostolice
983 4034 1125 4117 gratiam
1148 4032 1304 4099 merearis
1319 4030 1449 4098 uberius
1462 4045 1519 4091 non
1576 4053 1578 4062 =

403 4137 544 4222 indigne.
561 4138 687 4204 Datum
703 4136 865 4207 Avinionc
891 4136 932 4210 V.
957 4139 1116 4209 kalendas
1141 4138 1296 4225 Januarij
1318 4136 1520 4207 Pontificatus
1576 4155 1578 4210 J

406 4246 511 4308 nostri
527 4265 612 4310 anno
635 4253 761 4329 quarta.

512 4351 553 4416 In
578 4350 692 4420 eodem
723 4355 821 4420 modo
857 4354 1115 4441 Archiepiscopo
1148 4354 1332 4440 Oolocensi,
1363 4347 1521 4440 ,episeopis

405 4452 571 4538 Agriensi,
589 4457 940 4548 Quinqueecclesiensi,
955 4464 1181 4548 Zagrabiensi,
1198 4461 1400 4546 Oenadiensi,
1416 4465 1520 4530 wara·
1576 4475 1577 4480 ’

403 4563 516 4646 diensi,
533 4561 696 4650 Vaciensi,
711 4566 850 4638 Nicolao
876 4567 997 4639 Oomiti
1023 4567 1158 4656 Capelle
1175 4569 1335 4645 Lucerini
1350 4570 1447 4660 Regis
1461 4563 1519 4642 ln·
1575 4601 1577 4606 ·

1573 197 1581 218 ll

1579 293 1581 302 ι
