<?xml version="1.0" encoding="UTF-8"?>
<!DOCTYPE html PUBLIC "-//W3C//DTD XHTML 1.0 Transitional//EN"
    "http://www.w3.org/TR/xhtml1/DTD/xhtml1-transitional.dtd">
<html xmlns="http://www.w3.org/1999/xhtml" xml:lang="en" lang="en">
 <head>
  <title>
</title>
<meta http-equiv="Content-Type" content="text/html;charset=utf-8" />
  <meta name='ocr-system' content='tesseract 3.04.00' />
  <meta name='ocr-capabilities' content='ocr_page ocr_carea ocr_par ocr_line ocrx_word'/>
</head>
<body>
  <div class='ocr_page' id='page_1' title='image "./magyardiplomacz01wenzgoog_0640.png"; bbox 0 0 3220 5262; ppageno 0'>
   <div class='ocr_carea' id='block_1_1' title="bbox 741 347 1161 408">
    <p class='ocr_par' dir='ltr' id='par_1_1' title="bbox 741 347 1161 408">
     <span class='ocr_line' id='line_1_1' title="bbox 741 347 1161 408; baseline -0.005 -3"><span class='ocrx_word' id='word_1_1' title='bbox 741 361 975 408; x_wconf 79' lang='lat' dir='ltr'><strong>omnousozmr</strong></span> <span class='ocrx_word' id='word_1_2' title='bbox 992 347 1161 406; x_wconf 67' lang='lat' dir='ltr'><strong>nuperus.</strong></span> 
     </span>
    </p>
   </div>
   <div class='ocr_carea' id='block_1_2' title="bbox 906 647 981 711">
    <p class='ocr_par' dir='ltr' id='par_1_2' title="bbox 906 647 981 711">
     <span class='ocr_line' id='line_1_2' title="bbox 906 647 981 711; baseline 0 -1"><span class='ocrx_word' id='word_1_3' title='bbox 906 647 981 711; x_wconf 73' lang='lat'><strong>442.</strong></span> 
     </span>
    </p>
   </div>
   <div class='ocr_carea' id='block_1_3' title="bbox 382 804 1592 1002">
    <p class='ocr_par' dir='ltr' id='par_1_3' title="bbox 382 804 1592 1002">
     <span class='ocr_line' id='line_1_3' title="bbox 382 804 1592 916; baseline -0.002 -42"><span class='ocrx_word' id='word_1_4' title='bbox 382 809 411 874; x_wconf 89' lang='grc' dir='ltr'><em>Α</em></span> <span class='ocrx_word' id='word_1_5' title='bbox 429 809 581 874; x_wconf 67' lang='lat' dir='ltr'><strong>veterem·</strong></span> <span class='ocrx_word' id='word_1_6' title='bbox 600 809 810 894; x_wconf 70' lang='lat' dir='ltr'><strong>tartareamp</strong></span> <span class='ocrx_word' id='word_1_7' title='bbox 835 804 1023 892; x_wconf 78' lang='lat' dir='ltr'><strong>Sepnio‘dan</strong></span> <span class='ocrx_word' id='word_1_8' title='bbox 1049 808 1134 871; x_wconf 78' lang='lat' dir='ltr'><strong>badi</strong></span> <span class='ocrx_word' id='word_1_9' title='bbox 1160 809 1353 892; x_wconf 79' lang='lat' dir='ltr'><strong>caapotolcat</strong></span> <span class='ocrx_word' id='word_1_10' title='bbox 1361 809 1466 894; x_wconf 77' lang='lat' dir='ltr'><strong>fopod</strong></span> <span class='ocrx_word' id='word_1_11' title='bbox 1480 835 1498 872; x_wconf 89' lang='lat' dir='ltr'><strong>o</strong></span> <span class='ocrx_word' id='word_1_12' title='bbox 1590 889 1592 916; x_wconf 38' lang='grc'>1</span> 
     </span>
     <span class='ocr_line' id='line_1_4' title="bbox 491 915 1406 1002; baseline -0.002 -22"><span class='ocrx_word' id='word_1_13' title='bbox 491 917 652 982; x_wconf 77' lang='lat' dir='ltr'><strong>Cretdban</strong></span> <span class='ocrx_word' id='word_1_14' title='bbox 669 916 769 980; x_wconf 73' lang='lat' dir='ltr'><strong>litora</strong></span> <span class='ocrx_word' id='word_1_15' title='bbox 785 915 992 980; x_wconf 78' lang='lat' dir='ltr'><strong>ldzcddsock</strong></span> <span class='ocrx_word' id='word_1_16' title='bbox 1008 915 1165 1002; x_wconf 75' lang='lat' dir='ltr'><strong>lepyb&#39;zc&#39;se</strong></span> <span class='ocrx_word' id='word_1_17' title='bbox 1180 916 1288 1002; x_wconf 72' lang='lat' dir='ltr'><strong>oe&#39;peta</strong></span> <span class='ocrx_word' id='word_1_18' title='bbox 1307 919 1406 982; x_wconf 76' lang='lat'><strong><em>1364.</em></strong></span> 
     </span>
    </p>
   </div>
   <div class='ocr_carea' id='block_1_4' title="bbox 378 1073 1592 4593">
    <p class='ocr_par' dir='ltr' id='par_1_4' title="bbox 378 1073 1592 1570">
     <span class='ocr_line' id='line_1_5' title="bbox 485 1073 1592 1160; baseline -0.002 -18"><span class='ocrx_word' id='word_1_19' title='bbox 485 1075 535 1160; x_wconf 89' lang='lat' dir='ltr'><strong>A)</strong></span> <span class='ocrx_word' id='word_1_20' title='bbox 557 1077 749 1158; x_wconf 81' lang='lat' dir='ltr'><strong>Exemplum</strong></span> <span class='ocrx_word' id='word_1_21' title='bbox 766 1074 973 1139; x_wconf 80' lang='lat' dir='ltr'><strong>instrumenti</strong></span> <span class='ocrx_word' id='word_1_22' title='bbox 989 1073 1130 1156; x_wconf 76' lang='lat' dir='ltr'><strong>plerarie</strong></span> <span class='ocrx_word' id='word_1_23' title='bbox 1156 1076 1363 1158; x_wconf 83' lang='lat' dir='ltr'><strong>prestiteper</strong></span> <span class='ocrx_word' id='word_1_24' title='bbox 1385 1076 1501 1140; x_wconf 86' lang='lat' dir='ltr'><strong>nobiles</strong></span> <span class='ocrx_word' id='word_1_25' title='bbox 1590 1077 1592 1140; x_wconf 72' lang='lat' dir='ltr'>J</span> 
     </span>
     <span class='ocr_line' id='line_1_6' title="bbox 378 1179 1499 1266; baseline 0.001 -20"><span class='ocrx_word' id='word_1_26' title='bbox 378 1182 463 1248; x_wconf 88' lang='lat' dir='ltr'><strong>viros</strong></span> <span class='ocrx_word' id='word_1_27' title='bbox 480 1183 625 1266; x_wconf 85' lang='lat' dir='ltr'><strong>Moysem</strong></span> <span class='ocrx_word' id='word_1_28' title='bbox 648 1181 750 1246; x_wconf 93' lang='lat' dir='ltr'><strong>filium</strong></span> <span class='ocrx_word' id='word_1_29' title='bbox 766 1179 894 1246; x_wconf 86' lang='lat' dir='ltr'><strong>Jndiois</strong></span> <span class='ocrx_word' id='word_1_30' title='bbox 910 1179 1063 1244; x_wconf 87' lang='lat' dir='ltr'><strong>Bartholi</strong></span> <span class='ocrx_word' id='word_1_31' title='bbox 1081 1179 1120 1244; x_wconf 87' lang='lat' dir='ltr'><strong>de</strong></span> <span class='ocrx_word' id='word_1_32' title='bbox 1138 1179 1268 1263; x_wconf 82' lang='lat' dir='ltr'>Segnia,</span> <span class='ocrx_word' id='word_1_33' title='bbox 1284 1188 1317 1247; x_wconf 86' lang='lat' dir='ltr'><strong>et</strong></span> <span class='ocrx_word' id='word_1_34' title='bbox 1333 1180 1499 1248; x_wconf 77' lang='lat' dir='ltr'>Nicolaum</span> 
     </span>
     <span class='ocr_line' id='line_1_7' title="bbox 380 1284 1500 1370; baseline -0.001 -17"><span class='ocrx_word' id='word_1_35' title='bbox 380 1290 481 1354; x_wconf 91' lang='lat' dir='ltr'><strong>filium</strong></span> <span class='ocrx_word' id='word_1_36' title='bbox 507 1288 673 1370; x_wconf 88' lang='lat' dir='ltr'><strong>quondam</strong></span> <span class='ocrx_word' id='word_1_37' title='bbox 687 1285 835 1356; x_wconf 87' lang='lat' dir='ltr'><strong>Vicenoii</strong></span> <span class='ocrx_word' id='word_1_38' title='bbox 856 1285 998 1353; x_wconf 90' lang='lat' dir='ltr'><strong>Vindeni</strong></span> <span class='ocrx_word' id='word_1_39' title='bbox 1014 1285 1054 1349; x_wconf 88' lang='lat' dir='ltr'><strong>de</strong></span> <span class='ocrx_word' id='word_1_40' title='bbox 1071 1284 1239 1367; x_wconf 88' lang='lat' dir='ltr'><strong>Cherlino,</strong></span> <span class='ocrx_word' id='word_1_41' title='bbox 1255 1288 1302 1354; x_wconf 85' lang='lat' dir='ltr'><strong>ire</strong></span> <span class='ocrx_word' id='word_1_42' title='bbox 1320 1289 1500 1354; x_wconf 77' lang='lat' dir='ltr'><strong>debentium</strong></span> 
     </span>
     <span class='ocr_line' id='line_1_8' title="bbox 381 1391 1500 1476; baseline -0.003 -15"><span class='ocrx_word' id='word_1_43' title='bbox 381 1417 455 1462; x_wconf 88' lang='lat' dir='ltr'><strong>cum</strong></span> <span class='ocrx_word' id='word_1_44' title='bbox 471 1401 601 1460; x_wconf 88' lang='lat' dir='ltr'><strong>centum</strong></span> <span class='ocrx_word' id='word_1_45' title='bbox 616 1392 780 1476; x_wconf 86' lang='lat' dir='ltr'><strong>equitibus</strong></span> <span class='ocrx_word' id='word_1_46' title='bbox 798 1393 841 1459; x_wconf 86' lang='lat' dir='ltr'><strong>ad</strong></span> <span class='ocrx_word' id='word_1_47' title='bbox 858 1393 1023 1458; x_wconf 83' lang='lat' dir='ltr'><strong>servitium</strong></span> <span class='ocrx_word' id='word_1_48' title='bbox 1033 1391 1154 1458; x_wconf 90' lang='lat' dir='ltr'><strong>domini</strong></span> <span class='ocrx_word' id='word_1_49' title='bbox 1166 1393 1267 1458; x_wconf 87' lang='lat' dir='ltr'><strong>Ducis</strong></span> <span class='ocrx_word' id='word_1_50' title='bbox 1279 1401 1312 1459; x_wconf 85' lang='lat' dir='ltr'><strong>et</strong></span> <span class='ocrx_word' id='word_1_51' title='bbox 1321 1393 1500 1462; x_wconf 90' lang='lat' dir='ltr'><strong>Cnmmunis</strong></span> 
     </span>
     <span class='ocr_line' id='line_1_9' title="bbox 382 1499 810 1570; baseline -0.012 0"><span class='ocrx_word' id='word_1_52' title='bbox 382 1501 601 1570; x_wconf 87' lang='lat' dir='ltr'><strong>Veneciarnm</strong></span> <span class='ocrx_word' id='word_1_53' title='bbox 617 1503 651 1566; x_wconf 94' lang='lat' dir='ltr'><strong>in</strong></span> <span class='ocrx_word' id='word_1_54' title='bbox 668 1499 810 1566; x_wconf 79' lang='lat' dir='ltr'><strong>Cretam.</strong></span> 
     </span>
    </p>

    <p class='ocr_par' dir='ltr' id='par_1_5' title="bbox 381 1607 1592 4593">
     <span class='ocr_line' id='line_1_10' title="bbox 488 1607 1502 1676; baseline -0.001 -2"><span class='ocrx_word' id='word_1_55' title='bbox 488 1610 529 1674; x_wconf 92' lang='lat' dir='ltr'><strong>In</strong></span> <span class='ocrx_word' id='word_1_56' title='bbox 556 1607 621 1674; x_wconf 86' lang='lat' dir='ltr'><strong>Dei</strong></span> <span class='ocrx_word' id='word_1_57' title='bbox 647 1611 776 1674; x_wconf 89' lang='lat' dir='ltr'><strong>nomine</strong></span> <span class='ocrx_word' id='word_1_58' title='bbox 793 1607 909 1672; x_wconf 85' lang='lat' dir='ltr'><strong>Amen.</strong></span> <span class='ocrx_word' id='word_1_59' title='bbox 928 1607 1027 1674; x_wconf 86' lang='lat' dir='ltr'><strong>Anno</strong></span> <span class='ocrx_word' id='word_1_60' title='bbox 1043 1610 1177 1674; x_wconf 91' lang='lat' dir='ltr'><strong>Domini</strong></span> <span class='ocrx_word' id='word_1_61' title='bbox 1193 1633 1213 1675; x_wconf 86' lang='lat' dir='ltr'><strong>n</strong></span> <span class='ocrx_word' id='word_1_62' title='bbox 1230 1609 1414 1676; x_wconf 81' lang='lat' dir='ltr'><strong>Natim&#39;tate</strong></span> <span class='ocrx_word' id='word_1_63' title='bbox 1430 1611 1502 1674; x_wconf 87' lang='lat' dir='ltr'><strong>eins-</strong></span> 
     </span>
     <span class='ocr_line' id='line_1_11' title="bbox 382 1717 1592 1802; baseline 0.001 -21"><span class='ocrx_word' id='word_1_64' title='bbox 382 1717 454 1782; x_wconf 90' lang='lat' dir='ltr'><strong>dem</strong></span> <span class='ocrx_word' id='word_1_65' title='bbox 481 1717 669 1782; x_wconf 86' lang='lat' dir='ltr'><strong>millessimo</strong></span> <span class='ocrx_word' id='word_1_66' title='bbox 695 1717 924 1782; x_wconf 87' lang='lat' dir='ltr'><strong>trecentesimo</strong></span> <span class='ocrx_word' id='word_1_67' title='bbox 951 1717 1154 1800; x_wconf 83' lang='lat' dir='ltr'><strong>sexagesimo</strong></span> <span class='ocrx_word' id='word_1_68' title='bbox 1181 1724 1311 1802; x_wconf 85' lang='lat' dir='ltr'><strong>quarto,</strong></span> <span class='ocrx_word' id='word_1_69' title='bbox 1332 1719 1502 1785; x_wconf 81' lang='lat' dir='ltr'><strong>indictione</strong></span> <span class='ocrx_word' id='word_1_70' title='bbox 1591 1745 1592 1756; x_wconf 62' lang='lat'>2</span> 
     </span>
     <span class='ocr_line' id='line_1_12' title="bbox 382 1819 1592 1908; baseline 0.002 -22"><span class='ocrx_word' id='word_1_71' title='bbox 382 1821 531 1905; x_wconf 84' lang='lat' dir='ltr'><strong>secunda,</strong></span> <span class='ocrx_word' id='word_1_72' title='bbox 558 1821 610 1886; x_wconf 88' lang='lat' dir='ltr'><strong>die</strong></span> <span class='ocrx_word' id='word_1_73' title='bbox 639 1822 788 1903; x_wconf 85' lang='lat' dir='ltr'><strong>vigesimo</strong></span> <span class='ocrx_word' id='word_1_74' title='bbox 816 1831 935 1903; x_wconf 88' lang='lat' dir='ltr'><strong>quarto</strong></span> <span class='ocrx_word' id='word_1_75' title='bbox 961 1822 1080 1886; x_wconf 88' lang='lat' dir='ltr'><strong>mensis</strong></span> <span class='ocrx_word' id='word_1_76' title='bbox 1105 1824 1268 1888; x_wconf 83' lang='lat' dir='ltr'><strong>Jannarii.</strong></span> <span class='ocrx_word' id='word_1_77' title='bbox 1295 1823 1504 1908; x_wconf 83' lang='lat' dir='ltr'><strong>Temporibus</strong></span> <span class='ocrx_word' id='word_1_78' title='bbox 1591 1819 1592 1822; x_wconf 48' lang='lat'>&#39;</span> 
     </span>
     <span class='ocr_line' id='line_1_13' title="bbox 382 1929 1504 2014; baseline -0.001 -20"><span class='ocrx_word' id='word_1_79' title='bbox 382 1930 535 2014; x_wconf 87' lang='lat' dir='ltr'><strong>equidem</strong></span> <span class='ocrx_word' id='word_1_80' title='bbox 567 1929 689 1994; x_wconf 86' lang='lat' dir='ltr'><strong>domini</strong></span> <span class='ocrx_word' id='word_1_81' title='bbox 721 1929 879 1994; x_wconf 85' lang='lat' dir='ltr'><strong>Lodorici</strong></span> <span class='ocrx_word' id='word_1_82' title='bbox 911 1930 975 1995; x_wconf 89' lang='lat' dir='ltr'><strong>Dei</strong></span> <span class='ocrx_word' id='word_1_83' title='bbox 1009 1930 1118 2010; x_wconf 85' lang='lat' dir='ltr'><strong>gratio</strong></span> <span class='ocrx_word' id='word_1_84' title='bbox 1160 1930 1366 1996; x_wconf 85' lang='lat' dir='ltr'><strong>Serenissimi</strong></span> <span class='ocrx_word' id='word_1_85' title='bbox 1412 1931 1504 2014; x_wconf 80' lang='lat' dir='ltr'><strong>Regis</strong></span> 
     </span>
     <span class='ocr_line' id='line_1_14' title="bbox 386 2036 1504 2121; baseline -0.001 -19"><span class='ocrx_word' id='word_1_86' title='bbox 386 2039 575 2121; x_wconf 87' lang='lat' dir='ltr'><strong>Hungaric;</strong></span> <span class='ocrx_word' id='word_1_87' title='bbox 601 2037 798 2102; x_wconf 82' lang='lat' dir='ltr'><strong>venerabilis</strong></span> <span class='ocrx_word' id='word_1_88' title='bbox 824 2039 929 2120; x_wconf 88' lang='lat' dir='ltr'><strong>patris</strong></span> <span class='ocrx_word' id='word_1_89' title='bbox 950 2039 1073 2103; x_wconf 90' lang='lat' dir='ltr'><strong>domini</strong></span> <span class='ocrx_word' id='word_1_90' title='bbox 1090 2036 1203 2103; x_wconf 82' lang='lat' dir='ltr'><strong>fratris</strong></span> <span class='ocrx_word' id='word_1_91' title='bbox 1221 2038 1381 2104; x_wconf 89' lang='lat' dir='ltr'><strong>Prothine</strong></span> <span class='ocrx_word' id='word_1_92' title='bbox 1397 2039 1504 2103; x_wconf 85' lang='lat' dir='ltr'><strong>eadem</strong></span> 
     </span>
     <span class='ocr_line' id='line_1_15' title="bbox 382 2143 1592 2232; baseline 0 -23"><span class='ocrx_word' id='word_1_93' title='bbox 382 2147 491 2229; x_wconf 84' lang='lat' dir='ltr'><strong>gratio</strong></span> <span class='ocrx_word' id='word_1_94' title='bbox 521 2146 675 2229; x_wconf 79' lang='lat' dir='ltr'><strong>Episcopi</strong></span> <span class='ocrx_word' id='word_1_95' title='bbox 708 2143 914 2228; x_wconf 83' lang='lat' dir='ltr'><strong>Segniensis:</strong></span> <span class='ocrx_word' id='word_1_96' title='bbox 947 2145 1265 2229; x_wconf 81' lang='lat' dir='ltr'><strong>Magnificornmqne</strong></span> <span class='ocrx_word' id='word_1_97' title='bbox 1308 2145 1504 2211; x_wconf 81' lang='lat' dir='ltr'><strong>dominorum</strong></span> <span class='ocrx_word' id='word_1_98' title='bbox 1591 2223 1592 2232; x_wconf 8' lang='grc' dir='ltr'>ἵ</span> 
     </span>
     <span class='ocr_line' id='line_1_16' title="bbox 383 2239 1592 2337; baseline 0 -19"><span class='ocrx_word' id='word_1_99' title='bbox 383 2252 543 2336; x_wconf 83' lang='lat' dir='ltr'><strong>Stephani</strong></span> <span class='ocrx_word' id='word_1_100' title='bbox 569 2261 602 2318; x_wconf 90' lang='lat' dir='ltr'><strong>et</strong></span> <span class='ocrx_word' id='word_1_101' title='bbox 628 2253 653 2319; x_wconf 87' lang='lat' dir='ltr'><strong>J</strong></span> <span class='ocrx_word' id='word_1_102' title='bbox 655 2255 791 2319; x_wconf 84' lang='lat' dir='ltr'><strong>ohannis</strong></span> <span class='ocrx_word' id='word_1_103' title='bbox 812 2251 926 2337; x_wconf 86' lang='lat' dir='ltr'><strong>Vegle,</strong></span> <span class='ocrx_word' id='word_1_104' title='bbox 943 2255 1121 2335; x_wconf 86' lang='lat' dir='ltr'><strong>Modrnsie,</strong></span> <span class='ocrx_word' id='word_1_105' title='bbox 1139 2252 1291 2318; x_wconf 82' lang='lat' dir='ltr'><strong>Ghezoho</strong></span> <span class='ocrx_word' id='word_1_106' title='bbox 1307 2260 1341 2320; x_wconf 88' lang='lat' dir='ltr'><strong>et</strong></span> <span class='ocrx_word' id='word_1_107' title='bbox 1357 2254 1503 2322; x_wconf 85' lang='lat' dir='ltr'><strong>Vinodoli</strong></span> <span class='ocrx_word' id='word_1_108' title='bbox 1590 2239 1592 2302; x_wconf 70' lang='lat' dir='ltr'><strong>l</strong></span> 
     </span>
     <span class='ocr_line' id='line_1_17' title="bbox 385 2357 1592 2452; baseline -0.002 -26"><span class='ocrx_word' id='word_1_109' title='bbox 385 2360 561 2439; x_wconf 82' lang='lat' dir='ltr'><strong>Comitum,</strong></span> <span class='ocrx_word' id='word_1_110' title='bbox 579 2365 612 2425; x_wconf 85' lang='lat' dir='ltr'><strong>et</strong></span> <span class='ocrx_word' id='word_1_111' title='bbox 628 2357 780 2425; x_wconf 83' lang='lat' dir='ltr'><strong>Civitatis</strong></span> <span class='ocrx_word' id='word_1_112' title='bbox 797 2359 917 2442; x_wconf 81' lang='lat' dir='ltr'><strong>Segnis</strong></span> <span class='ocrx_word' id='word_1_113' title='bbox 933 2361 1151 2427; x_wconf 90' lang='lat' dir='ltr'><strong>Dominorum</strong></span> <span class='ocrx_word' id='word_1_114' title='bbox 1162 2361 1381 2445; x_wconf 80' lang='lat' dir='ltr'><strong>generalium3</strong></span> <span class='ocrx_word' id='word_1_115' title='bbox 1397 2361 1507 2428; x_wconf 86' lang='lat' dir='ltr'><strong>nobilis</strong></span> <span class='ocrx_word' id='word_1_116' title='bbox 1591 2449 1592 2452; x_wconf 8' lang='grc' dir='ltr'><strong>Ἴ</strong></span> 
     </span>
     <span class='ocr_line' id='line_1_18' title="bbox 383 2465 1501 2552; baseline 0 -20"><span class='ocrx_word' id='word_1_117' title='bbox 383 2466 494 2532; x_wconf 87' lang='lat' dir='ltr'><strong>militis</strong></span> <span class='ocrx_word' id='word_1_118' title='bbox 519 2467 640 2533; x_wconf 89' lang='lat' dir='ltr'><strong>domini</strong></span> <span class='ocrx_word' id='word_1_119' title='bbox 665 2465 799 2531; x_wconf 86' lang='lat' dir='ltr'><strong>Andree</strong></span> <span class='ocrx_word' id='word_1_120' title='bbox 828 2465 1045 2548; x_wconf 89' lang='lat' dir='ltr'><strong>Vicecomitis,</strong></span> <span class='ocrx_word' id='word_1_121' title='bbox 1064 2467 1181 2534; x_wconf 80' lang='lat' dir='ltr'><strong>Jacobi</strong></span> <span class='ocrx_word' id='word_1_122' title='bbox 1198 2469 1363 2552; x_wconf 87' lang='lat' dir='ltr'><strong>quondam</strong></span> <span class='ocrx_word' id='word_1_123' title='bbox 1379 2470 1501 2536; x_wconf 89' lang='lat' dir='ltr'><strong>Jndiois</strong></span> 
     </span>
     <span class='ocr_line' id='line_1_19' title="bbox 384 2572 1505 2661; baseline 0.003 -22"><span class='ocrx_word' id='word_1_124' title='bbox 384 2573 512 2654; x_wconf 88' lang='lat' dir='ltr'><strong>Cosme,</strong></span> <span class='ocrx_word' id='word_1_125' title='bbox 536 2572 651 2640; x_wconf 85' lang='lat' dir='ltr'><strong>Veroli</strong></span> <span class='ocrx_word' id='word_1_126' title='bbox 677 2573 840 2656; x_wconf 85' lang='lat' dir='ltr'><strong>quondam</strong></span> <span class='ocrx_word' id='word_1_127' title='bbox 866 2572 995 2639; x_wconf 89' lang='lat' dir='ltr'><strong>Jndiois</strong></span> <span class='ocrx_word' id='word_1_128' title='bbox 1012 2576 1147 2653; x_wconf 71' lang='lat' dir='ltr'><strong>Dimuri,</strong></span> <span class='ocrx_word' id='word_1_129' title='bbox 1162 2583 1195 2641; x_wconf 88' lang='lat' dir='ltr'><strong>ct</strong></span> <span class='ocrx_word' id='word_1_130' title='bbox 1210 2577 1235 2642; x_wconf 89' lang='lat' dir='ltr'><strong>J</strong></span> <span class='ocrx_word' id='word_1_131' title='bbox 1236 2577 1329 2642; x_wconf 87' lang='lat' dir='ltr'><strong>aoobi</strong></span> <span class='ocrx_word' id='word_1_132' title='bbox 1347 2579 1505 2661; x_wconf 85' lang='lat' dir='ltr'><strong>quondam</strong></span> 
     </span>
     <span class='ocr_line' id='line_1_20' title="bbox 381 2677 1506 2767; baseline 0.002 -21"><span class='ocrx_word' id='word_1_133' title='bbox 381 2681 511 2746; x_wconf 84' lang='lat' dir='ltr'><strong>Jndiois</strong></span> <span class='ocrx_word' id='word_1_134' title='bbox 528 2680 676 2761; x_wconf 85' lang='lat' dir='ltr'><strong>Vidonis‚</strong></span> <span class='ocrx_word' id='word_1_135' title='bbox 692 2678 848 2746; x_wconf 82' lang='lat' dir='ltr'><strong>Jndioom</strong></span> <span class='ocrx_word' id='word_1_136' title='bbox 865 2677 1020 2748; x_wconf 83' lang='lat' dir='ltr'><strong>Civitatis</strong></span> <span class='ocrx_word' id='word_1_137' title='bbox 1036 2683 1191 2767; x_wconf 85' lang='lat' dir='ltr'><strong>predicte.</strong></span> <span class='ocrx_word' id='word_1_138' title='bbox 1206 2680 1327 2748; x_wconf 86' lang='lat' dir='ltr'><strong>Actum</strong></span> <span class='ocrx_word' id='word_1_139' title='bbox 1337 2685 1506 2750; x_wconf 76' lang='lat' dir='ltr'><strong>incivitate</strong></span> 
     </span>
     <span class='ocr_line' id='line_1_21' title="bbox 382 2787 1592 2880; baseline 0.002 -26"><span class='ocrx_word' id='word_1_140' title='bbox 382 2787 500 2872; x_wconf 82' lang='lat' dir='ltr'><strong>Segnie</strong></span> <span class='ocrx_word' id='word_1_141' title='bbox 516 2789 549 2852; x_wconf 94' lang='lat' dir='ltr'><strong>in</strong></span> <span class='ocrx_word' id='word_1_142' title='bbox 567 2789 708 2853; x_wconf 85' lang='lat' dir='ltr'><strong>statione</strong></span> <span class='ocrx_word' id='word_1_143' title='bbox 725 2787 940 2853; x_wconf 82' lang='lat' dir='ltr'><strong>habitationis</strong></span> <span class='ocrx_word' id='word_1_144' title='bbox 968 2810 1020 2854; x_wconf 87' lang='lat' dir='ltr'><strong>ser</strong></span> <span class='ocrx_word' id='word_1_145' title='bbox 1048 2789 1153 2855; x_wconf 86' lang='lat' dir='ltr'><strong>Marci</strong></span> <span class='ocrx_word' id='word_1_146' title='bbox 1168 2787 1276 2855; x_wconf 82' lang='lat' dir='ltr'><strong>Sclavi</strong></span> <span class='ocrx_word' id='word_1_147' title='bbox 1293 2791 1333 2856; x_wconf 89' lang='lat' dir='ltr'><strong>de</strong></span> <span class='ocrx_word' id='word_1_148' title='bbox 1353 2791 1505 2868; x_wconf 71' lang='lat' dir='ltr'><strong>veneciis,</strong></span> <span class='ocrx_word' id='word_1_149' title='bbox 1590 2871 1592 2880; x_wconf 18' lang='grc' dir='ltr'><strong><em>γ</em></strong></span> 
     </span>
     <span class='ocr_line' id='line_1_22' title="bbox 382 2894 1503 2979; baseline 0.001 -20"><span class='ocrx_word' id='word_1_150' title='bbox 382 2896 590 2979; x_wconf 84' lang='lat' dir='ltr'><strong>presentibus</strong></span> <span class='ocrx_word' id='word_1_151' title='bbox 615 2897 686 2979; x_wconf 91' lang='lat' dir='ltr'><strong>ipso</strong></span> <span class='ocrx_word' id='word_1_152' title='bbox 714 2917 766 2959; x_wconf 92' lang='lat' dir='ltr'><strong>ser</strong></span> <span class='ocrx_word' id='word_1_153' title='bbox 791 2897 907 2963; x_wconf 86' lang='lat' dir='ltr'><strong>Marco</strong></span> <span class='ocrx_word' id='word_1_154' title='bbox 935 2894 1063 2977; x_wconf 79' lang='lat' dir='ltr'><strong>Solavo,</strong></span> <span class='ocrx_word' id='word_1_155' title='bbox 1084 2918 1136 2963; x_wconf 90' lang='lat' dir='ltr'><strong>ser</strong></span> <span class='ocrx_word' id='word_1_156' title='bbox 1152 2898 1352 2964; x_wconf 86' lang='lat' dir='ltr'><strong>Francischo</strong></span> <span class='ocrx_word' id='word_1_157' title='bbox 1370 2897 1503 2965; x_wconf 88' lang='lat' dir='ltr'><strong>Sacbeto</strong></span> 
     </span>
     <span class='ocr_line' id='line_1_23' title="bbox 383 3002 1505 3091; baseline 0.007 -23"><span class='ocrx_word' id='word_1_158' title='bbox 383 3004 423 3068; x_wconf 85' lang='lat' dir='ltr'><strong>de</strong></span> <span class='ocrx_word' id='word_1_159' title='bbox 440 3003 601 3082; x_wconf 88' lang='lat' dir='ltr'><strong>Veneciis,</strong></span> <span class='ocrx_word' id='word_1_160' title='bbox 615 3004 640 3069; x_wconf 89' lang='lat' dir='ltr'><strong>J</strong></span> <span class='ocrx_word' id='word_1_161' title='bbox 641 3003 742 3068; x_wconf 86' lang='lat' dir='ltr'><strong>ocobo</strong></span> <span class='ocrx_word' id='word_1_162' title='bbox 758 3002 826 3069; x_wconf 93' lang='lat' dir='ltr'><strong>filio</strong></span> <span class='ocrx_word' id='word_1_163' title='bbox 843 3004 1006 3088; x_wconf 85' lang='lat' dir='ltr'><strong>quondam</strong></span> <span class='ocrx_word' id='word_1_164' title='bbox 1023 3003 1151 3070; x_wconf 83' lang='lat' dir='ltr'><strong>Jndiois</strong></span> <span class='ocrx_word' id='word_1_165' title='bbox 1167 3005 1316 3091; x_wconf 88' lang='lat' dir='ltr'><strong>Philippi</strong></span> <span class='ocrx_word' id='word_1_166' title='bbox 1332 3008 1372 3073; x_wconf 86' lang='lat' dir='ltr'><strong>de</strong></span> <span class='ocrx_word' id='word_1_167' title='bbox 1384 3007 1505 3090; x_wconf 82' lang='lat' dir='ltr'><strong>Segnia,</strong></span> 
     </span>
     <span class='ocr_line' id='line_1_24' title="bbox 384 3097 1592 3194; baseline 0.005 -20"><span class='ocrx_word' id='word_1_168' title='bbox 384 3110 547 3175; x_wconf 89' lang='lat' dir='ltr'><strong>Michaele</strong></span> <span class='ocrx_word' id='word_1_169' title='bbox 559 3108 738 3193; x_wconf 87' lang='lat' dir='ltr'><strong>Campiono</strong></span> <span class='ocrx_word' id='word_1_170' title='bbox 751 3110 791 3174; x_wconf 91' lang='lat' dir='ltr'><strong>de</strong></span> <span class='ocrx_word' id='word_1_171' title='bbox 810 3111 971 3194; x_wconf 73' lang='lat' dir='ltr'><strong>VeneoiiS,</strong></span> <span class='ocrx_word' id='word_1_172' title='bbox 982 3117 1014 3176; x_wconf 87' lang='lat' dir='ltr'><strong>et</strong></span> <span class='ocrx_word' id='word_1_173' title='bbox 1023 3111 1096 3177; x_wconf 87' lang='lat' dir='ltr'><strong>aliis</strong></span> <span class='ocrx_word' id='word_1_174' title='bbox 1106 3113 1246 3180; x_wconf 85' lang='lat' dir='ltr'><strong>testibus</strong></span> <span class='ocrx_word' id='word_1_175' title='bbox 1257 3113 1300 3178; x_wconf 89' lang='lat' dir='ltr'><strong>ad</strong></span> <span class='ocrx_word' id='word_1_176' title='bbox 1309 3114 1371 3180; x_wconf 89' lang='lat' dir='ltr'><strong>hcc</strong></span> <span class='ocrx_word' id='word_1_177' title='bbox 1380 3117 1504 3193; x_wconf 78' lang='lat' dir='ltr'><strong>vocans,</strong></span> <span class='ocrx_word' id='word_1_178' title='bbox 1590 3097 1592 3136; x_wconf 67' lang='lat'><em>³</em></span> 
     </span>
     <span class='ocr_line' id='line_1_25' title="bbox 384 3215 1592 3308; baseline 0.004 -27"><span class='ocrx_word' id='word_1_179' title='bbox 384 3218 505 3284; x_wconf 87' lang='lat' dir='ltr'><strong>habitis</strong></span> <span class='ocrx_word' id='word_1_180' title='bbox 533 3226 564 3282; x_wconf 89' lang='lat' dir='ltr'><strong>et</strong></span> <span class='ocrx_word' id='word_1_181' title='bbox 590 3218 725 3300; x_wconf 82' lang='lat' dir='ltr'><strong>rogatis.</strong></span> <span class='ocrx_word' id='word_1_182' title='bbox 753 3215 835 3282; x_wconf 90' lang='lat' dir='ltr'><strong>Cum</strong></span> <span class='ocrx_word' id='word_1_183' title='bbox 861 3217 1009 3283; x_wconf 85' lang='lat' dir='ltr'><strong>Illustris</strong></span> <span class='ocrx_word' id='word_1_184' title='bbox 1034 3227 1067 3284; x_wconf 89' lang='lat' dir='ltr'><strong>et</strong></span> <span class='ocrx_word' id='word_1_185' title='bbox 1093 3220 1248 3286; x_wconf 80' lang='lat' dir='ltr'><strong>Excelsns</strong></span> <span class='ocrx_word' id='word_1_186' title='bbox 1272 3219 1440 3304; x_wconf 77' lang='lat' dir='ltr'><strong>Dominae,</strong></span> <span class='ocrx_word' id='word_1_187' title='bbox 1456 3222 1507 3286; x_wconf 91' lang='lat' dir='ltr'><strong>do·</strong></span> <span class='ocrx_word' id='word_1_188' title='bbox 1591 3241 1592 3308; x_wconf 13' lang='grc' dir='ltr'>ζ</span> 
     </span>
     <span class='ocr_line' id='line_1_26' title="bbox 383 3315 1592 3409; baseline 0.002 -19"><span class='ocrx_word' id='word_1_189' title='bbox 383 3326 488 3392; x_wconf 85' lang='lat' dir='ltr'><strong>minus</strong></span> <span class='ocrx_word' id='word_1_190' title='bbox 504 3326 700 3392; x_wconf 86' lang='lat' dir='ltr'><strong>Laurentius</strong></span> <span class='ocrx_word' id='word_1_191' title='bbox 717 3322 806 3390; x_wconf 83' lang='lat' dir='ltr'><strong>Celsi</strong></span> <span class='ocrx_word' id='word_1_192' title='bbox 821 3325 886 3392; x_wconf 91' lang='lat' dir='ltr'><strong>Dei</strong></span> <span class='ocrx_word' id='word_1_193' title='bbox 902 3327 1011 3407; x_wconf 86' lang='lat' dir='ltr'><strong>gratia</strong></span> <span class='ocrx_word' id='word_1_194' title='bbox 1027 3324 1106 3390; x_wconf 86' lang='lat' dir='ltr'><strong>Dux</strong></span> <span class='ocrx_word' id='word_1_195' title='bbox 1122 3325 1337 3394; x_wconf 79' lang='lat' dir='ltr'><strong>Venellorum</strong></span> <span class='ocrx_word' id='word_1_196' title='bbox 1355 3337 1423 3409; x_wconf 81' lang='lat' dir='ltr'><strong>etc,</strong></span> <span class='ocrx_word' id='word_1_197' title='bbox 1439 3351 1504 3393; x_wconf 90' lang='lat' dir='ltr'><strong>cnm</strong></span> <span class='ocrx_word' id='word_1_198' title='bbox 1590 3315 1592 3330; x_wconf 61' lang='lat'>¹</span> 
     </span>
     <span class='ocr_line' id='line_1_27' title="bbox 384 3431 1592 3517; baseline 0.002 -21"><span class='ocrx_word' id='word_1_199' title='bbox 384 3431 624 3498; x_wconf 87' lang='lat' dir='ltr'><strong>Communitete</strong></span> <span class='ocrx_word' id='word_1_200' title='bbox 649 3455 708 3498; x_wconf 88' lang='lat' dir='ltr'><strong>sua</strong></span> <span class='ocrx_word' id='word_1_201' title='bbox 733 3434 910 3517; x_wconf 86' lang='lat' dir='ltr'><strong>susceperit</strong></span> <span class='ocrx_word' id='word_1_202' title='bbox 937 3433 979 3497; x_wconf 86' lang='lat' dir='ltr'><strong>ed</strong></span> <span class='ocrx_word' id='word_1_203' title='bbox 1005 3455 1098 3498; x_wconf 89' lang='lat' dir='ltr'><strong>suum</strong></span> <span class='ocrx_word' id='word_1_204' title='bbox 1127 3437 1292 3500; x_wconf 84' lang='lat' dir='ltr'><strong>servitium</strong></span> <span class='ocrx_word' id='word_1_205' title='bbox 1320 3444 1352 3500; x_wconf 84' lang='lat' dir='ltr'><strong>et</strong></span> <span class='ocrx_word' id='word_1_206' title='bbox 1385 3437 1502 3504; x_wconf 88' lang='lat' dir='ltr'><strong>soldum</strong></span> <span class='ocrx_word' id='word_1_207' title='bbox 1591 3455 1592 3460; x_wconf 50' lang='lat'>¹</span> 
     </span>
     <span class='ocr_line' id='line_1_28' title="bbox 383 3540 1501 3628; baseline 0.002 -24"><span class='ocrx_word' id='word_1_208' title='bbox 383 3547 495 3605; x_wconf 84' lang='lat' dir='ltr'><strong>contra</strong></span> <span class='ocrx_word' id='word_1_209' title='bbox 525 3540 662 3605; x_wconf 87' lang='lat' dir='ltr'><strong>rebelles</strong></span> <span class='ocrx_word' id='word_1_210' title='bbox 694 3561 768 3604; x_wconf 81' lang='lat' dir='ltr'><strong>snos</strong></span> <span class='ocrx_word' id='word_1_211' title='bbox 800 3541 910 3605; x_wconf 88' lang='lat' dir='ltr'><strong>Insulo</strong></span> <span class='ocrx_word' id='word_1_212' title='bbox 942 3540 1039 3606; x_wconf 77' lang='lat' dir='ltr'><strong>Crete</strong></span> <span class='ocrx_word' id='word_1_213' title='bbox 1072 3541 1197 3606; x_wconf 86' lang='lat' dir='ltr'><strong>nobiles</strong></span> <span class='ocrx_word' id='word_1_214' title='bbox 1228 3544 1312 3606; x_wconf 76' lang='lat' dir='ltr'><strong>viros</strong></span> <span class='ocrx_word' id='word_1_215' title='bbox 1344 3544 1501 3628; x_wconf 82' lang='lat' dir='ltr'><strong>Moysinm</strong></span> 
     </span>
     <span class='ocr_line' id='line_1_29' title="bbox 382 3637 1592 3732; baseline 0.003 -21"><span class='ocrx_word' id='word_1_216' title='bbox 382 3647 484 3711; x_wconf 91' lang='lat' dir='ltr'><strong>filium</strong></span> <span class='ocrx_word' id='word_1_217' title='bbox 508 3648 534 3712; x_wconf 85' lang='lat' dir='ltr'>J</span> <span class='ocrx_word' id='word_1_218' title='bbox 536 3646 639 3711; x_wconf 85' lang='lat' dir='ltr'><strong>udicis</strong></span> <span class='ocrx_word' id='word_1_219' title='bbox 665 3647 817 3711; x_wconf 81' lang='lat' dir='ltr'><strong>Bartlroli</strong></span> <span class='ocrx_word' id='word_1_220' title='bbox 845 3647 884 3712; x_wconf 86' lang='lat' dir='ltr'><strong>do</strong></span> <span class='ocrx_word' id='word_1_221' title='bbox 903 3646 1032 3730; x_wconf 82' lang='lat' dir='ltr'><strong>Segnia,</strong></span> <span class='ocrx_word' id='word_1_222' title='bbox 1049 3656 1081 3713; x_wconf 88' lang='lat' dir='ltr'><strong>et</strong></span> <span class='ocrx_word' id='word_1_223' title='bbox 1105 3647 1277 3713; x_wconf 87' lang='lat' dir='ltr'><strong>Nicolaum</strong></span> <span class='ocrx_word' id='word_1_224' title='bbox 1293 3648 1395 3713; x_wconf 90' lang='lat' dir='ltr'><strong>lilium</strong></span> <span class='ocrx_word' id='word_1_225' title='bbox 1413 3672 1504 3732; x_wconf 89' lang='lat' dir='ltr'><strong>quon·</strong></span> <span class='ocrx_word' id='word_1_226' title='bbox 1590 3637 1592 3696; x_wconf 62' lang='lat'>3</span> 
     </span>
     <span class='ocr_line' id='line_1_30' title="bbox 383 3743 1592 3839; baseline -0.002 -21"><span class='ocrx_word' id='word_1_227' title='bbox 383 3755 459 3819; x_wconf 90' lang='lat' dir='ltr'><strong>dam</strong></span> <span class='ocrx_word' id='word_1_228' title='bbox 483 3752 654 3823; x_wconf 86' lang='lat' dir='ltr'><strong>Vincencii</strong></span> <span class='ocrx_word' id='word_1_229' title='bbox 681 3753 823 3820; x_wconf 86' lang='lat' dir='ltr'><strong>Vindeni</strong></span> <span class='ocrx_word' id='word_1_230' title='bbox 850 3757 890 3820; x_wconf 90' lang='lat' dir='ltr'><strong>de</strong></span> <span class='ocrx_word' id='word_1_231' title='bbox 908 3753 1073 3838; x_wconf 74' lang='lat' dir='ltr'><strong>Clrerliuo,</strong></span> <span class='ocrx_word' id='word_1_232' title='bbox 1090 3757 1144 3839; x_wconf 92' lang='lat' dir='ltr'><strong>qui</strong></span> <span class='ocrx_word' id='word_1_233' title='bbox 1164 3743 1309 3822; x_wconf 60' lang='lat' dir='ltr'><strong>ambo&#39;et</strong></span> <span class='ocrx_word' id='word_1_234' title='bbox 1324 3757 1358 3820; x_wconf 91' lang='lat' dir='ltr'><strong>in</strong></span> <span class='ocrx_word' id='word_1_235' title='bbox 1375 3757 1505 3822; x_wconf 87' lang='lat' dir='ltr'><strong>solidum</strong></span> <span class='ocrx_word' id='word_1_236' title='bbox 1591 3811 1592 3816; x_wconf 73' lang='grc'>,</span> 
     </span>
     <span class='ocr_line' id='line_1_31' title="bbox 384 3847 1592 3946; baseline 0.001 -19"><span class='ocrx_word' id='word_1_237' title='bbox 384 3862 610 3946; x_wconf 80' lang='lat' dir='ltr'><strong>promiserunt,</strong></span> <span class='ocrx_word' id='word_1_238' title='bbox 626 3868 846 3927; x_wconf 72' lang='lat' dir='ltr'><strong>com&#39;enerunt</strong></span> <span class='ocrx_word' id='word_1_239' title='bbox 862 3871 894 3926; x_wconf 89' lang='lat' dir='ltr'><strong>ot</strong></span> <span class='ocrx_word' id='word_1_240' title='bbox 911 3885 945 3928; x_wconf 89' lang='lat' dir='ltr'><strong>se</strong></span> <span class='ocrx_word' id='word_1_241' title='bbox 968 3863 1199 3946; x_wconf 83' lang='lat' dir='ltr'><strong>obligaverunt</strong></span> <span class='ocrx_word' id='word_1_242' title='bbox 1223 3863 1269 3927; x_wconf 89' lang='lat' dir='ltr'><strong>ire</strong></span> <span class='ocrx_word' id='word_1_243' title='bbox 1294 3863 1506 3946; x_wconf 83' lang='lat' dir='ltr'><strong>personaliter</strong></span> <span class='ocrx_word' id='word_1_244' title='bbox 1590 3847 1592 3870; x_wconf 64' lang='lat'>¹</span> 
     </span>
     <span class='ocr_line' id='line_1_32' title="bbox 384 3969 1592 4070; baseline -0.002 -34"><span class='ocrx_word' id='word_1_245' title='bbox 384 3992 455 4037; x_wconf 87' lang='lat' dir='ltr'><strong>cnm</strong></span> <span class='ocrx_word' id='word_1_246' title='bbox 483 3977 611 4034; x_wconf 89' lang='lat' dir='ltr'><strong>centum</strong></span> <span class='ocrx_word' id='word_1_247' title='bbox 637 3969 729 4035; x_wconf 85' lang='lat' dir='ltr'><strong>bonis</strong></span> <span class='ocrx_word' id='word_1_248' title='bbox 754 3977 788 4034; x_wconf 87' lang='lat' dir='ltr'><strong>et</strong></span> <span class='ocrx_word' id='word_1_249' title='bbox 813 3969 1049 4035; x_wconf 85' lang='lat' dir='ltr'><strong>sufficientibus</strong></span> <span class='ocrx_word' id='word_1_250' title='bbox 1076 3972 1261 4037; x_wconf 90' lang='lat' dir='ltr'><strong>hominibus</strong></span> <span class='ocrx_word' id='word_1_251' title='bbox 1287 3971 1320 4035; x_wconf 88' lang='lat' dir='ltr'><strong>in</strong></span> <span class='ocrx_word' id='word_1_252' title='bbox 1353 3971 1447 4038; x_wconf 91' lang='lat' dir='ltr'><strong>bonis</strong></span> <span class='ocrx_word' id='word_1_253' title='bbox 1475 3982 1504 4034; x_wconf 89' lang='lat' dir='ltr'><strong>et</strong></span> <span class='ocrx_word' id='word_1_254' title='bbox 1529 4027 1532 4032; x_wconf 20' lang='lat' dir='ltr'><strong>r</strong></span> <span class='ocrx_word' id='word_1_255' title='bbox 1591 4021 1592 4070; x_wconf 41' lang='lat'><strong>,</strong></span> 
     </span>
     <span class='ocr_line' id='line_1_33' title="bbox 384 4076 1504 4161; baseline -0.002 -18"><span class='ocrx_word' id='word_1_256' title='bbox 384 4076 616 4143; x_wconf 83' lang='lat' dir='ltr'><strong>sufficientibus</strong></span> <span class='ocrx_word' id='word_1_257' title='bbox 642 4078 733 4161; x_wconf 88' lang='lat' dir='ltr'><strong>equis</strong></span> <span class='ocrx_word' id='word_1_258' title='bbox 757 4084 787 4142; x_wconf 86' lang='lat' dir='ltr'><strong>et</strong></span> <span class='ocrx_word' id='word_1_259' title='bbox 805 4078 886 4146; x_wconf 81' lang='lat' dir='ltr'><strong>bene</strong></span> <span class='ocrx_word' id='word_1_260' title='bbox 904 4080 1040 4143; x_wconf 84' lang='lat' dir='ltr'><strong>armatis</strong></span> <span class='ocrx_word' id='word_1_261' title='bbox 1057 4086 1087 4144; x_wconf 87' lang='lat' dir='ltr'><strong>et</strong></span> <span class='ocrx_word' id='word_1_262' title='bbox 1104 4079 1228 4161; x_wconf 83' lang='lat' dir='ltr'><strong>paratis</strong></span> <span class='ocrx_word' id='word_1_263' title='bbox 1245 4080 1395 4145; x_wconf 87' lang='lat' dir='ltr'><strong>omnibus</strong></span> <span class='ocrx_word' id='word_1_264' title='bbox 1413 4080 1504 4144; x_wconf 85' lang='lat' dir='ltr'><strong>arnris</strong></span> 
     </span>
     <span class='ocr_line' id='line_1_34' title="bbox 383 4185 1504 4270; baseline -0.001 -20"><span class='ocrx_word' id='word_1_265' title='bbox 383 4186 575 4270; x_wconf 88' lang='lat' dir='ltr'><strong>opportunis</strong></span> <span class='ocrx_word' id='word_1_266' title='bbox 600 4185 643 4250; x_wconf 89' lang='lat' dir='ltr'><strong>ad</strong></span> <span class='ocrx_word' id='word_1_267' title='bbox 670 4185 791 4248; x_wconf 87' lang='lat' dir='ltr'><strong>dictum</strong></span> <span class='ocrx_word' id='word_1_268' title='bbox 818 4186 986 4250; x_wconf 87' lang='lat' dir='ltr'><strong>servitium</strong></span> <span class='ocrx_word' id='word_1_269' title='bbox 1004 4208 1075 4251; x_wconf 91' lang='lat' dir='ltr'><strong>cum</strong></span> <span class='ocrx_word' id='word_1_270' title='bbox 1092 4188 1191 4251; x_wconf 85' lang='lat' dir='ltr'><strong>certis</strong></span> <span class='ocrx_word' id='word_1_271' title='bbox 1208 4186 1313 4269; x_wconf 85' lang='lat' dir='ltr'><strong>pactis</strong></span> <span class='ocrx_word' id='word_1_272' title='bbox 1330 4193 1360 4251; x_wconf 85' lang='lat' dir='ltr'><strong>et</strong></span> <span class='ocrx_word' id='word_1_273' title='bbox 1378 4208 1504 4252; x_wconf 80' lang='lat' dir='ltr'><strong>consen-</strong></span> 
     </span>
     <span class='ocr_line' id='line_1_35' title="bbox 382 4291 1503 4378; baseline -0.002 -20"><span class='ocrx_word' id='word_1_274' title='bbox 382 4293 536 4372; x_wconf 83' lang='lat' dir='ltr'><strong>tionibus,</strong></span> <span class='ocrx_word' id='word_1_275' title='bbox 562 4314 624 4377; x_wconf 90' lang='lat' dir='ltr'><strong>que</strong></span> <span class='ocrx_word' id='word_1_276' title='bbox 650 4299 815 4359; x_wconf 88' lang='lat' dir='ltr'><strong>constrare</strong></span> <span class='ocrx_word' id='word_1_277' title='bbox 842 4292 997 4358; x_wconf 86' lang='lat' dir='ltr'><strong>dicuntur</strong></span> <span class='ocrx_word' id='word_1_278' title='bbox 1021 4295 1055 4357; x_wconf 90' lang='lat' dir='ltr'><strong>in</strong></span> <span class='ocrx_word' id='word_1_279' title='bbox 1074 4291 1168 4356; x_wconf 89' lang='lat' dir='ltr'><strong>libris</strong></span> <span class='ocrx_word' id='word_1_280' title='bbox 1185 4291 1392 4359; x_wconf 88' lang='lat' dir='ltr'><strong>Cancellarie</strong></span> <span class='ocrx_word' id='word_1_281' title='bbox 1409 4293 1503 4378; x_wconf 85' lang='lat' dir='ltr'><strong>ipsius</strong></span> 
     </span>
     <span class='ocr_line' id='line_1_36' title="bbox 384 4399 1502 4484; baseline -0.001 -20"><span class='ocrx_word' id='word_1_282' title='bbox 384 4401 505 4464; x_wconf 90' lang='lat' dir='ltr'><strong>domini</strong></span> <span class='ocrx_word' id='word_1_283' title='bbox 521 4399 633 4480; x_wconf 90' lang='lat' dir='ltr'><strong>Ducis,</strong></span> <span class='ocrx_word' id='word_1_284' title='bbox 650 4421 789 4483; x_wconf 91' lang='lat' dir='ltr'><strong>quornm</strong></span> <span class='ocrx_word' id='word_1_285' title='bbox 804 4399 937 4484; x_wconf 88' lang='lat' dir='ltr'><strong>quidem</strong></span> <span class='ocrx_word' id='word_1_286' title='bbox 953 4406 1121 4482; x_wconf 85' lang='lat' dir='ltr'><strong>pactorum</strong></span> <span class='ocrx_word' id='word_1_287' title='bbox 1138 4401 1233 4483; x_wconf 86' lang='lat' dir='ltr'><strong>copia</strong></span> <span class='ocrx_word' id='word_1_288' title='bbox 1250 4406 1300 4464; x_wconf 87' lang='lat' dir='ltr'><strong>est</strong></span> <span class='ocrx_word' id='word_1_289' title='bbox 1314 4422 1412 4483; x_wconf 87' lang='lat' dir='ltr'><strong>penes</strong></span> <span class='ocrx_word' id='word_1_290' title='bbox 1423 4404 1502 4484; x_wconf 87' lang='lat' dir='ltr'><strong>ipsos</strong></span> 
     </span>
     <span class='ocr_line' id='line_1_37' title="bbox 383 4507 1503 4593; baseline -0.001 -21"><span class='ocrx_word' id='word_1_291' title='bbox 383 4507 531 4593; x_wconf 84' lang='lat' dir='ltr'><strong>Moysem</strong></span> <span class='ocrx_word' id='word_1_292' title='bbox 558 4515 591 4572; x_wconf 91' lang='lat' dir='ltr'><strong>et</strong></span> <span class='ocrx_word' id='word_1_293' title='bbox 615 4508 797 4588; x_wconf 86' lang='lat' dir='ltr'><strong>Nicolaum,</strong></span> <span class='ocrx_word' id='word_1_294' title='bbox 824 4509 997 4574; x_wconf 86' lang='lat' dir='ltr'><strong>secundum</strong></span> <span class='ocrx_word' id='word_1_295' title='bbox 1026 4508 1113 4591; x_wconf 89' lang='lat' dir='ltr'><strong>quod</strong></span> <span class='ocrx_word' id='word_1_296' title='bbox 1129 4508 1227 4572; x_wconf 92' lang='lat' dir='ltr'><strong>iidem</strong></span> <span class='ocrx_word' id='word_1_297' title='bbox 1244 4508 1376 4592; x_wconf 86' lang='lat' dir='ltr'><strong>Moyses</strong></span> <span class='ocrx_word' id='word_1_298' title='bbox 1392 4516 1424 4574; x_wconf 81' lang='lat' dir='ltr'><strong>et</strong></span> <span class='ocrx_word' id='word_1_299' title='bbox 1450 4507 1503 4572; x_wconf 88' lang='lat' dir='ltr'><strong>Ni-</strong></span> 
     </span>
    </p>
   </div>
   <div class='ocr_carea' id='block_1_5' title="bbox 0 0 1619 5262">
    <p class='ocr_par' dir='ltr' id='par_1_6' title="bbox 0 0 1619 5262">
     <span class='ocr_line' id='line_1_38' title="bbox 0 0 1619 5262; baseline 0 0"><span class='ocrx_word' id='word_1_300' title='bbox 0 0 1619 5262; x_wconf 95' lang='lat' dir='ltr'><strong> </strong></span> 
     </span>
    </p>
   </div>
  </div>
 </body>
</html>
