3254 5260
644 1445 672 1509 1.

12 1563 14 1682 1
106 1603 655 1692 Ε111110001011·ἰαὶ11010109,11οό011
672 1605 800 1692 Kdroly
814 1627 954 1691 maqyar
972 1600 1214 1692 kirdlynolcfla

227 1715 415 1779 Sicilidbnn
432 1737 453 1776 o
469 1703 1052 1799 lonay-irenddcselaoattatik.1342.

193 1889 349 1956 Edictum
367 1889 407 1954 de
422 1889 540 1954 militia
556 1885 691 1954 Andree
705 1888 809 1954 Ducis
825 1885 986 1954 Calabria.

193 1997 361 2063 Robertus
387 2003 447 2062 etc.
473 1997 629 2064 uniuersis
654 2003 822 2079 presentes
846 1997 979 2064 lieteras
1010 1998 1213 2080 inspecturis.
1338 2069 1345 2090 ³

12 2125 14 2176 ρ
103 2102 185 2169 Omni
200 2107 337 2190 negocio
353 2112 484 2188 tempus
503 2111 536 2170 et
552 2105 756 2188 oportunitas
773 2103 960 2188 requiritur,
984 2107 1215 2172 concionatore

12 2185 14 2216 ¹
102 2207 535 2295 SapientissimoRegeteste.
551 2211 639 2277 Nam
654 2211 732 2276 dum
747 2211 781 2276 in
797 2212 940 2295 negociis
956 2232 1021 2277 nou
1039 2219 1166 2297 tempus
1182 2219 1215 2278 et

98 2323 289 2402 oportunitas
304 2325 509 2403 expectatur,
526 2319 581 2384 sed
599 2320 682 2384 citra
698 2317 842 2384 debitum
858 2325 1034 2404 utrumque
1050 2319 1213 2394 accelera·

99 2424 175 2490 tione
189 2429 288 2493 nimia
312 2427 511 2509 presumitur,
527 2425 561 2490 id
586 2425 674 2509 quod
697 2425 860 2508 agendum
883 2425 970 2490 foret
986 2427 1154 2510 bonorum,
1170 2427 1214 2494 ad

99 2551 152 2614 que
168 2533 353 2598 ordinatum
370 2537 465 2614 esset,
482 2533 675 2598 destitutum
692 2531 860 2600 effectibus
885 2542 1079 2600 cassaretur.
1111 2533 1165 2600 Sic
1181 2541 1215 2601 et

12 2693 14 2708 .
98 2661 161 2704 cum
174 2640 407 2706 ultramodum
425 2640 576 2706 dilatoria
603 2640 822 2723 suspenditur,
847 2639 952 2706 simile
968 2644 1097 2724 patitur
1113 2641 1215 2708 detri-

12 2733 13 2736 '
96 2756 236 2813 mentum.
251 2749 393 2814 Fructus
408 2769 549 2831 namque
565 2748 697 2832 quando
723 2749 918 2813 immaturus
952 2751 1108 2833 carpitur,
1125 2769 1213 2813 acer-

12 2915 14 2924 ,
96 2852 324 2939 busgustatur;
356 2855 485 2940 quando
516 2876 592 2921 vero
622 2857 690 2920 eius
716 2849 866 2921 collectio
892 2856 968 2922 dum
993 2863 1139 2922 maturus
1164 2863 1214 2922 est

95 2964 270 3047 negligitur,
299 2963 421 3029 decidit
451 2986 516 3028 non
548 2963 696 3030 humanis
727 2963 837 3031 vsibus
869 2965 1095 3031 reseruandos.
1128 2961 1213 3029 Sane

12 3121 13 3128 r
94 3067 163 3135 licet
194 3093 241 3150 ea,
271 3094 332 3154 que
365 3071 408 3136 ad
439 3072 578 3136 honores
610 3080 643 3136 et
674 3070 842 3155 profectus
861 3073 1104 3138 carissimorum
1132 3069 1216 3134 filio·

12 3203 14 3268 1
94 3198 157 3241 mm
189 3185 372 3244 nostrorum
402 3179 505 3246 Ducis
531 3187 563 3245 et
587 3180 726 3245 Ducisse
768 3177 942 3258 Calabris,
977 3179 1086 3244 nullus
1117 3199 1215 3260 quam

12 3275 14 3336 ἶ
93 3306 148 3348 nos
179 3285 356 3352 feruentius
387 3295 527 3370 cuperet,
559 3309 631 3352 cum
663 3309 727 3353 non
761 3288 803 3350 sit
834 3308 925 3352 amor
955 3288 1012 3370 qui
1043 3291 1215 3370 paternum

12 3397 14 3488 s
92 3399 227 3474 superet,
243 3395 415 3476 nullusque
431 3416 491 3478 pro
507 3395 566 3478 hys
582 3397 628 3460 eis
638 3395 867 3461 delectabilius
878 3393 1118 3477 congauderem
1135 3393 1213 3460 dicti

12 3545 14 3584 ᾗ
90 3507 197 3565 tamen
223 3499 322 3566 Ducis
348 3502 482 3584 militie,
507 3510 540 3567 et
565 3503 737 3568 amborum
763 3500 1023 3568 confirmationis
1047 3503 1133 3567 inter
1159 3522 1214 3568 eos

12 3595 14 3628 ³
91 3610 245 3674 contracti
260 3611 456 3695 matrimonij
483 3613 654 3694 utriusque
680 3616 768 3677 etate
800 3615 931 3676 actenta
946 3617 1061 3675 tenera
1078 3616 1112 3676 et
1126 3611 1215 3674 inua-

12 3695 14 3768 ἶ
89 3715 160 3798 lida,
177 3717 338 3802 hucusque
355 3719 545 3802 solempnia,
556 3740 756 3802 quamquam
767 3739 972 3784 nosceremus
982 3717 1040 3782 illa
1056 3739 1077 3782 a
1092 3715 1213 3781 nostris

12 3863 13 3900 3
89 3820 214 3890 deuotis
230 3834 260 3892 et
273 3827 423 3895 fidelibus
440 3827 537 3892 auide
553 3827 674 3892 diutius
701 3825 894 3909 prestolata,
921 3825 961 3890 de
977 3825 1141 3890 industria
1157 3823 1213 3888 du·

12 3959 14 4012 5
88 3933 189 3998 ximus
207 3932 386 4018 deferenda,
404 3958 476 4001 curn
492 3937 572 4001 dicti
589 3935 692 4001 Ducis
710 3940 781 4000 etas
800 3933 957 3998 hacteuus
973 3953 1039 3997 non
1054 3929 1213 4015 suppetis-

12 4035 14 4064 '
88 4047 132 4105 set
147 4040 190 4106 ad
207 4043 360 4110 militaria
376 4045 534 4110 exercitia
550 4042 744 4122 incohanda,
759 4061 867 4124 neque
884 4043 1053 4124 utriusque
1071 4038 1213 4104 suffecis-

12 4147 14 4166 '
89 4155 133 4212 set
148 4147 193 4212 ad
210 4152 423 4229 generandum
439 4151 574 4235 prolem,
592 4157 649 4215 aut
664 4149 756 4215 illam
776 4153 1007 4233 procreassent
1022 4145 1163 4214 debilem
1179 4151 1214 4210 et

88 4254 263 4336 defectam3
294 4281 366 4324 cum
398 4260 608 4344 sequentibus
639 4258 799 4324 valentior
822 4263 856 4322 et
879 4255 1080 4339 prestantior
1095 4252 1215 4318 debeat

12 4431 14 4456 ᾖ
88 4369 193 4449 prima
209 4384 281 4430 esse.
296 4367 385 4433 Hinc
400 4375 573 4452 postquam
589 4367 662 4432 Rex
678 4368 747 4450 ipse
773 4366 869 4449 plura
897 4365 936 4430 de
952 4370 1100 4447 tempore
1116 4361 1214 4446 preli.

86 4475 231 4551 lauerat,
244 4473 381 4540 subdens
407 4477 543 4542 inscruit
568 4483 698 4560 tempus
723 4474 861 4556 ridendi,
886 4473 972 4538 idest
987 4469 1159 4556 gaudendj,
1175 4491 1214 4533 ne

1066 4575 1104 4645 l*
