3110 5248
593 317 690 378 1348.

555 579 558 592 ,
611 511 684 576 aar.

124 671 177 738 Vl.
195 671 347 738 Kelemen
358 659 521 762 pa'pdnolo
535 671 703 756 peccaui
728 671 755 734 I.
774 671 874 758 Lojoc
889 693 1029 767 maqyor
1045 669 1159 758 lcirdly

538 775 628 844 clleo.
646 780 741 845 1348.

179 937 338 1006 Clemens
368 939 553 1022 Episcopus
577 943 639 1006 etc.
662 937 782 1004 dilecto
808 935 875 1004 filio
900 937 1089 1006 Bertramo
1112 938 1204 1006 tituli

78 1044 188 1112 Sancti
204 1044 315 1116 Marci
332 1043 523 1112 Presbitero
549 1041 730 1129 Ourdinali,
755 1040 948 1129 Apostolice
964 1043 1059 1114 Sedis
1075 1045 1204 1132 Legato

77 1157 214 1220 satutem
228 1159 290 1222 etc
306 1150 421 1236 Nuper
438 1151 607 1218 carissimo
623 1154 658 1218 in
673 1149 808 1218 Obristo
824 1150 893 1219 filio
908 1159 1021 1219 nostro
1037 1153 1204 1222 leudorico

76 1258 157 1344 Regi
171 1259 325 1344 Vngarie
341 1258 471 1342 illustri,
481 1258 595 1342 aliqua
605 1258 698 1328 uobis
708 1265 778 1326 tam
788 1279 847 1344 per
855 1259 983 1328 litterae
993 1259 1205 1345 describenti,

76 1387 169 1453 quem
184 1387 246 1452 per
261 1364 410 1432 Nuncios
435 1385 518 1450 suos,
543 1366 613 1434 eius
638 1365 681 1432 ad
705 1387 765 1432 nos
780 1364 964 1434 deferentes
981 1366 1022 1434 de
1037 1366 1205 1436 credentis

76 1473 213 1557 litteras,
230 1474 407 1562 exponenti
421 1475 653 1562 rescripsimus,
669 1474 759 1557 quod
783 1480 821 1540 tu
837 1474 901 1541 sibi
917 1473 961 1542 ad
976 1496 1016 1541 ea
1030 1495 1093 1559 pro
1108 1481 1204 1560 parte

75 1587 185 1650 uestra
200 1581 304 1650 verbo
321 1581 373 1648 vel
388 1581 519 1665 litteris,
528 1587 587 1648 aut
596 1603 655 1670 per
665 1581 812 1651 Nuucics
823 1581 1046 1669 responderes.
1056 1581 1205 1651 Tandem
1310 1665 1314 1674 ἱ

9 1733 12 1744 ·
75 1687 136 1758 stb.
149 1690 269 1758 habita
284 1711 358 1758 cum
372 1688 531 1756 fratribus
543 1690 674 1774 nostris,
684 1690 921 1759 deliberatione
935 1689 1205 1760 maturaridetur

78 1797 165 1865 nobis
181 1807 216 1867 et
233 1799 357 1867 eisdem
372 1799 531 1866 fratribus
546 1801 677 1884 nonnis,
692 1798 762 1868 iore
776 1797 909 1885 prelato
934 1799 1028 1885 Regi,
1043 1805 1082 1867 ut
1096 1798 1205 1868 subse·

76 1906 192 1990 quitur,
217 1906 484 1992 respondendum
500 1905 548 1972 m
562 1907 670 1992 primo
686 1907 728 1974 ad
744 1907 787 1988 id,
812 1905 900 1993 quod
922 1906 1008 1973 idem
1023 1906 1097 1973 Rex
1112 1905 1206 1974 nobis

76 2013 212 2098 scripsit,
230 2013 425 2099 suppliciter
440 2014 620 2099 postulans,
635 2020 673 2082 ut
696 2016 757 2082 tibi
779 2015 830 2081 vel
845 2015 945 2082 alteri
961 2013 1206 2082 coronationem

9 2203 10 2206 Ἴ
77 2122 352 2188 committeremus
360 2121 464 2205 ipsius
472 2122 543 2189 stbr
551 2143 612 2189 nos
621 2122 773 2190 lubenter
782 2121 1032 2208 vellemusquod
1041 2120 1205 2190 idemltex

9 2291 10 2294 ,
78 2225 224 2314 vagaris
242 2227 419 2314 diligenter
435 2230 633 2316 attenderet,
648 2231 797 2316 qualiter,
813 2253 887 2299 curn
902 2230 959 2315 qui
974 2251 1045 2298 rem
1059 2227 1206 2315 aliquam

9 2359 14 2366 ¹
78 2359 139 2403 non
167 2342 345 2422 expectata
370 2340 533 2406 sententia
561 2338 726 2424 judicialis
756 2339 875 2405 arbitri
906 2340 1101 2406 auctoritate
1132 2358 1205 2423 pro·

79 2444 150 2528 pria
180 2447 360 2529 occuparit,
390 2454 459 2512 tam
491 2447 603 2513 civiles
633 2467 731 2532 quam
755 2447 911 2513 canonice
940 2446 1126 2514 sanctiones
1157 2441 1206 2510 rei

78 2560 234 2637 occupate
260 2553 393 2637 privant
418 2551 562 2620 dominio
588 2559 622 2620 et
643 2554 724 2636 iure,
748 2555 881 2638 siquod
905 2553 968 2620 sibi
992 2553 1027 2618 in
1042 2573 1081 2619 ea
1096 2552 1147 2618 vel
1163 2552 1206 2618 ad

79 2681 147 2726 eam
180 2661 426 2746 quomodolibet
464 2663 672 2748 competebat
703 2664 765 2730 stb.
798 2663 886 2730 Item
917 2663 1106 2747 requiratur
1136 2659 1206 2742 ipse

78 2767 157 2852 Rex,
180 2775 219 2834 nt
244 2769 382 2836 deuotus
414 2772 516 2854 ipsius
541 2771 687 2838 Ecclesie
711 2771 798 2838 filius
823 2791 959 2854 operum
983 2770 1205 2853 experimento

9 2867 11 2872 ’
78 2877 245 2964 probetur,
269 2877 356 2960 quod
380 2878 423 2945 ab
449 2881 537 2944 omni
562 2881 733 2961 innomine,
759 2878 881 2946 auxilio
896 2885 930 2944 et
945 2878 1056 2945 favore
1071 2876 1141 2943 viro
1156 2873 1205 2940 illi

9 3037 10 3040 ,
79 3004 217 3068 nequam
248 2982 388 3050 Nicolao
414 2985 588 3052 Laurentii
614 2987 679 3052 ciui
703 2987 853 3054 Romano
879 2985 1156 3051 excommunicato
1173 2987 1207 3047 et

81 3099 228 3175 suspecto
244 3091 450 3158 vehementer
466 3091 506 3159 de
523 3093 641 3176 heresi,
655 3114 695 3159 ac
709 3095 835 3160 utinam
851 3113 916 3168 non
927 3089 1057 3173 infecto,
1073 3090 1206 3173 eiusque

81 3198 272 3283 sequacibus
294 3205 394 3283 atque
418 3198 605 3267 fautoribus
621 3201 838 3286 impendendo
863 3217 998 3284 prorsus
1030 3197 1206 3277 abstineat,

84 3307 269 3389 quinimmo
280 3306 456 3373 Nicolaum
473 3309 620 3390 eundem,
631 3312 689 3394 qui
698 3332 755 3394 per
771 3308 904 3393 aliquod
910 3315 1039 3395 tempus
1049 3305 1154 3373 fertur
1172 3306 1207 3371 in

82 3411 226 3481 Ciuitate
250 3412 474 3498 Neapolitana
498 3418 667 3499 mansisse,
684 3418 756 3502 cepi
767 3415 878 3503 iaciat,
895 3419 929 3481 et
944 3421 1076 3500 captum
1084 3414 1128 3479 ad
1137 3433 1206 3494 nos,

83 3521 132 3587 vel
142 3522 231 3591 edte
241 3524 375 3590 mittere
386 3524 526 3607 studeat,
536 3546 596 3609 pro
613 3524 678 3591 suis
689 3524 854 3592 demeritis
862 3544 964 3608 penas
980 3527 1205 3608 recepturum

82 3630 281 3698 ostendendo
298 3631 369 3713 sibi,
381 3651 480 3715 quam
496 3633 715 3717 periculosum
730 3639 817 3698 esset
832 3631 945 3713 eidem,
962 3637 995 3696 et
1008 3651 1105 3713 quam
1132 3649 1206 3713 gre·

83 3745 195 3805 uomet
206 3739 470 3806 inextricabilem
487 3739 727 3822 quodammodo
742 3739 906 3806 maculam
915 3741 948 3804 in
960 3757 1019 3804 sua
1034 3737 1142 3821 gloria
1152 3757 1207 3821 po·

9 3927 11 3938 i
83 3852 181 3928 neret,
208 3847 236 3912 si
262 3852 413 3931 suspecto
439 3847 479 3914 de
504 3847 619 3932 heresi,
643 3854 682 3914 ut
695 3846 867 3932 prefertur,
892 3846 1029 3927 faueret,
1044 3844 1103 3927 sel,
1120 3841 1208 3928 quod

84 3955 177 4036 absit,
188 3954 433 4040 quomodolibet
448 3953 628 4022 adhereret.
639 3954 845 4022 Ostendetur
855 3953 988 4039 insuper
998 3951 1103 4018 eidem
1112 3950 1208 4035 Regi,

84 4067 158 4146 quot
189 4068 225 4127 et
255 4068 379 4145 quauta
404 4069 438 4127 et
462 4083 561 4146 quam
584 4063 698 4147 gravia
723 4061 865 4146 dampna
882 4062 915 4126 in
931 4059 1087 4145 personis,
1113 4059 1207 4126 bonis

86 4171 239 4252 atrebas,
255 4171 351 4236 terris
362 4170 509 4237 Eccleaie
524 4169 573 4236 illi
589 4172 649 4236 viri
665 4191 812 4256 nequam,
822 4169 1017 4254 perditionis
1037 4167 1106 4248 filii,
1130 4166 1207 4233 Dux

86 4275 254 4346 Varncrus
272 4283 305 4345 et
320 4277 386 4360 elii,
398 4279 536 4362 quicum
555 4298 592 4344 eo
602 4279 645 4345 ad
656 4278 800 4345 eiusdem
809 4278 911 4362 Regis
921 4276 1083 4361 stipendia
1092 4275 1127 4341 in
1136 4295 1207 4358 pre·

85 4385 203 4453 dictum
217 4385 373 4470 Regnum
389 4385 509 4466 Sicilie,
525 4392 690 4469 venerant,
707 4387 797 4453 nulla
813 4384 1018 4452 diffidatione
1036 4383 1204 4467 premissa,

86 4493 196 4577 ordini,
207 4493 289 4560 etati
298 4494 350 4560 vel
359 4493 448 4560 sexui
459 4493 590 4559 minime
607 4491 791 4574 deierando,
802 4499 871 4558 tam
887 4491 1117 4574 inhumaniter,
1126 4495 1207 4556 tam·
