3166 5256
1 795 2 810 t

1 815 3 844 l

591 646 643 708 60.

67 802 112 866 De
125 799 315 866 carcedone
330 801 485 867 Galloni
508 803 550 884 (l.
567 805 597 868 Ι.
613 805 674 869 lodi.
690 807 766 872 348.
782 801 819 889 l.)
844 805 1012 873 ddlosztott
1044 809 1184 873 osanddi

66 907 191 995 pupula,
205 907 289 972 mint
304 909 444 994 apostoli
459 911 598 976 nuncius
623 913 947 1000 Mopyarorsquban
971 916 1005 978 ds
1033 915 1183 1002 Lenpyel·

466 1020 653 1106 orszciqbun.
670 1021 767 1084 1344.

1 1141 2 1156 χ
54 1183 57 1187 ’
161 1173 312 1242 Clemens
336 1175 519 1262 Episcopus
545 1185 604 1243 eto.
629 1177 749 1247 dilecto
774 1181 843 1248 filio
869 1179 1042 1250 Gelhordo
1067 1181 1182 1248 Eleoto

1 1365 2 1376 ἵ
68 1281 250 1349 Censdionsi
277 1283 312 1346 in
337 1283 489 1367 pertibus
513 1283 703 1369 Regnorum
727 1285 876 1372 Vngarie
891 1295 924 1354 et
939 1287 1075 1355 Polonie
1091 1285 1181 1373 Apo-

1 1381 2 1463 ,
67 1389 165 1454 stolice
190 1388 290 1455 Sedis
314 1389 446 1456 Nuncio
471 1388 610 1457 salutem
635 1399 694 1458 etc.
726 1389 813 1460 Tam'
825 1394 886 1460 tibi
901 1417 1000 1480 qnam
1017 1395 1181 1461 nonnullis
1295 1440 1303 1454 .

65 1495 129 1562 eliis
142 1518 199 1580 per
213 1496 322 1563 felicis
347 1481 585 1564 recordationis
607 1498 795 1568 Johsnnem
820 1501 944 1569 XXII.
970 1509 1002 1568 et
1026 1500 1182 1568 Benedic-

65 1611 123 1669 tnm
138 1603 219 1670 ΧΠ,
235 1605 413 1671 Romanos
429 1604 603 1671 Pontifices
627 1606 670 1673 ed
695 1615 807 1691 portes
824 1609 972 1694 Vngsrie
988 1615 1022 1675 et
1037 1609 1183 1691 Polonie‚

1 1784 2 1814 ἶ
63 1733 97 1778 so
110 1710 187 1776 alins
203 1712 331 1778 eisdem
346 1711 473 1794 Regnis
489 1712 611 1779 nioinss
625 1735 686 1797 pro
703 1713 843 1781 diuersis
873 1715 1021 1782 Ecclesie
1036 1717 1184 1784 Romane

65 1841 98 1885 ao
111 1816 302 1903 Apostolice
318 1819 457 1886 Comere
481 1821 620 1905 negotiis
645 1821 767 1887 dudum
792 1821 932 1889 diuersis
947 1823 1071 1890 vicibus
1088 1823 1185 1889 desti·

65 1927 149 2006 natis,
164 1926 298 1992 diuerso
315 1926 425 1992 littere
449 1924 642 2010 Apostoliee
669 1927 793 1995 directo
817 1929 959 1997 fuerunt.
976 1928 1060 1996 Cum
1076 1939 1184 1997 autem

1 2049 2 2122 ᾗ
64 2034 208 2100 nonnulla
225 2056 266 2099 ex
292 2033 417 2100 eisdem
441 2035 581 2120 negotijs
605 2057 664 2118 pro
689 2043 758 2103 toto
783 2037 834 2104 vel
858 2059 920 2123 pro
944 2042 1039 2122 perte
1054 2044 1182 2103 restare

64 2143 252 2226 complenda,
270 2142 359 2208 sicut
373 2141 601 2226 intelleximus,
626 2143 856 2210 dinoscantur:
882 2147 951 2214 Nos
967 2145 1112 2211 volentes
1129 2166 1181 2211 es·

61 2249 194 2315 rumdem
209 2249 362 2338 Ecclesie
378 2271 418 2315 eo
433 2247 571 2316 Camere
602 2250 900 2334 indemnitatibus,
917 2252 1003 2317 sicut
1018 2273 1057 2317 ex
1073 2250 1183 2318 debito

1 2370 2 2450 J
60 2355 231 2422 Psstorslis
247 2361 403 2422 tenemur
419 2355 528 2442 officij,
542 2358 726 2441 prouidere,
741 2366 783 2442 te,
799 2359 841 2425 de
857 2360 948 2426 cuius
963 2359 1134 2425 fidelitatis
1150 2365 1183 2425 et

1 2506 3 2522 t
62 2463 356 2549 circumspectionis
371 2463 532 2530 industris
556 2464 686 2548 plenam
711 2463 746 2529 in
770 2461 913 2531 Domino
930 2465 1084 2533 fiduciam
1100 2466 1184 2548 geri·

1 2568 2 2630 i
58 2593 130 2653 mus,
144 2572 187 2637 sd
201 2573 326 2656 Regna
342 2578 376 2636 et
390 2577 504 2655 partes
519 2570 667 2655 predicto
683 2592 743 2654 pro
758 2571 823 2637 hiis
839 2579 872 2638 et
896 2572 1091 2656 quibusdam
1108 2573 1183 2658 elijs

58 2679 194 2764 negotijs,
209 2700 272 2745 nos
289 2699 330 2744 ac
345 2676 528 2745 Ecclesiam
543 2683 576 2744 et
591 2675 765 2758 Carnorum
781 2679 946 2763 predictos
970 2679 1181 2764 tangentibus

59 2787 248 2867 providimus
264 2785 508 2852 destinandum.
523 2783 572 2854 Vt
588 2790 698 2853 eutem
713 2788 845 2870 negotia
871 2786 1055 2855 huiusmodi
1072 2786 1183 2852 utilius

58 2895 200 2979 prosequi
216 2893 333 2961 vsless
349 2899 382 2958 et
397 2892 567 2977 complere,
589 2893 722 2960 litteras
748 2893 962 2978 supradictas,
979 2901 1011 2959 et
1028 2900 1182 2961 contente

1 3031 3 3094 p
57 2999 160 3080 ineis,
185 3020 468 3086 quorumcumque
493 3005 644 3066 tenorum
670 3001 832 3082 existent,
858 3022 955 3086 super
987 3001 1134 3068 omnibus
1151 3007 1183 3066 et

58 3107 192 3190 singulis,
208 3130 275 3192 que
292 3106 334 3172 de
350 3107 489 3192 negotijs
505 3107 585 3192 ipsis
602 3113 729 3182 restore
744 3107 917 3191 repereris
926 3129 987 3192 pro
1001 3115 1072 3175 toto
1088 3108 1139 3172 sel
1148 3109 1182 3174 in

55 3223 147 3298 ports,
171 3225 207 3280 nt
232 3214 413 3300 prefertur,
441 3213 570 3299 agenda
596 3216 721 3300 exequi,
746 3221 780 3280 et
805 3215 851 3280 eis
868 3216 913 3279 vti
929 3215 1139 3298 plenissimae
1155 3215 1183 3281 si

1 3304 2 3338 ³
55 3322 105 3389 tibi
120 3323 256 3408 directe,
272 3323 476 3404 nominatim,
507 3323 691 3407 specialiter
722 3329 754 3388 et
771 3343 927 3407 expresse
958 3323 1107 3406 luissent,
1130 3329 1181 3389 tu·

55 3451 109 3514 que
126 3453 224 3517 super
242 3431 406 3498 contentis
422 3430 535 3498 inillis
551 3431 776 3516 processisses,
809 3452 866 3497 seu
882 3430 1057 3514 incepisses
1073 3451 1184 3513 proce·

55 3541 129 3620 dere,
143 3543 240 3607 iuste
258 3541 378 3607 seriem
394 3547 426 3605 et
441 3548 586 3606 tenorem
618 3539 750 3606 illorum
767 3545 799 3604 et
815 3539 991 3605 cuiuslibet
1007 3537 1184 3604 earundem

54 3647 162 3729 mices,
178 3649 317 3734 plenam
334 3648 522 3714 discretioni
545 3653 600 3713 tue
625 3647 828 3714 concedimus
845 3655 958 3712 tenore
983 3648 1184 3730 presentium

54 3755 250 3827 facultatem.
279 3756 406 3824 Datum
430 3754 596 3822 Asinione
620 3753 688 3821 III.
704 3777 806 3822 nonas
830 3752 1030 3822 Novembris
1047 3752 1184 3819 Pontifi-

55 3871 137 3934 cetns
152 3870 263 3937 nostri
280 3887 367 3934 anno
383 3863 490 3930 tertio.

320 4027 380 4088 (VI.
392 4029 525 4081 Kelemon
537 4025 669 4096 pspdnsk
688 4025 878 4094 regestdibol.)
