3110 5248
578 319 672 380 1348.
1123 320 1185 385 311

7 455 9 498 ³
69 514 166 560 esrum
180 499 289 561 tenent
314 501 348 560 et
372 493 549 577 possident.
575 493 661 560 Item
686 493 774 580 qnod
791 494 943 578 quelibet
957 497 1102 580 partium
1117 515 1187 580 pre·
1305 501 1326 522 “·

7 673 9 676 ,
69 600 212 668 dictarum
227 607 260 668 et
276 624 389 670 earum
405 601 529 668 subditi
546 608 579 667 et
599 601 721 684 fideles,
738 609 772 669 et
788 602 973 689 quicunque
992 603 1050 670 alii
1068 625 1186 689 supra-

69 708 166 794 scripti
181 709 305 794 possint
322 715 357 776 et
372 711 504 776 valeant
521 710 578 792 ire,
595 712 743 794 transire,
767 715 857 776 stare
875 718 908 776 et
924 708 1032 777 redire
1047 732 1106 795 per
1122 717 1186 776 ter·

68 837 127 880 ram
150 817 197 882 rel
220 839 279 902 per
304 838 425 904 equam
452 818 557 883 securi
573 824 608 883 et
623 819 691 884 sine
717 818 960 902 impedimento,
976 821 1139 903 gravitate
1155 821 1188 884 et

67 923 170 990 damno
193 947 252 1010 per
279 945 412 993 eausam
439 925 664 1010 predictarum
680 931 712 992 et
727 925 900 992 cuiuslibet
916 947 1038 1008 earum,
1055 932 1087 992 et
1102 925 1187 1010 ipsa·

67 1052 128 1096 rum
142 1035 291 1116 omniurn,
316 1041 349 1098 et
375 1033 589 1115 subditorum,
605 1032 760 1115 fidelium,
778 1032 973 1100 devotorum
988 1040 1022 1100 ct
1038 1031 1187 1102 obedien·

5 1121 7 1152 ⁷
67 1139 138 1206 tium
152 1140 385 1224 predictorum.
399 1141 487 1208 Item
503 1141 591 1226 quod
608 1141 726 1208 Comes
741 1140 866 1226 Paulus
892 1139 1001 1224 Olmie,
1021 1139 1187 1208 Scardone

66 1251 94 1314 et
106 1245 251 1314 Dalmisii
269 1271 342 1316 cum
358 1249 435 1334 suis,
452 1257 573 1316 etcum
600 1248 694 1316 bonis
721 1254 755 1315 et
776 1233 865 1330 locis,
883 1270 946 1332 que
962 1253 1051 1316 tenet
1067 1253 1101 1316 et
1115 1271 1187 1334 pos·

66 1354 150 1438 sidet,
173 1355 216 1421 sit
240 1362 273 1422 et
298 1375 369 1424 esse
394 1357 513 1424 debeat
538 1358 571 1422 in
588 1357 733 1443 treuguis
750 1355 958 1442 supradictis.
974 1357 1021 1422 Ilt
1036 1355 1187 1441 predicta

65 1462 163 1528 onmia
186 1469 219 1528 et
246 1464 377 1550 singula
401 1466 620 1548 promiserunt
636 1462 817 1546 attendere,
833 1469 867 1530 et
881 1460 1115 1528 inuiolabiliter
1130 1459 1187 1527 ob·
1213 1459 1220 1469 '

65 1589 182 1636 serrare
199 1576 232 1636 et
247 1593 313 1637 non
329 1571 550 1639 contrafacere
569 1573 618 1638 vel
635 1573 744 1639 venire
761 1571 875 1654 aliqua
887 1571 1016 1637 ratione
1025 1570 1076 1635 vel
1088 1589 1186 1635 carrea

4 1739 5 1744 ,
65 1675 181 1761 dejure
197 1676 247 1744 vel
262 1678 304 1742 de
319 1675 407 1745 facto
424 1679 482 1745 sub
499 1701 586 1764 pena
611 1684 741 1746 centum
768 1699 955 1745 marcarum
971 1675 1185 1761 stipulatione

4 1845 5 1850 ,
67 1785 216 1866 premissa
240 1785 365 1852 totiens
392 1788 636 1870 committenda,
651 1787 801 1873 quotiens
817 1783 918 1855 luerit
933 1783 1185 1866 contrafactum

3 1905 5 1968 ζ
64 1895 93 1954 et
106 1891 211 1958 soluta
226 1893 277 1959 rel
292 1913 357 1959 non
375 1895 483 1962 soluta
509 1895 660 1980 predicta
684 1897 793 1963 omnia
809 1900 842 1960 et
858 1893 987 1977 singula
1002 1889 1097 1956 firma
1113 1913 1185 1976 per-

64 1994 172 2066 durent
187 2006 220 2066 et
234 2001 470 2070 inviolabiliter
495 2003 721 2084 observentur,
748 2003 916 2087 obligante
941 2023 1008 2066 una
1026 2003 1122 2084 parte
1139 1999 1185 2065 al·

3 2093 4 2100 ἵ
64 2107 119 2172 teri
133 2110 317 2176 nominibus
333 2113 508 2179 antedictis
533 2113 595 2179 sibi
621 2112 763 2180 vicissim
789 2133 849 2197 per
866 2109 1064 2194 solempnem
1082 2109 1184 2191 stipu-

63 2211 205 2282 lationem
231 2218 340 2284 omnia
362 2219 451 2285 bona
476 2219 639 2288 dictarum
663 2220 809 2304 partium
825 2224 858 2284 et
875 2216 1047 2284 cuiuslibet
1063 2235 1183 2297 earum,
1242 2237 1248 2249 “

64 2320 188 2388 mobilia
202 2329 235 2389 et
250 2325 439 2408 immobilia,
455 2328 620 2411 presentia
636 2333 669 2393 et
684 2326 804 2393 futura
830 2325 918 2393 Item
934 2323 1023 2409 quod
1039 2319 1184 2391 Serenis-

2 2485 3 2504 2
64 2430 155 2497 simus
170 2431 320 2499 dominus
331 2433 404 2500 Rex
413 2436 588 2520 promittat
604 2443 637 2502 et
649 2435 748 2520 juret,
764 2439 798 2500 et
813 2434 1007 2520 promittere
1025 2437 1058 2498 et
1069 2431 1184 2517 jurare

1 2573 3 2625 5
66 2535 156 2604 faciat
170 2542 285 2626 viginti
302 2543 343 2609 de
358 2543 536 2612 maioribus
552 2543 740 2610 Beronibus
756 2549 789 2609 et
805 2539 1011 2608 Consiliariis
1022 2539 1098 2622 suis,
1112 2559 1183 2624 pre·

1 2649 3 2736 l
70 2643 151 2713 dicta
166 2649 274 2716 omnia
283 2655 318 2715 et
328 2650 459 2737 singula
469 2648 703 2718 inuiolabiliter
718 2649 891 2718 observare
906 2653 939 2716 et
953 2647 1061 2714 facere
1076 2645 1185 2712 obser·

64 2753 133 2819 vari.
148 2756 191 2823 llt
207 2757 320 2824 eodem
335 2759 433 2825 modo
448 2760 537 2845 qnod
552 2759 693 2826 Inclitus
710 2759 859 2826 dominus
873 2757 950 2826 Dux
964 2755 1135 2842 promittat
1150 2758 1184 2820 et

1 2865 2 2872 ’
61 2860 150 2946 juret,
164 2870 196 2929 et
210 2866 404 2948 promittere
421 2872 454 2933 et
466 2868 580 2952 jurare
596 2867 697 2934 iaciat
712 2867 828 2952 viginti
839 2865 878 2933 de
889 2863 1068 2950 majoribus
1084 2859 1183 2930 Sena·

1 2967 2 3044 f
64 2969 178 3038 toribus
194 2978 228 3039 et
244 2969 450 3042 Consiliariis
466 2975 532 3040 suis
547 2975 696 3059 predicta
706 2980 815 3042 omnia
825 2981 858 3042 et
868 2972 996 3060 singula
1014 2969 1183 3038 inviolabi-

63 3075 131 3146 liter
154 3080 327 3148 observare
352 3089 386 3148 et
411 3081 519 3150 lacere
544 3083 719 3151 observari.
734 3084 781 3150 Et
797 3084 838 3150 de
855 3081 1013 3168 predictis
1028 3079 1110 3146 fiant
1126 3098 1181 3163 pa·

63 3190 159 3253 tentes
174 3189 282 3256 littere
297 3191 374 3256 hino
390 3197 424 3257 et
441 3191 517 3256 inde
537 3193 661 3258 munite
677 3190 792 3276 sigillis
810 3197 843 3256 et
858 3189 957 3257 bullis
983 3185 1180 3254 authenticis

64 3299 92 3359 et
106 3297 184 3362 reris
200 3299 307 3383 partis
332 3299 508 3368 cuiuslibet
532 3299 754 3386 predictarum
769 3299 847 3364 hinc
876 3297 920 3364 ad
944 3295 1064 3362 festum
1079 3292 1181 3360 Beati

63 3399 221 3473 Francisci
252 3403 455 3474 Confessoris
487 3409 632 3492 proxime
657 3413 827 3473 venturum
851 3403 939 3490 quod
965 3407 1015 3469 est
1039 3401 1091 3468 die
1119 3397 1181 3466 IV.

64 3505 204 3580 Octobris
218 3515 366 3600 proxime
391 3517 626 3602 subsequentis.
642 3515 727 3582 item
744 3537 784 3581 ex
801 3535 887 3581 nunc
903 3512 984 3580 dicti
1000 3507 1133 3596 Syndioi
1148 3513 1182 3572 et

64 3615 289 3690 Procuratores
313 3623 499 3691 nominibus
524 3623 722 3709 supradictis
739 3631 773 3689 et
788 3622 986 3690 auctoritate
1007 3617 1102 3684 eisin
1118 3616 1182 3683 hoc

63 3733 247 3814 competenti
256 3731 342 3798 inter
352 3754 386 3799 se
396 3733 610 3799 communiter
619 3738 651 3798 et
660 3730 864 3798 concorditer
880 3729 1101 3804 firmaverunt,
1116 3727 1182 3790 sta-

64 3839 183 3905 tuerunt
197 3847 230 3905 et
246 3840 488 3923 ordinaverunt,
505 3839 594 3925 quod
608 3847 744 3926 treugue
754 3839 900 3926 predicte
911 3839 944 3903 in
956 3833 1181 3921 suprascripta

64 3943 159 4013 forme
181 3968 221 4012 ex
245 3968 331 4015 nunc
357 3949 421 4014 sint
445 3955 479 4014 et
502 3947 735 4015 inviolabiliter
761 3949 972 4015 observentur
998 3963 1056 4029 per
1072 3939 1178 4006 dictas

63 4062 162 4138 partes
177 4079 280 4142 usque
305 4057 348 4124 ad
372 4057 547 4124 terminum
564 4057 790 4142 supradictum
806 4057 904 4123 Beati
921 4051 1090 4122 Francisci
1106 4068 1180 4132 pro·

63 4163 139 4245 ximi,
154 4187 256 4249 usque
282 4165 325 4231 ed
351 4185 448 4248 quem
465 4164 652 4232 ordinatum
669 4171 727 4247 est,
743 4167 777 4230 in
794 4164 943 4250 predicta
957 4162 1029 4228 fieri
1045 4165 1078 4226 et
1094 4177 1180 4223 com-

64 4272 135 4353 pleri
151 4295 209 4357 per
224 4274 424 4360 principales
440 4295 596 4359 personas
612 4281 645 4341 et
661 4281 774 4359 partes
784 4273 961 4360 predictas,
976 4276 1015 4337 ut
1031 4264 1180 4352 superius

65 4385 107 4444 est
121 4403 313 4468 expressum.
338 4384 385 4449 Et
409 4383 437 4448 si
458 4383 645 4468 juramenta
661 4388 693 4449 et
709 4381 937 4468 promissiones
954 4377 1099 4465 predicte
1115 4391 1180 4438 non

65 4487 167 4556 fierent
190 4513 249 4577 per
265 4491 371 4558 dictas
386 4493 583 4580 principales
608 4512 763 4578 personas
779 4491 822 4558 ad
837 4493 1013 4560 terminum
1030 4478 1180 4572 supradi-
