3134 5252
577 313 671 377 1347.
1118 313 1182 376 alr

10 470 13 546 l
72 490 214 558 credimus
228 497 262 556 et
278 499 427 558 tenemus
437 491 579 572 indubie,
592 489 680 578 quod
689 494 834 556 nostrum
843 489 997 556 honorem
1013 496 1046 555 et
1062 497 1183 557 etatum

10 587 12 612 ¹
70 599 94 663 iu
106 621 178 666 casu
193 600 343 684 quolibet
359 598 475 683 diligit,
500 619 596 684 quem
612 619 684 664 vere
700 603 810 682 potest
827 599 998 683 proprimn
1014 608 1179 684 reputare,

10 707 16 784 ζ’
72 713 96 771 et
106 705 269 786 habemus,
294 708 382 790 qnod
397 707 637 792 sapientissime
652 713 685 772 et
702 729 741 774 ex
757 705 842 772 bono
869 705 939 772 zelo
957 713 991 773 et
1005 705 1069 771 fide
1086 707 1184 790 dicat,

10 817 12 858 ³
70 821 254 897 eputamus
267 836 339 882 esse
369 816 492 895 melius,
517 813 709 900 quodfacto
733 816 860 881 unionis
886 821 920 880 et
945 813 1010 898 lige
1025 836 1085 898 pro
1112 836 1185 901 pre·

10 949 13 1020 3
70 923 140 986 senti
155 929 299 1006 tempore
326 931 517 990 remaneant
531 925 565 989 in
590 923 745 1007 pendenti
771 931 805 988 et
830 927 966 990 secreta.
989 922 1036 989 Et
1061 925 1105 990 ad
1121 924 1185 990 lae·

10 1027 12 1094 Ϊ
71 1035 135 1109 tum,
157 1031 243 1113 quod
271 1031 391 1114 tangit,
414 1030 512 1116 quod,
536 1033 564 1096 si
604 1031 699 1098 nohis
723 1030 877 1115 placeret,
900 1031 1125 1115 interponeret
1151 1053 1185 1098 se

10 1103 13 1228 l
70 1136 192 1202 libenter
215 1159 277 1222 pro
300 1137 562 1205 reconciliatione
594 1139 678 1204 inter
693 1139 818 1224 Regem
849 1137 1021 1223 Hungarie
1053 1144 1086 1203 et
1116 1159 1184 1219 noe,

10 1237 14 1340 l
72 1244 252 1311 confidentes
277 1245 320 1310 de
344 1247 413 1330 ipso
439 1245 523 1330 plus,
547 1266 645 1328 quam
670 1245 782 1329 aliquo
813 1244 967 1332 Principe
987 1245 1034 1311 vel
1052 1245 1184 1311 domino

10 1373 14 1522 ι
73 1353 178 1432 nundi,
200 1351 296 1420 uobis
312 1353 421 1437 placet
445 1358 478 1418 et
503 1374 613 1419 sumus
637 1353 777 1418 multum
792 1355 945 1434 contenti,
970 1352 1058 1436 quod
1083 1353 1187 1436 possit

13 1506 19 1517 .
73 1459 221 1542 perillum
238 1459 380 1541 modum,
404 1461 459 1544 qui
474 1461 505 1525 ei
519 1459 636 1526 melius
652 1459 825 1544 videbitur,
849 1481 883 1526 se
910 1459 1128 1526 intromittere
1145 1459 1185 1524 de

72 1566 280 1651 pacificatione
299 1569 389 1633 inter
412 1569 517 1652 ipsum
536 1566 662 1650 Regem
690 1575 723 1633 et
746 1588 816 1648 noe,
839 1573 873 1632 et
898 1567 986 1651 quod
1004 1567 1186 1652 persentiat

10 1709 12 1768 p
72 1674 103 1740 de
116 1675 276 1741 voluntate
293 1683 327 1742 et
342 1676 523 1741 intentione
549 1696 617 1755 sua,
641 1682 674 1740 et
699 1675 800 1756 nobis,
825 1697 923 1760 qnam
949 1676 1049 1742 cicius
1069 1679 1185 1760 potest,

10 1799 13 1946 p
73 1788 167 1848 notum
190 1782 300 1862 faciat,
325 1791 362 1846 ut
386 1784 468 1848 scire
494 1782 671 1864 valeamus,
695 1783 773 1866 quid
804 1805 865 1868 pro
890 1781 1013 1850 honore
1039 1789 1072 1848 et
1099 1783 1183 1848 bono

74 1897 169 1956 nostro
199 1890 375 1975 superinde
401 1890 508 1956 lacere
534 1891 730 1970 habeamus;
753 1889 1053 1956 recommendantes
1080 1888 1185 1955 eidem

10 1953 12 2108 l
73 1995 209 2062 honorem
225 2005 259 2062 et
283 1996 373 2064 facta
397 2005 513 2063 nostra
537 1999 571 2062 iu
597 1997 746 2081 quolibet
771 2020 856 2080 casu,
882 1999 970 2064 velut
996 1997 1131 2083 speciali
1153 2003 1186 2061 et

10 2115 13 2196 t
74 2105 171 2169 intimo
186 2106 300 2186 amico,
327 2124 424 2187 quem
457 2125 531 2170 eum
556 2112 745 2188 reputamus
777 2111 809 2171 et
840 2105 1038 2172 intendimus
1058 2125 1187 2188 semper

10 2197 18 2318 Ι,
72 2219 217 2294 reputare.
241 2211 290 2277 Et
321 2211 485 2278 scribatur
511 2211 652 2295 dompno
684 2211 789 2292 Helie,
813 2213 900 2298 quod
926 2211 1056 2298 placeat
1077 2231 1111 2280 se
1128 2214 1186 2278 ite·

10 2319 11 2322 ’
72 2341 131 2384 rum
145 2318 284 2402 fatigare
314 2319 358 2385 ad
383 2319 549 2385 dominum
574 2318 712 2404 Banum,
735 2327 770 2386 et
794 2320 900 2386 facere
932 2323 962 2387 ei
999 2321 1099 2387 istem
1129 2339 1185 2385 no·

73 2430 161 2490 stram
175 2429 426 2512 responsionem,
450 2434 484 2492 et
509 2428 597 2511 qnod
628 2427 722 2494 nobis
753 2427 855 2494 faciat
887 2433 1000 2494 notum
1031 2427 1184 2494 continue

73 2536 170 2613 totum,
194 2534 283 2618 quod
298 2533 342 2599 ab
358 2555 396 2599 eo
411 2532 567 2600 habuerit
582 2535 755 2618 superinde
773 2535 822 2601 vel
842 2536 911 2601 aha
925 2535 996 2602 sine
1018 2533 1185 2601 dilatione.

73 2637 110 2702 llt
136 2640 317 2708 scribantur
342 2643 402 2708 hec
426 2640 590 2725 Nicolino,
614 2647 647 2708 et
663 2642 750 2726 quod
785 2650 939 2727 procuret
954 2665 1027 2710 cum
1044 2641 1186 2726 dompno

75 2741 166 2828 Helia,
189 2747 277 2831 quod
304 2747 405 2814 vadat
435 2755 467 2814 et
496 2749 605 2830 faciat,
627 2755 665 2814 ut
695 2755 746 2815 est
771 2749 912 2832 diotum;
934 2757 968 2817 et
998 2749 1085 2818 facto
1116 2748 1186 2828 hoc,

77 2846 215 2922 Venetiae
231 2862 429 2924 revertatur.
769 2843 775 2850 ¹

10 3033 12 3072 ι
146 3001 180 3058 (A
191 3001 335 3051 velenezei
349 3001 476 3052 »Secreta
490 3001 604 3056 consilii
615 3001 864 3067 Regnorum-bol
878 3004 934 3056 nir.
948 3005 981 3056 Δ.
996 3005 1051 3053 vol.
1068 3005 1102 3066 1.)

541 3179 698 3188 ,ᾐ-

585 3306 659 3368 206.

10 3507 12 3536 2
75 3460 96 3526 A
110 3464 254 3530 celenczei
270 3465 431 3552 kormrtay
447 3466 618 3532 nestrum·
633 3467 734 3532 eroco
750 3468 776 3530 Ι.
787 3467 888 3554 Lajoe
904 3491 1045 3557 mapyar
1060 3469 1187 3556 kirtly·

10 3559 12 3658 l
172 3663 177 3676 .
524 3575 603 3662 lyal.
621 3578 719 3642 1347.

10 3701 12 3770 ³
164 3731 263 3800 Anno
290 3731 551 3801 moooxuvr.
582 3734 636 3799 aa
661 3733 800 3801 xvru.
832 3735 999 3804 renuam.
1023 3737 1188 3822 capra:

10 3771 13 3928 ι
75 3835 155 3920 Quod
167 3837 445 3907 Ambaxatoribus
461 3841 583 3907 domini
600 3839 713 3908 Caroli
729 3842 830 3923 adid,
854 3844 943 3929 quod
958 3843 1081 3927 dicunt,
1098 3845 1185 3928 quod

10 3929 14 4008 l
75 3943 321 4031 sireqnireretur
336 3969 357 4014 a
373 3947 477 4028 nobis,
497 3948 586 4032 quod
605 3949 851 4034 interponerent
867 3971 901 4017 se
918 3949 961 4014 ad
977 3949 1185 4018 tractandum

10 4017 12 4100 l
75 4053 148 4119 inter
162 4055 283 4142 Regem
302 4054 449 4151 Vngarie
466 4061 500 4122 et
524 4077 582 4123 nos
601 4057 810 4124 concordium
836 4065 916 4139 etc.;
941 4059 1187 4143 respondeatur,

10 4181 13 4250 ιι
75 4165 334 4243 regraoiaudoeis
354 4163 512 4230 cumillis
537 4165 658 4248 pulcris
684 4165 802 4247 verbis,
829 4185 893 4247 que
917 4165 1124 4248 ridebuntur,
1148 4166 1188 4232 de

10 4271 12 4296 ¹
76 4265 230 4352 charitate,
254 4291 352 4353 quam
379 4291 419 4336 ex
442 4271 504 4337 hoc
528 4273 616 4356 ipsos
642 4271 685 4338 ad
711 4293 770 4338 nos
794 4270 916 4337 habere
942 4275 1182 4356 cognoscimus:

78 4374 152 4452 quod
166 4382 228 4443 toti
242 4377 363 4444 mundo
389 4383 423 4443 et
448 4375 513 4444 Sue
537 4378 708 4444 Maiestati
733 4377 832 4444 debet
852 4377 998 4462 plenarie
1013 4386 1092 4448 uota
1117 4403 1187 4449 esse

78 4498 182 4565 magne
196 4487 379 4554 reverentia
397 4491 431 4556 et
454 4505 555 4567 amor,
579 4508 675 4574 quem
690 4507 750 4554 nos
767 4491 800 4552 et
824 4492 939 4555 nostra
964 4485 1187 4570 Communitae
