3134 5252
499 325 509 338 “
556 313 663 380 ‘luto
754 347 759 358 ·
1116 317 1177 380 207

2 505 5 535 t
74 495 142 560 serit
155 500 186 558 et
200 492 358 575 babuerit,
385 493 507 560 scribat
524 493 627 576 uobis,
652 499 685 558 et
702 499 850 558 nostrum
876 491 1075 576 prestoletur
1091 514 1185 558 nrau-

75 604 181 667 datum.
202 601 247 666 Et
264 599 351 682 quod
368 601 394 664 si
411 603 562 678 eveniret,
587 601 676 682 quod
701 602 806 666 dietus
823 599 1103 684 donrinusBuuus
1120 621 1186 667 uon

2 713 3 752 Τ
72 715 204 791 taugeret
219 708 329 790 eliqua
345 710 443 775 rerba
460 710 525 790 lige
553 707 713 786 Nicolino,
738 709 826 792 quod
850 707 1022 774 Nicoliuus
1039 711 1133 772 caute
1151 715 1185 772 et

2 819 3 844 ³
73 816 188 899 provide
202 836 260 898 per
275 816 419 896 modum,
443 817 498 898 qui
525 815 586 881 sibi
605 817 747 882 habilior·
774 815 954 900 apparebit5
977 821 1094 897 tangat
1111 836 1182 882 rer-

2 948 3 952 *
74 925 108 989 bc
121 922 178 1007 lige
202 924 286 989 dicto
312 924 445 990 domino
473 923 567 990 Bane
595 926 770 991 secundum
796 924 933 993 sormam
958 923 1186 1006 capitulorum,

75 1053 126 1115 que
140 1032 217 1098 alies
232 1032 301 1116 ipse
318 1032 435 1097 Bonus
460 1055 519 1115 per
544 1054 639 1098 suum
663 1031 922 1098 Ambaxatorem
938 1032 1033 1098 nobis
1049 1038 1186 1114 tangere

73 1139 144 1220 lecit,
165 1146 196 1205 et
211 1139 322 1206 trehet
338 1140 381 1205 ab
406 1141 478 1223 ipso
494 1147 609 1222 totum,
633 1143 722 1226 quod
745 1142 877 1226 poterit,
903 1148 937 1207 et
953 1139 1111 1223 quicquid
1127 1140 1185 1204 he·

2 1272 3 1316 r
73 1244 164 1309 buerit
178 1253 211 1311 ct
226 1247 401 1314 extraserit
417 1269 436 1312 a
454 1246 540 1312 dicto
557 1248 662 1330 Bene,
686 1248 779 1314 nobis
790 1247 916 1313 solicite
933 1248 1066 1329 scribat,
1083 1254 1115 1312 et
1132 1269 1187 1313 no-

2 1333 6 1464 l
74 1357 160 1418 strum
174 1361 323 1437 expectet
340 1355 540 1420 mandatum.

216 1517 251 1580 (Δ
267 1519 397 1568 »Secreta
410 1519 524 1568 Consilii
537 1519 791 1583 negatorum-bol
804 1521 860 1570 Lib.
873 1519 906 1571 Δ,
921 1519 976 1570 vol.
993 1521 1026 1578 l.)

542 1681 700 1690 ——-.—-.

73 2075 265 2145 Aluelenczei
291 2075 521 2162 korrndoyuolc
532 2099 686 2162 paucum
712 2099 733 2139 a
754 2078 904 2161 pdpdboz
936 2098 976 2141 cz
1007 2075 1187 2164 aquilopiai

416 2184 601 2271 patric-rica
617 2185 706 2250 olleo.
731 2183 829 2249 1346.

170 2341 264 2410 Anno
280 2341 540 2411 MOCOXLVI.
557 2344 611 2409 die
627 2341 728 2411 XIV.
739 2341 904 2410 Octobris.
915 2343 942 2410 Ο
954 2351 1076 2429 apto:
1093 2346 1188 2413 Mau·

73 2451 156 2516 detur
176 2449 333 2533 Amadeo
358 2450 502 2518 Notario
528 2459 651 2532 nostro,
675 2453 731 2535 qui
757 2453 856 2518 estin
882 2450 991 2532 Curia,
1016 2453 1105 2537 quod
1130 2475 1189 2538 per

72 2557 154 2624 illum
177 2560 316 2640 modum,
339 2560 397 2642 qui
422 2559 485 2626 sibi
515 2559 681 2626 videbitur
717 2580 777 2643 pro
805 2559 928 2626 bonore
953 2568 1076 2641 nostro,
1100 2561 1188 2627 dicat

11 2737 16 2747 .
73 2665 188 2736 domino
204 2668 300 2756 Pope·
314 2675 346 2735 et
362 2669 492 2734 domino
510 2667 640 2734 Tutelle
665 2669 764 2734 fratri
790 2690 856 2752 suo,
879 2668 1030 2735 videlicet
1056 2671 1187 2753 utrique

74 2797 305 2863 comperce,
322 2779 409 2862 quod
425 2778 508 2843 sicut
524 2774 703 2843 Sanctiteti
720 2774 785 2843 Sue
800 2777 965 2843 notorium
982 2797 1051 2843 csse
1067 2785 1185 2862 potest,

12 2879 17 2891 '
74 2883 210 2952 dominus
226 2886 426 2951 Patriercbe
438 2881 664 2967 'Aquileiensis
681 2904 806 2967 semper
822 2886 1022 2968 procuravit,
1039 2892 1072 2950 et
1087 2886 1186 2952 inces-

73 2999 171 3060 santer
186 3013 362 3079 procurare
387 3015 451 3058 non
477 2992 597 3058 desiuit
621 2993 777 3058 damnum
802 3000 835 3057 et
859 2993 1088 3078 detrimentum
1116 3015 1188 3060 uos-

73 3105 150 3165 trum
164 3109 195 3170 et
209 3101 359 3168 Ecclesie
378 3100 499 3168 Sentce
515 3101 590 3183 Dei,
615 3101 801 3185 specialiter
816 3103 849 3165 in
875 3100 970 3168 factis
986 3101 1107 3167 domini
1124 3102 1188 3168 Re·

73 3207 115 3288 gis
143 3207 332 3295 Hungarie3
357 3215 390 3274 et
419 3209 480 3275 boc
506 3209 659 3276 sentimus
692 3231 712 3274 a
743 3209 992 3292 quampluribus
1026 3210 1187 3293 partibus,

73 3315 149 3396 quod
170 3325 322 3402 putamus
348 3317 520 3402 displicere
548 3316 727 3385 sanctitati
745 3318 829 3400 Sue;
853 3323 886 3383 et
910 3325 1086 3403 propterea
1111 3341 1185 3403 sup-

73 3424 218 3506 pbcumus
243 3426 357 3508 eidem,
381 3433 616 3511 quatenusper
642 3426 807 3493 Nuucium
840 3448 932 3492 suurn
963 3433 997 3492 et
1027 3427 1067 3492 de
1091 3427 1189 3508 fecto,

73 3541 158 3614 prout
181 3534 343 3616 videbitur
361 3531 540 3601 Clementie
557 3533 632 3617 Sue,
656 3535 810 3621 dignetur
824 3536 897 3620 ipsi
924 3535 1054 3601 domino
1080 3537 1189 3602 Patri·

74 3643 159 3709 arche
182 3646 294 3712 taliter
326 3645 501 3730 precipere,
526 3644 615 3727 quod
647 3644 690 3710 ab
721 3645 768 3710 sic
800 3645 960 3710 continuis
991 3645 1187 3711 tractatibus

75 3759 176 3818 contre
192 3775 251 3820 nos
269 3760 303 3819 et
317 3753 500 3819 Ecclesiam
519 3754 593 3836 Dei,
617 3761 654 3820 ut
680 3753 802 3819 dictum
829 3759 879 3818 est
903 3775 1010 3836 supra,
1035 3775 1068 3818 se
1094 3753 1188 3819 debe-

75 3863 105 3923 at
133 3861 301 3928 obstinere.
335 3861 381 3926 Et
403 3861 567 3927 scribatur
597 3860 747 3928 Amadeo
778 3861 916 3946 prefato,
940 3862 1025 3944 quod
1058 3859 1189 3944 quondo

2 3973 3 3995 ¹
58 3973 104 4031 ‘et
119 3967 195 4034 sicut
219 3973 249 4036 ei
276 3968 446 4051 ridebitur,
470 3969 560 4034 dicat
581 3977 614 4035 et
638 3977 752 4036 notum
769 3969 872 4035 saciat
896 3967 1034 4053 prefatis
1059 3970 1189 4034 domiuo

2 4111 3 4136 r
76 4074 192 4144 Tutelle
207 4078 303 4146 fratri
319 4100 385 4158 suo,
410 4080 499 4161 quod
514 4085 662 4146 nostram
685 4079 918 4162 Ambexatam,
943 4099 1042 4161 quam
1057 4079 1188 4144 mittere

2 4279 3 4285 ἵ
75 4184 246 4252 solebamus
263 4187 393 4253 domino
412 4185 517 4271 Regis
542 4186 726 4270 Hungarie,
750 4187 784 4251 in
810 4191 915 4250 totum
932 4184 1082 4250 duximus
1098 4208 1189 4253 revo-

76 4293 151 4358 caud
202 4345 210 4358 .

152 4315 330 4486 aliepts:
353 4403 400 4468 Et
430 4401 594 4467 scribatur
623 4405 735 4467 nostro
766 4396 901 4464 Consuli
932 4398 1064 4483 Apulie‚
1101 4400 1189 4484 quod

2 4547 4 4580 :
76 4525 130 4591 per
143 4508 277 4577 habilem
304 4511 445 4591 modum,
468 4511 525 4595 qui
542 4511 571 4574 ei
595 4508 766 4588 videbitur,
786 4507 875 4573 dicat
899 4506 1054 4591 Regineli
1069 4508 1190 4574 Maies-
