3220 5248
394 368 459 431 544
547 388 549 401 ·
751 383 984 430 nrvuoxaczuu
1000 370 1168 430 amarum

393 543 556 626 Ceterum,
587 542 718 608 domine
748 545 802 625 mi,
833 544 911 610 dum
944 563 1046 610 essem
1066 543 1101 608 in
1132 543 1220 608 dicto
1253 540 1410 628 Consilio,
1440 546 1521 610 sicut

392 651 540 736 superius
571 650 693 716 dictum
724 657 793 734 est,
823 657 1051 735 procuratores
1091 657 1125 716 et
1165 650 1376 718 advocatores
1418 651 1521 717 Jadre
1593 723 1594 726 Ἴ

393 759 547 824 dixerunt
572 758 702 824 domino
728 758 821 825 Bano
838 781 911 826 cum
925 758 1162 843 protestatione
1178 759 1414 840 efficacissima,
1435 760 1520 842 quod
1593 843 1594 848 ἵ

393 865 546 932 Orcssius
570 866 658 932 filius
684 888 736 931 ser
751 867 878 934 Marini
895 867 935 933 de
951 865 1138 933 Oarnaruto
1155 888 1322 950 persuum
1340 865 1520 934 Consilinm

393 973 586 1060 Sapientum
610 975 717 1043 luerat
741 977 889 1061 privatus
906 997 927 1041 a
942 977 1099 1042 civilitate
1115 974 1140 1041 J
1141 977 1230 1057 edre,
1246 984 1280 1043 et
1296 976 1384 1060 quod
1411 977 1452 1042 de
1477 998 1522 1042 ce·

392 1089 464 1150 tero
479 1089 679 1150 tractaretur
694 1105 754 1168 pro
764 1083 902 1166 Veneto,
912 1084 991 1167 quia
1007 1083 1074 1148 eius
1090 1091 1185 1167 pater
1201 1083 1301 1148 habet
1316 1083 1519 1168 privilegium

392 1213 413 1256 a
429 1197 541 1256 nostro
551 1190 705 1257 Dominio
717 1189 885 1255 civilitatis
902 1190 1119 1260 Veneciarum
1136 1210 1195 1274 pro
1212 1211 1246 1255 se
1263 1195 1295 1254 et
1312 1192 1378 1256 suis
1397 1191 1521 1256 heredi·
1592 1201 1594 1206 '

393 1299 473 1381 bus;
489 1305 522 1364 et
537 1297 614 1382 quia
629 1298 749 1382 aliquis
764 1297 912 1366 Venetus
924 1320 989 1364 non
1005 1305 1113 1383 potest
1126 1297 1278 1365 habitare
1294 1298 1423 1380 Jadre3
1440 1298 1521 1383 quod

394 1406 454 1473 sibi
480 1406 580 1472 detur
604 1406 747 1490 licentia,
773 1405 862 1489 quod
879 1409 967 1472 exire
991 1407 1108 1473 debeat
1132 1403 1284 1488 Jadram,
1312 1407 1462 1488 alioquin
1486 1409 1521 1472 dc

394 1516 482 1580 omni
507 1512 662 1598 periculo,
687 1513 731 1580 ad
755 1514 844 1598 quod
870 1515 1036 1580 incurrere
1062 1520 1173 1598 posset
1198 1510 1321 1578 Civitas
1347 1514 1468 1595 dadre,
1491 1535 1520 1578 se

394 1620 604 1701 excusabant,
629 1620 734 1703 Tunc,
760 1623 889 1688 domine
914 1623 968 1702 mi,
985 1641 1094 1686 omnes
1111 1621 1253 1686 dedicta
1270 1619 1420 1687 Consilio
1437 1642 1521 1704 cepe·

392 1737 469 1795 runt
493 1730 681 1815 prospicere
707 1751 820 1796 vorsus
846 1753 906 1812 me,
930 1735 964 1794 et
988 1750 1048 1813 ego
1064 1730 1189 1794 nullum
1205 1729 1373 1795 minimum
1393 1731 1520 1796 verbum

393 1837 471 1919 dixi,
494 1858 600 1922 neque
616 1836 839 1904 demonstravi
854 1837 980 1920 aliquid
996 1842 1071 1902 actu
1088 1835 1200 1919 aliquo
1215 1837 1326 1902 multis
1341 1837 1520 1921 legiptimis

394 1944 589 2012 racionibus.
614 1943 706 2011 Tunc
730 1945 879 2011 dominus
895 1942 1009 2010 Banus
1025 1943 1212 2026 respondit:
1240 1941 1346 2012 »Volo
1373 1944 1518 2024 lacerer,

394 2061 427 2120 et
458 2054 505 2120 sio
535 2055 683 2138 privatus
699 2059 732 2117 et
747 2053 932 2119 licentiatus
949 2050 1006 2117 fui.
1023 2050 1082 2118 Set
1097 2073 1156 2134 per
1173 2071 1219 2133 ea,
1252 2073 1315 2134 que
1346 2051 1461 2117 audivi
1490 2059 1519 2115 et

394 2163 472 2244 vidi,
495 2160 584 2228 istud
609 2162 768 2246 processit
784 2159 985 2227 solummodo
1001 2165 1135 2243 propter
1150 2159 1354 2242 peticionem,
1372 2181 1437 2242 que
1453 2159 1521 2224 fitur

395 2271 435 2335 de
459 2271 668 2337 restitucione
691 2269 931 2354 possessionum
956 2268 1061 2352 patris
1087 2267 1146 2346 sui,
1172 2289 1248 2332 nam
1283 2269 1424 2333 multum
1459 2268 1521 2350 pla·

394 2385 468 2444 cent
492 2378 621 2445 domino
646 2378 741 2446 Bano
767 2382 903 2461 propter
918 2376 1079 2442 notabiles
1095 2374 1252 2456 redditus,
1268 2377 1324 2459 qui
1340 2397 1400 2442 nos
1429 2376 1519 2442 lrabe-

394 2508 466 2552 mue
491 2487 640 2554 exhinde.
666 2485 882 2552 Condiciones
910 2491 1018 2550 autem
1034 2484 1202 2550 Dalmatia
1219 2493 1295 2550 sunt
1311 2485 1344 2549 in
1361 2491 1433 2549 tarn
1458 2504 1521 2568 pes·

395 2597 475 2660 simo
493 2600 591 2675 statu,
607 2595 694 2678 quod
717 2615 812 2659 nemo
829 2593 987 2675 crederet,
1004 2594 1084 2675 quin
1101 2592 1225 2658 videret
1242 2599 1275 2658 et
1290 2592 1435 2675 audiret,
1453 2614 1520 2658 nam

396 2705 490 2784 quasi
515 2723 624 2768 omnes
649 2703 781 2786 plorant
805 2702 845 2767 de
861 2699 1017 2766 Dominio
1033 2706 1150 2780 vcstrn,
1166 2706 1200 2765 et
1216 2698 1256 2765 dc
1272 2701 1431 2768 moderno
1453 2721 1520 2766 con·

395 2817 586 2892 queruntur,
617 2809 770 2892 dicentes,
802 2810 890 2892 quod
923 2808 984 2875 sub
1015 2815 1127 2874 nostro
1158 2807 1313 2874 Dominio
1344 2814 1441 2873 erant
1460 2817 1520 2874 tam

398 2915 589 2983 Communia
600 2937 698 3002 quam
710 2918 891 3002 singulares
900 2938 1037 3002 persone
1048 2917 1172 2998 divites,
1190 2922 1223 2982 et
1238 2916 1334 2982 modo
1351 2921 1402 2981 est
1420 2920 1520 2982 totum

395 3029 608 3107 contrarium,
622 3047 681 3092 nec
697 3027 820 3092 audent
839 3026 1065 3093 demonstrare
1080 3027 1230 3110 pulcrum
1248 3025 1335 3108 quid,
1351 3027 1380 3090 si
1394 3023 1521 3090 habeut

394 3131 535 3216 Insuper
544 3132 591 3198 lix
606 3132 653 3219 (Ρ)
664 3132 844 3218 spalatinis
856 3141 931 3200 sunt
948 3134 1025 3200 date
1041 3134 1190 3215 cortinae,
1206 3139 1239 3198 et
1254 3132 1352 3199 debet
1367 3135 1413 3200 ibi
1424 3133 1519 3198 forta·

394 3240 505 3306 licium
529 3239 714 3322 hedificare,
739 3247 776 3307 ut
802 3240 929 3307 dicitur.
948 3241 1100 3326 Vidique‚
1126 3241 1253 3306 domiue
1279 3241 1334 3322 mi,
1359 3240 1519 3305 dominum

396 3347 525 3412 Banum
550 3348 724 3413 ascendere
748 3349 866 3414 turrim
892 3354 985 3433 porte
1000 3348 1025 3416 J
1026 3348 1106 3414 adre
1123 3370 1143 3412 a
1158 3357 1254 3432 parte
1270 3355 1370 3429 terre,
1387 3353 1420 3412 et
1436 3346 1520 3412 undi-

395 3475 458 3538 que
482 3457 669 3538 prospicere
693 3461 727 3520 et
743 3456 983 3538 demonstrare3
999 3462 1033 3522 et
1049 3457 1131 3522 sicut
1147 3456 1242 3537 sensi,
1259 3455 1519 3522 raciocinabatur

395 3561 434 3628 de
451 3562 667 3628 construendo
683 3567 827 3628 castrum
842 3562 896 3644 ibi,
913 3563 998 3647 quod
1014 3569 1126 3630 teneat
1141 3563 1230 3628 ultra
1241 3559 1454 3628 Comitatum.
1471 3559 1520 3626 Ad

395 3692 488 3736 suum
512 3677 623 3736 autem
648 3677 758 3756 getam
782 3677 899 3755 portus
924 3671 1022 3736 modo
1049 3691 1113 3737 non
1129 3670 1333 3752 laborantur,
1349 3677 1387 3737 ut
1403 3671 1520 3748 dicunt,

394 3785 531 3864 propter
556 3778 682 3862 yemale
708 3783 836 3863 tempus
859 3779 1017 3863 procedit
1035 3778 1203 3859 Preterea,
1218 3778 1348 3844 domine
1364 3780 1418 3862 mi,
1434 3778 1521 3859 Mag·
1593 3783 1594 3788 ’

394 3886 535 3952 nitudini
560 3884 680 3954 Vestra
706 3884 868 3967 denotavi,
894 3886 1037 3969 qualiter
1061 3887 1096 3950 in
1113 3884 1232 3951 Tinino
1248 3886 1399 3951 dominus
1414 3884 1518 3951 Banus

395 4000 546 4060 oretenus
562 3992 660 4058 michi
677 3987 814 4075 dixerat,
847 3994 932 4076 quod
949 3991 1102 4058 mittebat
1111 3992 1329 4076 presbiterum
1346 3993 1519 4060 Martinam
1593 3989 1594 4012 ³

396 4100 652 4168 Camerclarium
679 4121 770 4166 suurn
803 4100 846 4166 ad
876 4105 987 4183 partes
1004 4107 1131 4166 vestras
1155 4121 1214 4183 pro
1247 4100 1384 4166 emendo
1416 4100 1518 4185 aliqua
1593 4129 1594 4132 ¹

395 4209 513 4276 iocalia
529 4206 712 4272 occassione
728 4207 913 4292 aliquarum
928 4208 1197 4292 nuptiarumque
1208 4213 1280 4272 erat
1290 4206 1519 4292 celebraturus,

396 4317 495 4382 eciam
524 4335 585 4398 pro
612 4314 747 4383 emendo
773 4321 806 4380 et
831 4314 1040 4382 conducendo
1057 4321 1151 4380 extra
1168 4314 1279 4397 aliqua
1296 4335 1390 4380 arma
1404 4323 1472 4382 tam
1486 4315 1518 4378 de

395 4423 514 4490 Padua
546 4443 643 4506 quam
674 4424 715 4489 de
746 4423 896 4509 partibus
927 4424 1054 4503 vestris,
1086 4423 1232 4508 rogando
1264 4443 1315 4486 me
1346 4431 1518 4514 propterea

396 4539 556 4618 quatenns
581 4530 736 4597 Dominio
761 4531 881 4600 Vestro
898 4533 1096 4612 denotarem,
1112 4538 1146 4596 et
1162 4531 1266 4614 ipsum
1282 4535 1443 4615 tanquam
1458 4551 1517 4615 per·
