3166 5256
389 331 431 393 64
740 349 972 396 ornuonaczmr
989 336 1158 398 mantuan.

388 506 492 572 Aliud
508 527 572 572 non
588 508 717 591 facturi,
734 509 761 574 si
778 515 921 574 nostram
953 531 1016 574 non
1033 510 1118 575 ultis
1135 510 1300 573 incurrere
1321 506 1510 590 indignacio-

386 635 467 680 nem.
480 613 603 679 Datum
612 616 645 680 in
655 615 844 700 Wysegrad
859 614 944 681 feria
955 618 1072 698 quinta
1080 617 1228 700 proxima
1238 622 1312 699 post
1323 615 1505 680 dominicam

386 724 508 789 laetare
525 745 610 788 auno
625 723 761 787 Domini
777 723 831 788 M⁰
849 722 953 787 CCC⁰
968 723 1052 793 XL?
1068 725 1189 807 quinto.

493 885 825 948 (Eredetiebttrhartytn‚
849 886 976 948 melynek
998 885 1098 935 Iratam
1122 887 1241 936 horincz
1262 884 1508 936 tarnokmesternek

385 972 504 1037 pecattje
517 989 573 1024 van
584 989 711 1056 nycmva,
725 975 800 1024 Korn
814 974 893 1024 varos
903 975 1115 1036 levelttmtban.)

869 1188 1029 1197 ---—.--

925 1451 975 1508 65.

387 1601 414 1666 Α
433 1607 574 1670 ticioiaa'
591 1605 708 1693 prosola
724 1607 915 1673 etSebenico
930 1611 1027 1670 veros
1044 1606 1128 1670 ko'zti
1145 1606 1414 1693 eqyevnetlemtpek
1429 1631 1448 1668 a
1463 1628 1506 1667 re·

444 1715 562 1778 ieoczei
578 1715 790 1800 kiiztrirroaop
806 1715 1096 1799 kcztmjmcscvat
1114 1714 1341 1778 elintiztetcek.
1361 1715 1452 1778 1345.

492 1888 560 1954 Pro
591 1891 732 1974 quadam
763 1891 926 1974 fortilicia,
950 1891 1058 1974 posita
1088 1913 1189 1975 prope
1219 1897 1362 1956 castrum
1378 1889 1505 1955 Comitis
1581 1915 1582 1918 ¹

386 1994 606 2080 Constantini,
622 1998 826 2064 destruenda.

491 2101 574 2168 Cum
588 2125 648 2188 pro
663 2113 756 2188 parte
772 2105 910 2187 Egregii
926 2112 960 2170 et
976 2105 1093 2172 nobilis
1110 2105 1171 2170 viri
1199 2105 1321 2170 domini
1352 2103 1506 2169 Jchannis

388 2206 589 2276 Mauroceno
606 2211 741 2278 Comitis
758 2212 899 2282 Sibenici
917 2218 949 2276 ct
975 2210 1164 2278 Communis
1190 2212 1336 2277 eiusdem
1361 2218 1445 2276 terre
1460 2229 1505 2272 sa

386 2315 478 2398 piens
495 2321 527 2382 et
543 2317 704 2385 discretus
735 2320 785 2384 vir
816 2318 978 2404 Magister
994 2319 1155 2404 Agnellus
1187 2315 1297 2384 Amici
1324 2316 1364 2382 de
1380 2316 1506 2391 Ytaliis,

384 2419 610 2490 Cancellarius
626 2427 705 2492 dicti
722 2426 844 2492 domini
859 2425 999 2492 Comitis
1015 2432 1049 2491 ct
1073 2426 1261 2493 Communis
1287 2423 1506 2500 Sibenicensis,

384 2537 585 2612 compareret
600 2553 709 2598 coram
725 2533 845 2598 Ducali
860 2530 1095 2599 Dominacione
1112 2553 1281 2617 exponam,
1296 2531 1438 2614 qualiter
1454 2549 1506 2612 per

384 2631 544 2701 Comitem
561 2637 822 2724 Constantinum,
838 2646 987 2724 nepotem
1004 2641 1142 2706 condam
1157 2639 1293 2724 Egregii
1308 2639 1370 2702 viri
1390 2637 1507 2702 domini

384 2739 520 2810 Comitis
530 2744 681 2830 Nelipcii,
692 2757 725 2814 et
741 2756 869 2830 gentem
883 2770 976 2814 suam
991 2748 1110 2814 damna
1126 2749 1269 2832 plurima
1279 2746 1374 2811 illata
1384 2745 1507 2810 fueraut

385 2846 555 2917 Communi
573 2861 606 2918 et
624 2856 691 2921 suis
706 2855 857 2922 fidelibus
873 2857 913 2922 dc
940 2856 1089 2923 Sibeuico
1114 2862 1191 2939 post
1220 2861 1358 2921 mortem
1375 2850 1505 2918 Comitis
1579 2882 1581 2885 ·

384 2952 418 3020 N
419 2957 528 3041 elipcii
544 2959 664 3043 prefati
681 2963 715 3027 in
732 2963 866 3029 diversis
882 2964 1014 3046 vicibus
1031 2963 1220 3029 derobanclo
1236 2962 1339 3041 villas,
1356 2959 1504 3024 animalia

382 3069 416 3127 et
430 3064 516 3131 bona
533 3089 591 3133 sua
614 3069 702 3134 ultra
719 3071 862 3136 valorem
893 3071 1053 3138 librarum
1085 3075 1227 3154 quatuor
1258 3069 1348 3135 mille
1365 3069 1503 3152 quinque

382 3177 509 3237 centum
524 3195 708 3256 parvorum,
735 3184 768 3243 et
792 3177 879 3261 quod
904 3178 1136 3245 Constantinus
1161 3176 1307 3262 prefatus
1322 3197 1421 3242 unam
1436 3173 1504 3238 fieri

381 3275 505 3345 fecerat
521 3281 707 3349 sortiliciam
723 3285 763 3350 de
780 3308 861 3352 noro
878 3289 910 3351 in
927 3288 1068 3370 quadam
1085 3293 1181 3370 grota
1197 3286 1264 3352 sive
1288 3284 1384 3350 forno
1401 3283 1502 3367 posito

381 3406 482 3470 prope
499 3396 641 3455 castrum
657 3392 734 3457 dicti
751 3391 957 3459 Constantini
983 3397 1148 3460 ruinatum
1172 3416 1231 3478 per
1246 3393 1386 3458 sormam
1416 3390 1504 3475 pacis

381 3491 459 3558 inite
476 3494 562 3559 inter
591 3495 752 3563 Ducalem
784 3497 1054 3565 Dominacionem
1078 3521 1118 3565 ex
1142 3522 1209 3565 una
1224 3506 1329 3583 parte,
1353 3505 1387 3564 et
1404 3497 1506 3564 Comi·

380 3606 445 3663 tem
463 3599 648 3685 Nelipcium
666 3602 853 3671 Tiniensem
871 3628 911 3671 ex
927 3606 1043 3691 altera,
1058 3608 1091 3672 in
1109 3629 1175 3690 qua
1199 3605 1354 3672 fortilicia
1379 3606 1510 3672 tenebat

381 3706 525 3773 homines
542 3716 575 3774 et
590 3712 750 3794 predones
768 3714 963 3781 derobantes
980 3723 1092 3783 euntes
1102 3724 1134 3781 et
1144 3715 1308 3780 venientes
1325 3713 1510 3782 Sibenicum

380 3822 495 3883 contra
510 3817 646 3886 sormam
663 3822 754 3904 pacis
771 3829 805 3888 et
820 3824 1043 3906 promissionis
1059 3824 1146 3889 facte
1157 3845 1215 3908 per
1234 3825 1340 3906 ipsum
1351 3823 1511 3888 Comitem
1579 3885 1581 3902 ἓ

379 3919 582 4007 Neiipcium3
598 3933 630 3991 et
648 3928 735 4010 quod
751 3933 921 4013 tergorina
952 3931 1174 4016 accipiebatur
1189 3930 1395 3996 venientibus
1412 3937 1446 3996 et
1462 3931 1512 3996 de·
1574 3925 1581 3993 .’

380 4029 608 4099 scandentibus
625 4035 660 4099 in
677 4034 866 4102 Sibenicum
883 4061 955 4104 cum
987 4040 1055 4104 suis
1080 4039 1357 4120 mercacionibus3
1373 4041 1446 4123 ipsa
1461 4063 1512 4106 au-

382 4142 448 4202 tem
465 4139 606 4224 benigna
621 4143 824 4230 Domiuacio‚
841 4147 922 4228 ipsis
950 4146 1104 4230 querellis
1130 4154 1162 4212 ct
1188 4147 1408 4229 gravitatibus
1425 4149 1515 4214 intel·
1574 4134 1581 4166 “’

383 4245 487 4327 lectis,
503 4269 566 4313 uon
582 4251 753 4316 intendens
771 4275 846 4318 suos
871 4255 984 4320 fideles
1010 4253 1188 4340 descerore,
1203 4261 1240 4321 ut
1267 4262 1317 4320 est
1338 4255 1449 4342 solita,
1466 4255 1518 4322 scd

380 4354 491 4436 pocius
507 4355 593 4438 ipsos
610 4358 723 4426 insuia
742 4361 865 4427 iuribus
887 4383 1088 4445 conservare,
1105 4363 1283 4428 destinarit
1293 4385 1344 4428 me
1373 4364 1522 4430 Marcum

293 4504 305 4528 .
380 4459 481 4546 Zone,
497 4463 674 4530 Notarium
690 4473 723 4532 et
747 4471 912 4536 Nuncium
939 4492 1033 4535 suum
1064 4472 1106 4536 ad
1124 4472 1306 4556 Egregiam
1329 4479 1362 4536 et
1381 4476 1523 4542 nobilem
