3108 5246
717 313 953 376 blenouueznr
968 301 1136 376 auinaue

896 620 969 682 296.
1100 653 1104 660 ·

373 780 404 846 A
422 779 576 846 oeleuczei
592 779 719 845 bbuetek
737 778 841 846 attracio
862 779 1027 844 indoleat
1046 731 1352 868 Magyarcraacmha.
1374 777 1467 846 1349.

468 937 567 1006 Anno
592 937 851 1007 MCOOXLIX.
877 939 929 1005 die
953 937 1092 1008 XXVI.
1108 938 1319 1023 Septembris,
1335 939 1486 1023 Capta

361 1051 445 1118 Cum
460 1052 503 1116 sit
519 1055 661 1134 captum,
677 1048 765 1132 quod
781 1050 904 1130 lignum
921 1054 1070 1113 nostrum
1085 1047 1223 1132 Riperie
1247 1047 1346 1113 Istrie
1371 1046 1487 1114 condu-

361 1167 416 1224 cat
445 1156 699 1224 Ambaxiatores
732 1163 859 1221 nostros
889 1153 931 1221 ad
962 1156 1129 1222 dominum
1158 1155 1285 1240 Regem
1317 1153 1487 1238 Hungarie

360 1266 521 1334 Chersum
545 1266 599 1331 vel
622 1262 763 1348 Arbum,
779 1264 834 1332 ubi
860 1265 963 1348 magis
980 1264 1159 1346 voluerint;
1177 1267 1266 1348 quod
1281 1260 1433 1332 factumi
1455 1261 1484 1344 t,

360 1397 401 1441 ne
418 1376 543 1459 lignum
560 1378 673 1456 posset
696 1373 819 1439 habere
844 1371 1113 1456 impedimentum
1130 1395 1189 1458 pro
1206 1374 1310 1454 nome,
1326 1391 1385 1456 que
1402 1369 1482 1435 dice·

360 1485 480 1550 bantur
496 1481 537 1547 de
552 1479 694 1546 transitu
709 1479 830 1565 Regis:
847 1480 936 1546 vadit
951 1503 1039 1564 pars,
1057 1481 1144 1563 quod
1160 1481 1379 1547 committatur
1389 1475 1484 1561 Capi·

360 1597 456 1656 taneo
481 1589 572 1674 ligni,
603 1589 691 1676 quod
722 1592 750 1655 si
776 1589 990 1658 existentibus
1014 1587 1309 1659 Ambaxiatoribus
1325 1589 1439 1655 uostris
1453 1587 1484 1651 in

362 1695 491 1763 Cherso
522 1696 572 1763 vel
604 1697 638 1762 in
662 1696 765 1779 Arba,
790 1697 973 1781 habuerint,
1000 1699 1088 1782 quod
1112 1700 1185 1765 Rex
1200 1701 1243 1765 sit
1260 1696 1301 1764 ab
1317 1694 1480 1780 Isagrabia
1548 1763 1550 1772 ,

362 1825 469 1892 supra,
488 1804 608 1870 debeat
626 1806 731 1872 dictos
748 1803 1004 1873 Ambaxiatcres
1020 1806 1199 1873 conducere
1217 1805 1366 1891 Segnam,
1379 1809 1409 1868 et
1422 1808 1483 1866 sta·
1548 1827 1550 1884 3

361 1913 421 1977 tim
445 1911 553 1978 redire
579 1913 622 1978 ad
637 1913 820 1979 custodiam
846 1934 948 1979 suam.
973 1911 1009 1980 Si
1026 1935 1101 1980 vero
1116 1913 1302 1994 habuerint,
1319 1910 1400 1998 quod
1413 1907 1481 1976 Rex

362 2021 405 2088 sit
419 2021 454 2085 in
479 2021 664 2105 Isagrabia,
690 2023 739 2087 vel
763 2020 883 2088 abinde
899 2021 994 2103 inira,
1010 2043 1075 2088 non
1091 2023 1254 2088 conducat
1274 2041 1330 2088 eos
1346 2018 1480 2096 ulterius,

362 2127 425 2193 nisi
450 2125 611 2194 Chersum
636 2129 687 2194 rel
711 2129 849 2209 Arbum,
875 2130 960 2195 sicut
977 2131 1203 2214 supradictum
1220 2137 1279 2196 est.
1297 2128 1342 2194 Et
1357 2125 1479 2209 Capita·
1548 2147 1550 2206 ς

362 2257 442 2302 neus
458 2237 538 2322 ligni
564 2259 635 2303 cum
652 2259 709 2304 suo
723 2237 814 2322 ligno
830 2238 962 2303 recedat
973 2237 1013 2302 de
1032 2239 1115 2323 loco,
1127 2275 1170 2284 —-
1181 2275 1224 2285 -
1235 2237 1291 2304 ubi
1310 2230 1478 2320 deposuerit
1547 2213 1550 2316 1

363 2341 627 2428 Ambaxiatores,
658 2345 711 2411 die
741 2367 806 2430 qua
836 2345 914 2410 illuc
940 2344 1136 2430 applicuerit
1163 2346 1213 2412 val
1229 2343 1385 2428 sequenti,
1400 2337 1475 2408 omni

365 2453 533 2518 occasione
549 2459 684 2520 remota.
701 2461 733 2518 et
750 2454 858 2519 veniat
875 2453 918 2519 ad
935 2453 1117 2519 custodiam
1134 2474 1234 2519 suam.

436 2597 472 2656 (A
487 2597 595 2648 »Misti«
611 2597 698 2649 czimtl
712 2596 849 2649 velenczei
863 2581 1097 2664 allamkonyvbol.
1111 2599 1198 2650 XXV.
1209 2599 1269 2648 ket.
1286 2599 1343 2648 ue.
1356 2593 1413 2654 lev.)

891 2901 966 2964 net.

409 3061 435 3128 I.
454 3063 553 3150 Lajoa
568 3081 708 3150 mappae
723 3060 905 3149 kirdipnak
922 3085 943 3127 α
952 3059 1107 3149 floreneai
1116 3060 1336 3150 ktiatdraaactp.
1354 3059 1438 3127 1349.

471 3223 556 3306 Regi
572 3222 755 3307 Hungarie.

363 3321 372 3328 ”
471 3329 615 3396 Illustris
626 3329 827 3414 Principum.
838 3329 1044 3395 Litterarum
1055 3333 1219 3393 contestas
1231 3349 1290 3413 per
1301 3325 1472 3395 Serenitatis

364 3435 484 3507 Vestre
510 3439 657 3524 gerulum
683 3438 775 3505 nobis
800 3436 897 3503 hodie
923 3442 1130 3522 presentatus
1156 3435 1247 3503 claro
1275 3433 1472 3517 saminebgp)

364 3548 554 3632 nuupciarit
569 3551 642 3630 post
668 3547 852 3630 gratiarum
868 3544 1098 3628 multiplicium
1125 3545 1272 3611 actiones
1291 3544 1471 3624 dabisque

365 3676 443 3738 erga
469 3651 706 3720 Excellentiam
734 3651 888 3720 Vestram
914 3659 1104 3736 vestrosque
1131 3652 1267 3718 devotos
1294 3659 1326 3718 et
1341 3649 1472 3728 subditos

365 3783 445 3846 quos
460 3763 494 3826 in
518 3761 671 3847 Regnum
696 3758 808 3828 Sicilie
825 3761 964 3843 contigit
988 3760 1156 3845 proficisci,
1171 3759 1305 3825 honoris
1322 3767 1354 3824 et
1369 3757 1474 3825 benico·

364 3870 463 3937 lentie
479 3870 647 3936 debuimus
662 3869 847 3951 contulisse,
864 3868 1063 3936 oblationem
1080 3889 1178 3953 quam
1194 3867 1303 3934 facitis
1316 3867 1358 3934 ad
1369 3863 1476 3950 singula

366 3984 478 4043 nostre
504 3977 665 4045 devotioni
698 3978 914 4044 amicabiliter
944 3977 1127 4062 placitura;
1160 3977 1328 4060 addentes,
1355 3973 1476 4061 qualiter

365 4083 508 4152 Domina
525 4088 721 4154 concedente
746 4088 780 4152 in
804 4086 956 4172 Regnum
981 4087 1088 4172 ipsum
1104 4107 1165 4170 pro
1182 4085 1402 4154 consolatione
1416 4081 1476 4148 fide

367 4195 447 4261 lium
463 4193 540 4262 estis
557 4196 590 4260 in
606 4216 716 4262 mensa
731 4197 869 4261 instanti
894 4194 1032 4262 firmiter
1048 4215 1248 4262 accessurus.
1266 4194 1366 4260 Cuius
1381 4191 1475 4258 serien

367 4302 538 4372 devotione
554 4303 651 4371 solita
667 4301 744 4370 dum
769 4305 874 4388 ipsam
890 4324 1104 4386 recensemus,
1130 4303 1252 4384 confisi,
1269 4301 1357 4386 quod
1372 4317 1475 4385 preces·

368 4431 478 4476 sorum
502 4417 685 4478 vestrorum
709 4413 848 4496 vestigia
878 4433 936 4497 per
962 4411 1261 4498 augmentationem
1286 4405 1474 4476 laudabilium

372 4539 507 4605 operum
525 4540 604 4608 erga
621 4519 788 4591 commoda
804 4519 993 4590 devotorum
1010 4523 1081 4590 sitis
1107 4515 1223 4590 auidus
1248 4515 1377 4604 imitari,
1399 4515 1474 4582 deuo·
