3230 5272
385 366 448 427 610
742 377 975 426 nrruounczmr
992 365 1160 426 nuntius.

385 541 489 607 multo
517 541 590 624 plus
615 538 730 621 gravia
755 547 787 603 et
812 540 950 604 molesta
975 540 1067 606 nobis
1093 545 1269 606 occurrunt
1295 561 1396 622 quam
1411 539 1523 619 vobis;

387 650 529 715 maxime
546 669 648 735 quare
663 647 743 714 licet
758 647 818 712 hoc
843 647 928 714 alias
945 649 989 714 sit
1005 653 1152 715 nostrum
1167 649 1359 732 precipuum
1377 654 1411 712 et
1428 667 1524 730 gene·

384 758 454 826 rale
471 757 678 838 mandatum
703 757 736 821 in
753 756 887 840 speciali
904 764 1014 823 tamen
1031 756 1221 842 Capitoneis
1237 765 1271 823 et
1286 759 1441 842 patronis
1458 777 1525 821 om·

385 867 473 931 nium
499 865 702 948 navigiorum
728 870 921 944 nostrorum,
936 865 1111 930 missorum
1127 886 1186 948 per
1202 885 1261 930 nos
1278 863 1311 929 in
1327 864 1390 930 hac
1407 870 1524 932 nostra

386 975 593 1059 expedicione
619 972 729 1040 navali
755 980 867 1039 contra
893 969 1079 1056 Cretenses,
1093 973 1242 1039 dedimus
1274 973 1458 1040 efficaciter
1489 975 1523 1037 in

387 1085 561 1164 mandatis,
586 1090 625 1148 ut
651 1089 784 1147 cunctos
811 1080 957 1148 subditos
982 1082 1105 1165 Regios
1126 1083 1275 1149 viderent
1290 1088 1525 1148 attrectarent

385 1190 603 1257 amicabiliter
618 1196 652 1256 et
667 1187 822 1272 fraterne,
839 1195 873 1254 et
884 1210 938 1254 eos
953 1211 993 1254 ac
1008 1189 1096 1255 bona
1113 1212 1173 1256 sua
1187 1191 1374 1274 plusquam
1391 1197 1522 1256 nostro

385 1320 458 1362 rum
473 1298 638 1364 salvarent
653 1302 686 1362 et
704 1297 953 1380 diligentissime
970 1297 1181 1364 custodirent.
1197 1297 1256 1364 Set
1269 1298 1523 1364 consideramus

386 1427 456 1472 rem
473 1413 509 1474 ut
525 1413 585 1473 est.
610 1406 763 1474 Misimus
789 1407 875 1471 enim
892 1427 965 1471 cum
981 1405 1077 1472 dictis
1093 1405 1244 1491 Navigiis
1260 1407 1409 1473 soldatos
1424 1427 1523 1490 eque-

389 1521 475 1582 stres
491 1521 523 1582 et
538 1513 707 1598 pedestres
723 1514 927 1579 diversarum
943 1521 975 1578 et
991 1515 1133 1597 plurium
1150 1515 1344 1596 Nationum,
1354 1516 1438 1580 sicut
1449 1523 1525 1580 sunt

386 1621 551 1704 Alemani,
568 1620 713 1706 Angliei,
731 1621 895 1705 Hungari,
906 1621 1024 1706 Sclavi,
1033 1622 1143 1688 Italici
1161 1632 1194 1688 et
1210 1622 1477 1706 Ultramoutani,
1492 1627 1524 1686 et

387 1729 584 1813 hujusmodi,
595 1751 676 1814 quos
687 1734 848 1812 putamus.
865 1727 977 1813 Quare
987 1730 1071 1796 sicum
1080 1732 1172 1796 scitis
1183 1740 1259 1798 sunt
1268 1737 1384 1814 gentes
1394 1728 1525 1796 efrenes

387 1844 421 1904 et
433 1858 496 1921 que
507 1837 649 1922 regulari
659 1859 725 1904 non
735 1839 994 1922 possunt,invitis
1003 1840 1150 1923 patronis
1161 1847 1194 1906 et
1204 1838 1526 1924 prefectisNavigio-

387 1967 459 2012 rum
476 1947 519 2012 ad
536 1947 595 2014 hos
610 1952 702 2012 actus
713 1945 844 2013 illicitos
853 1948 1050 2031 prorupisse.
1066 1947 1165 2032 Quod
1181 1949 1262 2014 satis
1279 1948 1472 2014 verificatur
1487 1966 1525 2011 ex

386 2055 457 2138 hoc,
477 2056 609 2136 quodin
626 2077 724 2138 quam
743 2054 893 2138 pluribus
910 2054 988 2121 locis
1004 2054 1102 2121 Istrie
1113 2056 1303 2122 nostrismet
1318 2055 1475 2121 fidelibus
1492 2061 1526 2118 et

386 2160 543 2244 subjectis
559 2160 741 2226 intulerunt
758 2163 880 2228 damna
896 2161 1016 2227 similia
1026 2169 1061 2228 et
1071 2163 1206 2248 majora
1224 2162 1295 2230 Nec
1311 2162 1453 2246 estquid
1470 2182 1525 2227 no
1601 2158 1607 2171 '

386 2290 468 2350 vum3
478 2269 682 2334 meminimus
698 2269 793 2351 enim,
804 2269 880 2335 dum
892 2268 969 2334 olim
980 2269 1128 2336 dominus
1139 2270 1214 2336 Rex
1223 2275 1368 2337 mitteret
1377 2271 1526 2337 Bononi-

387 2398 440 2441 am
458 2375 502 2441 ad
520 2375 667 2441 Ecclesie
683 2374 833 2441 Romane
860 2378 996 2443 servicia
1017 2377 1261 2445 multitudinem
1276 2379 1525 2464 Hungarorum,

388 2485 536 2568 quamvis
552 2491 590 2551 ut
601 2486 802 2571 justissimus
818 2493 852 2552 et
868 2487 1138 2571 prudentissimus
1164 2489 1237 2554 Rex
1261 2488 1442 2555 efficaciter
1462 2489 1524 2554 auh

387 2596 481 2672 gravi
491 2594 742 2661 comminatione
755 2595 914 2679 jussisset,
928 2601 966 2660 ut
981 2597 1063 2662 nulli
1080 2597 1195 2678 amico,
1216 2599 1393 2682 presertim
1404 2597 1525 2663 nostris

387 2701 538 2770 fidelibus
554 2709 762 2770 transeuntes
778 2703 881 2769 ullam
897 2703 1207 2789 facerentinjuriam
1222 2707 1272 2770 vel
1287 2705 1460 2786 offensam;
1476 2711 1525 2768 ta·

387 2833 461 2877 men
471 2814 505 2876 in
515 2833 628 2878 eorum
639 2813 779 2880 transitu
789 2833 849 2896 per
859 2813 1081 2895 Trevisanam,
1092 2814 1148 2880 ubi
1158 2835 1272 2898 passus
1283 2813 1406 2880 liberos
1417 2821 1449 2879 et
1460 2814 1526 2878 sic·

389 2921 494 2987 tualia
503 2927 625 3006 parata
633 2944 694 3006 pro
706 2923 772 2986 suis
783 2923 931 3005 pecuniis
942 2921 1064 2988 habere
1077 2929 1240 3007 poterant,
1251 2920 1374 2988 damna
1383 2923 1419 2986 in
1429 2921 1526 2986 bonis

386 3035 421 3095 et
436 3028 535 3095 rebus
551 3036 737 3096 nostrorum
763 3029 909 3096 fidelium
935 3052 1034 3114 quam
1049 3031 1193 3114 plurima
1210 3031 1458 3096 committerunt
1478 3029 1523 3095 ad

387 3158 545 3203 summam
561 3137 649 3204 ultra
665 3137 767 3202 libras
784 3136 853 3221 Vffl,
871 3137 1044 3222 dequibus
1062 3138 1151 3203 facta
1170 3138 1371 3204 consciencia
1387 3138 1525 3202 domino

387 3246 472 3329 Regi
496 3268 554 3329 per
579 3267 638 3310 nos
663 3249 808 3329 graviter
824 3246 948 3328 doluit;
975 3269 1032 3312 nec
1057 3253 1168 3312 tamen
1195 3268 1299 3331 quare
1316 3269 1375 3330 per
1389 3268 1523 3312 omnem

387 3353 630 3420 multitudinem
646 3359 741 3420 erant
757 3354 936 3434 commissu,
954 3355 994 3419 de
1006 3355 1234 3420 satisfaccione
1244 3361 1432 3420 nostrorum
1448 3375 1524 3438 pro-

387 3463 490 3528 videri
506 3463 621 3545 potuit,
638 3461 687 3527 vel
713 3463 802 3527 aliud
819 3463 999 3528 remedium
1015 3463 1183 3544 adhiberi;
1200 3469 1233 3528 et
1248 3484 1307 3528 nos
1324 3445 1523 3547 cognoscem

387 3579 437 3637 tes
453 3591 560 3636 mores
576 3571 775 3636 exercituum
791 3571 825 3635 in
843 3570 1001 3636 similibus
1018 3569 1155 3652 casibus,
1172 3571 1376 3653 placavimus
1391 3579 1523 3636 nostros

386 3680 498 3746 fideles
524 3681 607 3745 sicut
623 3680 739 3745 melius
755 3679 928 3762 potuimus.
955 3677 1079 3746 Verum
1096 3685 1206 3744 tamen
1223 3679 1517 3762 quomodocunque

388 3790 449 3871 sit,
475 3791 558 3854 sicut
582 3789 791 3872 prediximus,
817 3787 856 3851 de
882 3787 1061 3868 commissis
1076 3809 1135 3872 per
1157 3793 1271 3870 gentes
1296 3787 1521 3871 predictorum

387 3897 589 3982 navigiorum
607 3903 794 3962 nostrorum
812 3918 878 3962 una
893 3897 1058 3962 vobiscum
1074 3895 1354 3962 vehementissime
1370 3895 1524 3962 condole-

388 4028 467 4073 mus,
477 4007 522 4073 Et
534 4006 731 4072 intendimus
741 4027 779 4071 ex
790 4011 883 4089 parte
900 4014 1014 4071 nostra
1030 4004 1204 4088 diligenter
1221 4005 1406 4087 inquirere3
1423 4011 1454 4069 et
1468 4025 1524 4068 ro·

388 4136 502 4200 gamus
518 4135 573 4180 ros
584 4113 770 4194 affectuose,
780 4114 867 4198 quod
878 4133 935 4180 vos
947 4135 985 4180 ex
996 4119 1088 4198 parte
1100 4120 1211 4179 vestra
1221 4115 1326 4178 eciam
1336 4113 1524 4197 inquiratis,

388 4232 419 4289 et
435 4247 561 4292 omnem
579 4223 844 4291 informacionem
861 4231 894 4291 et
909 4225 1095 4290 claritatem
1118 4245 1216 4308 quam
1232 4225 1378 4308 potestis,
1394 4229 1462 4288 tam
1477 4223 1523 4287 de.

387 4333 570 4399 nominibus
580 4341 794 4417 patronorum
804 4334 1015 4418 navigiorum,
1027 4355 1125 4418 quam
1138 4331 1354 4417 culpabilium
1365 4339 1395 4395 et
1406 4337 1520 4396 aucto-

387 4463 461 4506 rum
476 4442 622 4525 ipsorum
638 4443 839 4525 damnorum,
855 4442 882 4507 si
900 4442 1062 4525 quomodo
1082 4442 1197 4508 haberi
1213 4445 1332 4526 potest,
1348 4462 1447 4524 quam
1463 4462 1520 4504 ve-

387 4549 489 4618 locius
506 4557 539 4618 ct
556 4552 690 4618 celerius
701 4552 861 4638 poteritis,
877 4552 1120 4618 transmittatis,
1137 4549 1296 4636 ScicuteS,
1312 4549 1397 4636 quod
1415 4549 1522 4614 nostri
