3220 5248
359 340 423 402 540
716 355 950 403 nrrnousczrar
966 344 1135 408 asseras.

361 513 444 598 Regi
468 516 515 582 sic
540 515 701 582 eficaciter
726 517 883 583 mandare
899 515 994 584 Bane
1009 523 1043 584 et
1058 517 1131 607 aliis
1148 520 1224 601 suis,
1240 518 1330 602 quod
1347 541 1407 604 pro
1428 519 1483 584 boc
1578 481 1579 538 ἶ

360 624 410 688 rel
427 621 587 690 similibus
603 623 734 690 casibus
749 645 809 690 nos
825 645 889 690 non
906 625 1091 710 inquietent
1106 625 1253 694 ulterius.

467 769 502 832 (Α
518 767 627 820 »nisti«
642 769 730 820 ozimtl
743 771 881 822 velenczei
895 771 1123 838 ellamlrbnyvbttl
1137 773 1242 822 xm.
1257 773 1315 822 kot.
1333 775 1376 820 dt.
1390 772 1419 831 L)

358 943 406 1032 D)
446 945 583 1014 Ursio
621 947 941 1016 Bertalannak
981 951 1074 1016 eisd
1104 950 1336 1034 jelenttse
1375 971 1395 1015 a
1431 971 1485 1013 re·

667 1056 846 1124 lenczei
870 1056 1078 1140 dogehen,
1105 1061 1201 1124 1360.

467 1180 750 1249 Excellentissime
774 1183 916 1250 Domine
941 1185 995 1249 mi.
1021 1183 1087 1249 Per
1113 1205 1203 1249 meas
1228 1182 1359 1250 litteras
1396 1184 1485 1248 datas

359 1288 465 1355 Jadre
490 1289 544 1354 die
568 1287 707 1358 XXIV.
732 1293 852 1358 mensis
886 1292 1077 1358 Decembris
1111 1291 1261 1376 preteriti
1313 1289 1485 1357 Serenitati

359 1393 481 1463 Vestra
507 1397 663 1480 intimavi,
688 1399 832 1483 qualiter
858 1405 936 1466 tuno
960 1402 1117 1485 temporis
1144 1401 1184 1466 de
1219 1399 1360 1483 negotiis
1393 1397 1486 1465 michi

361 1506 542 1572 commissis
562 1506 610 1571 nil
625 1507 716 1574 eliud
731 1507 873 1574 seribere
889 1515 1047 1594 poteram,
1062 1509 1126 1574 nisi
1143 1508 1231 1594 quod
1249 1505 1292 1572 ad
1307 1506 1488 1590 requisicio

361 1635 435 1680 nem
461 1613 582 1680 domini
608 1613 694 1680 Beni
719 1637 785 1681 non
809 1615 932 1681 vellens
957 1615 1048 1682 aliud
1073 1614 1192 1699 facere,
1215 1613 1341 1681 fueram
1368 1615 1411 1689 in,
1432 1635 1486 1678 suo

362 1721 511 1789 Consilio
528 1721 643 1788 diebus
659 1723 712 1791 IV
728 1726 888 1808 cumipse
907 1723 1022 1801 Jadre,
1042 1724 1098 1790 ubi
1115 1729 1210 1790 erant
1225 1721 1297 1790 XV
1312 1723 1338 1789 J
1339 1721 1488 1788 adrenses

367 1831 454 1896 inter
478 1830 638 1896 Rectores
664 1837 697 1896 et
712 1830 804 1914 alios,
820 1833 877 1916 qui
894 1839 1009 1898 contre
1024 1853 1076 1898 me
1092 1832 1197 1898 multa
1212 1838 1247 1896 et
1262 1831 1392 1896 infinita
1407 1830 1490 1895 dixe·

365 1943 441 2004 rant
465 1944 498 2003 et
522 1937 747 2022 allegaverant
767 1962 865 2024 super
881 1940 1098 2024 peticionibus
1114 1961 1174 2024 per
1187 1959 1238 2004 me
1254 1937 1350 2003 factis
1367 1961 1388 2005 a
1407 1937 1490 2003 dicto
1580 1995 1581 2002 ,

361 2045 492 2112 domino
522 2045 625 2128 Bane,
659 2052 692 2112 et
723 2067 784 2131 ego
816 2070 890 2114 cum
924 2049 1012 2114 omni
1050 2047 1212 2114 modestia
1253 2046 1489 2114 substinueram

363 2153 539 2220 secundum
554 2173 661 2218 meam
677 2175 810 2238 parvam
821 2154 1054 2222 discrecionem
1065 2154 1221 2221 honorem
1236 2156 1335 2220 etius
1352 2159 1490 2219 restrum

361 2263 396 2328 in
420 2267 576 2347 quantum
601 2268 790 2346 potueram3
817 2262 894 2329 licet
908 2263 1126 2348 predixissem
1142 2263 1231 2328 dioto
1248 2261 1381 2328 domino
1400 2262 1491 2328 Bane

362 2369 562 2451 multociens,
588 2390 639 2435 me
663 2391 727 2435 non
752 2375 878 2437 venisse
902 2372 946 2438 ad
970 2370 1163 2454 dadrenseS,
1187 2392 1248 2437 nso
1277 2391 1353 2436 eum
1380 2370 1428 2436 eis
1460 2371 1491 2434 in

362 2478 427 2544 iste
450 2483 546 2562 parte
570 2477 697 2562 aliquid
722 2499 821 2561 agere
846 2478 1028 2560 habebam3
1055 2499 1131 2544 nam
1156 2477 1307 2543 dominus
1332 2475 1409 2542 Rex
1434 2477 1490 2542 soli

364 2582 494 2650 domino
509 2585 603 2650 Bane
621 2584 788 2652 scribebat
802 2590 837 2651 et
851 2585 1039 2652 mandabat.
1056 2584 1183 2651 Tamen
1199 2583 1238 2649 de
1254 2585 1323 2650 eius
1339 2585 1489 2650 mandato
1582 2655 1583 2658 Ἴ

363 2714 414 2758 me
439 2691 636 2777 opportebat
662 2693 709 2760 sic
733 2691 850 2772 facere,
876 2692 955 2775 quia
980 2692 1120 2776 dicebat,
1146 2693 1234 2776 quod
1261 2692 1302 2758 de
1327 2692 1400 2772 hiis,
1431 2711 1489 2775 qne

362 2800 526 2885 petebam,
550 2798 711 2883 tangebat
734 2801 759 2867 J
761 2800 923 2880 adrenses,
949 2801 1052 2866 eciam
1072 2801 1152 2885 quia
1168 2807 1243 2866 erat
1258 2797 1375 2866 Comes
1390 2799 1492 2866 Jadre
1582 2883 1583 2886 Ἴ

363 2908 567 2993 opportebat,
593 2908 681 2991 qnod
707 2909 754 2973 sic
779 2909 910 2974 omnino
935 2913 1031 2976 esset.
1057 2907 1164 2992 Super
1193 2907 1312 2991 quibus
1347 2905 1493 2972 omnibus
1582 2935 1583 3000 ζ

364 3017 503 3095 dixerat,
529 3015 615 3100 qnod
640 3017 739 3082 michi
765 3018 863 3083 daret
879 3037 953 3082 suas
971 3017 1207 3102 responsiones.
1228 3015 1295 3083 Sed
1321 3017 1398 3100 quia
1423 3035 1493 3098 pos·
1582 3015 1583 3078 i

364 3125 523 3190 sessiones
549 3145 601 3190 ser
627 3125 760 3190 Marini
778 3124 819 3189 de
845 3124 1014 3190 Canaruto
1042 3129 1138 3190 erant
1172 3131 1266 3190 extra
1300 3123 1494 3190 Districtum
1581 3137 1583 3144 ⁴

363 3230 478 3314 Jadre,
502 3230 708 3315 opportebat,
733 3229 820 3315 quod
837 3231 906 3314 ipse
922 3231 1059 3296 haberet
1075 3230 1242 3296 consilium
1259 3253 1333 3297 cum
1359 3227 1492 3310 Sclaris,
1581 3269 1583 3272 -

364 3346 397 3406 et
427 3338 514 3423 quod
543 3340 761 3405 iustrumenta
791 3359 923 3404 suarum
962 3339 1204 3423 possessionum
1245 3358 1373 3404 mecum
1410 3337 1493 3402 ferre

364 3448 516 3514 deberem
548 3447 702 3512 Tininum
733 3445 776 3512 ad
808 3467 897 3528 eum3
928 3447 980 3511 cui
1010 3447 1254 3530 respenderam,
1286 3445 1377 3528 quod
1407 3445 1493 3511 dieta

364 3559 580 3622 instrumenta
605 3554 780 3620 secundum
805 3575 911 3619 meam
936 3555 1192 3620 commissionem
1210 3553 1309 3618 michi
1334 3553 1416 3620 data
1440 3575 1493 3638 per

364 3664 487 3731 dictum
513 3684 565 3729 ser
589 3661 756 3728 Marinum
781 3662 871 3728 nullo
887 3663 985 3728 modo
1001 3661 1088 3728 serre
1104 3667 1275 3746 potueram
1290 3682 1426 3741 mecum,
1450 3667 1494 3726 set

365 3773 408 3840 ad
432 3775 501 3840 cius
528 3771 784 3838 declaraciouem
800 3772 879 3838 licet
894 3771 1029 3838 uidisset
1046 3771 1135 3837 dicta
1152 3771 1369 3836 instrumenta
1387 3777 1492 3836 auten·

364 3884 440 3964 tica,
464 3889 573 3948 tamen
599 3880 788 3949 reducerem
812 3882 845 3946 iu
871 3880 1004 3965 scriptis
1029 3901 1139 3946 eorum
1169 3879 1308 3963 copiam,
1343 3877 1493 3944 videlieet
1581 3911 1583 3972 3

366 3989 597 4070 millessimum,
627 3989 712 4054 diem
754 3988 971 4068 indictionem,
1010 4008 1160 4070 mensem,
1193 3987 1326 4052 nomina
1366 3985 1493 4066 notarii,

365 4099 552 4180 venditoris,
582 4097 738 4182 emptoris
770 4103 803 4161 et
834 4093 906 4160 loca
936 4116 1010 4160 cum
1042 4094 1110 4159 suis
1141 4093 1353 4180 choerenciis,
1390 4096 1494 4177 sicque

366 4213 539 4274 contentus
564 4205 672 4272 lueret
697 4211 730 4270 et
754 4203 903 4282 feceram,
920 4208 1021 4286 atque
1038 4201 1182 4286 qualiter
1198 4202 1238 4268 de
1255 4201 1325 4266 eius
1345 4202 1494 4268 mandato

366 4321 443 4398 post
467 4315 573 4398 ipsum
599 4314 687 4381 ibam
714 4311 877 4389 Tininum,
904 4333 963 4376 nec
987 4331 1084 4394 super
1110 4310 1184 4376 aliis
1217 4315 1393 4394 potueram
1426 4329 1494 4376 suas

367 4422 488 4489 habere
514 4421 729 4505 responsivas,
755 4424 804 4485 set
828 4417 928 4484 michi
945 4417 1102 4484 darentur
1119 4417 1241 4484 ibidem
1257 4417 1292 4482 in
1314 4418 1446 4501 scriptis
1461 4425 1492 4481 ut

368 4530 508 4611 dixerat,
532 4535 641 4596 temen
657 4527 756 4595 michi
786 4526 959 4594 ridebatur
975 4525 1097 4594 fectum
1112 4526 1147 4592 in
1162 4508 1296 4610 longum
1311 4525 1494 4609 procedere,
1581 4551 1583 4572 2
