3214 5260
1595 151 1600 163 .

368 345 433 410 486
717 361 951 412 nrrnonuczrur
969 351 1137 413 rucanas.

368 522 526 606 tedictos3
542 545 602 590 neo
611 523 732 608 aliquis
742 526 994 592 tributariorum
1012 524 1099 590 ultra
1116 525 1339 592 moderamina
1352 525 1493 612 predicta

369 632 402 696 in
419 632 498 715 ipsis
514 632 634 698 litteris
649 634 754 717 patris
766 635 870 700 nostri
881 655 1036 718 expressa
1051 633 1221 700 occasione
1237 636 1354 701 tributi
1369 633 1491 700 eosdem

370 740 554 822 angariare,
570 740 621 806 vel
636 760 773 806 munera
788 747 846 805 ant
862 742 999 807 honores
1016 740 1144 823 aliquos
1153 747 1264 824 petere
1275 743 1346 807 sine
1355 743 1493 824 recipere

370 852 539 930 presumat
555 845 596 912 ab
613 847 745 912 eisdem.
762 844 923 914 Volumus
940 845 1168 913 nichilominus
1184 853 1217 913 et
1233 849 1438 931 presencium
1453 869 1495 912 se·

371 953 420 1018 rie
436 955 679 1034 committimus,
694 960 730 1041 rt
744 953 882 1038 predicti
899 961 1095 1020 mercatores
1121 954 1307 1040 Pragenses
1323 961 1357 1020 et
1371 955 1495 1022 Nurim-

372 1059 548 1145 bergenses
565 1061 745 1127 tricesimas
762 1067 892 1128 nostras
910 1083 1003 1126 verns
1019 1068 1053 1126 et
1068 1063 1111 1127 ab
1127 1062 1262 1145 antiquo
1277 1063 1351 1128 dari
1373 1083 1496 1127 consue-

372 1173 434 1246 tas,
465 1174 563 1250 prout
586 1168 644 1253 alij
671 1174 870 1236 mercatores
896 1171 999 1235 nostri
1030 1169 1139 1251 Regni
1169 1171 1372 1252 persoluunt,
1402 1171 1447 1234 sic
1468 1173 1496 1234 et

372 1274 438 1357 ipsi
464 1274 648 1356 persoluere
673 1281 855 1342 teneantm·.
880 1278 926 1342 Et
951 1283 985 1340 rt
1009 1297 1143 1360 presens
1159 1283 1271 1342 nostra
1285 1277 1499 1342 innouaoioet

377 1380 588 1448 confirmacio
605 1381 705 1448 robur
721 1383 870 1450 obtineat
885 1391 1041 1467 perpetue
1058 1383 1230 1465 firmitatis,
1247 1405 1307 1450 nec
1322 1407 1382 1468 per
1398 1405 1498 1468 quem-

376 1489 464 1573 piam
480 1511 632 1556 successu
648 1497 831 1574 temporum
848 1490 958 1556 valeat
973 1494 1007 1557 in
1023 1492 1153 1558 irritum
1169 1492 1325 1573 reuocari,
1341 1497 1500 1576 presentes

373 1599 590 1663 concessimus
607 1597 735 1664 litteras
751 1605 879 1664 nostras
894 1598 1117 1681 priuilegiales
1134 1599 1274 1682 duplicis
1299 1605 1333 1664 et
1350 1599 1501 1664 autentici

375 1704 474 1786 sigilli
490 1706 595 1770 nostri
610 1706 788 1770 munimine
805 1705 984 1772 roboratus.
1013 1707 1139 1772 Datum
1154 1728 1214 1791 pcr
1230 1729 1345 1772 manus
1361 1705 1501 1776 Venera-

375 1812 451 1878 bilis
467 1813 501 1876 in
518 1811 650 1878 Christo
665 1813 779 1880 Patris
795 1813 918 1878 domini
929 1813 1060 1880 Nicolai
1070 1812 1320 1898 Archiepiscopi
1331 1812 1502 1879 Golochen·

376 1918 419 1986 sis
435 1919 523 1986 Aule
539 1927 648 1987 nostre
673 1920 870 2005 Cancellarij
897 1921 1011 1988 dilecti
1038 1927 1071 1986 et
1097 1920 1205 1986 fidelis
1218 1924 1322 1986 nostri
1338 1943 1426 1986 anno
1441 1919 1502 1985 Do

376 2026 455 2092 mini
471 2027 639 2092 millesimo
658 2024 745 2092 CCC
758 2028 1025 2112 quinquagesimo
1042 2029 1191 2111 septimo,
1211 2035 1330 2109 quarto
1350 2027 1502 2093 kalendas

376 2133 531 2217 Augusti,
555 2135 665 2218 Regni
692 2143 801 2202 autem
826 2138 930 2201 nostri
946 2159 1031 2202 anno
1047 2142 1137 2201 sexto
1153 2135 1286 2202 decimo.
1303 2135 1504 2203 Venerabili·

377 2243 438 2309 bus
454 2245 489 2308 in
505 2241 638 2309 Christo
653 2243 812 2310 Patribus
829 2250 863 2309 et
887 2244 1026 2309 dominis
1042 2241 1181 2308 Nicolao
1198 2242 1420 2326 strigoniensi
1435 2243 1504 2308 loci·

378 2373 444 2435 que
460 2351 606 2418 eiusdem
631 2347 758 2416 Comito
784 2349 961 2435 Perpetu0,
978 2357 1011 2414 et
1026 2348 1172 2434 Vgolino
1188 2349 1375 2432 Spalatensi
1392 2348 1505 2416 Archi·

378 2459 555 2543 episcopis,
572 2458 710 2526 Nicolao
727 2456 895 2542 Agriensi,
911 2459 1080 2524 Demetrio
1096 2457 1320 2541 waradiensi,
1336 2457 1504 2524 Dominico
1599 2487 1600 2490 ¹

378 2565 535 2634 Albensis
560 2566 708 2632 Ecclesia
736 2567 960 2646 Transiluane,
992 2565 1131 2632 Nicolao
1162 2545 1505 2650 Quinqueecclesieusi,
1599 2565 1600 2574 ’

380 2674 508 2741 Thema
525 2673 755 2754 Chanadiensi,
771 2672 940 2758 Stephano
956 2674 1182 2758 Zagrabiensi,
1197 2675 1352 2741 Johanne
1363 2673 1505 2756 Wespri·

379 2782 504 2861 miensi,
521 2781 700 2847 Oolomano
719 2782 898 2862 Jauriensi,
923 2783 1086 2848 Michaele
1111 2783 1293 2863 Waciensi,
1309 2782 1412 2847 Petro
1428 2779 1505 2845 Boz-

379 2891 478 2972 nensi,
494 2889 652 2956 fratribus
670 2889 839 2973 Stephano
864 2890 1045 2975 Nytriensi,
1061 2892 1188 2956 Thema
1205 2889 1399 2975 Syrimicnsi
1416 2889 1505 2972 Epis·
1598 2905 1599 2956 ζ

380 2998 470 3081 copis
494 2998 660 3066 Ecclesiae
686 2998 752 3062 Dei
768 2998 907 3064 feliciter
922 2998 1189 3083 gubernantibus.
1215 2997 1401 3080 Magnificis
1432 2997 1505 3060 viris
1597 2977 1599 2986 Α

380 3107 519 3174 Nicolao
534 3105 651 3170 Konth
666 3105 819 3171 Palatino
836 3111 869 3170 et
884 3106 1002 3172 Jndice
1019 3104 1248 3187 Cumanorum,
1264 3103 1506 3186 Andreach·
1598 3087 1599 3158 ζ

381 3215 469 3280 unda
484 3213 729 3294 Transsituano,
754 3212 893 3278 Nicolao
919 3215 943 3282 J
945 3215 1038 3279 udioe
1054 3213 1154 3280 Curie
1170 3220 1291 3294 nostre,
1307 3209 1424 3295 Ohyko
1438 3209 1506 3276 Ma·
1598 3255 1599 3258 ,

381 3323 482 3406 gistro
508 3322 765 3388 Tauurnicorum
791 3331 985 3406 nostrorum,
1011 3324 1151 3390 Nicolao
1176 3324 1270 3388 Bane
1295 3324 1336 3387 de
1358 3319 1506 3397 Machor,
1598 3321 1599 3324 ’

379 3429 581 3496 Leustacbio
597 3432 703 3496 tocius
728 3429 899 3498 Solanonie
918 3431 1084 3498 Banatum
1100 3438 1241 3512 tenente,
1256 3428 1392 3496 Leukos
1409 3425 1506 3509 Dapi·

382 3538 525 3604 ferorum
556 3543 590 3602 et
620 3537 874 3616 Pincernarum,
908 3539 1068 3620 Dyonisio
1100 3538 1294 3622 Agasonum
1325 3540 1506 3600 nostrorum

383 3645 511 3711 Thema
525 3644 715 3711 Janitornrn
730 3653 917 3712 nostrorum
933 3647 1113 3730 magistris,
1129 3669 1168 3710 ac
1184 3645 1323 3729 Symone
1339 3643 1407 3708 filio
1418 3639 1508 3706 Mau-

383 3753 455 3837 rieij
473 3749 602 3818 Gemite
618 3751 817 3835 Posoniensi,
842 3753 979 3837 alijsquc
1003 3775 1103 3837 qnam
1119 3754 1268 3837 pluribus
1284 3753 1394 3836 Regni
1408 3751 1507 3816 nostri

384 3861 570 3928 Comitatus
586 3860 772 3926 tenentibus
788 3869 820 3927 et
837 3862 984 3928 honores

492 4005 630 4068 (Eredetie
639 4005 813 4070 bttrhartye'm
826 4006 1000 4071 akiralynak
1013 4007 1099 4071 t'uggb
1108 4006 1228 4071 pensetje
1238 4006 1317 4068 alatt,
1328 4004 1419 4070 Pretga
1431 4003 1508 4055 vetros

384 4095 596 4157 leveltaraban.)
609 4137 615 4152 ,

869 4260 911 4268 -ι
933 4261 988 4268 --,
1000 4259 1025 4268 ιι-
