3166 5256
402 358 444 420 92
708 357 714 362 ’
759 379 992 426 nnncmczmr
1009 369 1176 428 aurnuns.

400 533 541 602 Notario
567 537 638 602 viso
653 544 686 603 et
701 539 804 619 lect03
820 545 854 604 et
868 539 1034 623 Egregius
1050 547 1083 606 et
1097 547 1212 624 potens
1228 542 1277 606 vir
1293 535 1445 608 dominus
1460 540 1536 606 Ma

400 625 529 708 larlinus
554 642 654 727 Olise,
672 641 808 712 Almisii
823 652 858 712 et
872 643 1039 713 Scardone
1057 649 1182 728 Comes
1199 654 1234 714 et
1249 648 1404 732 providus
1420 656 1453 715 et
1470 651 1535 715 dis-

400 756 508 818 cretus
532 753 581 816 vir
607 773 658 817 ser
683 752 832 819 Jacobus
858 755 998 821 condam
1021 755 1151 822 Nicolai
1176 753 1296 822 Gelani
1312 757 1353 822 de
1370 755 1537 825 Glemona

400 857 588 940 Vicecqmes
613 859 726 926 Castri
752 857 935 928 Ostrovizic
958 863 1095 946 Egregii
1118 870 1150 929 et
1175 865 1295 931 nobilis
1323 866 1385 931 viri
1410 867 1537 932 domini

400 962 498 1032 Pauli
524 963 663 1034 Comitis
680 969 758 1034 dicti
775 967 885 1035 (lustri
902 967 1085 1037 Ostrovicie
1101 976 1134 1036 et
1149 977 1342 1055 procurator
1357 973 1462 1057 ipsius
1478 975 1537 1041 do·

399 1074 478 1138 mini
494 1075 592 1141 Pauli
608 1073 755 1157 Comitis,
771 1078 931 1160 legittime
948 1078 991 1142 ad
1000 1077 1214 1162 infrascripta
1229 1081 1338 1146 omnia
1353 1088 1387 1146 et
1403 1081 1537 1165 singula

399 1186 528 1248 creatus
553 1190 586 1249 et
611 1189 814 1266 constitutae,
838 1192 876 1250 nt
902 1186 941 1252 de
960 1187 1191 1270 procuratione
1211 1209 1268 1254 seu
1283 1189 1443 1256 mandato
1459 1213 1536 1256 con-

401 1295 469 1355 stat
493 1292 708 1358 instrumento
732 1294 864 1378 publico
890 1295 1011 1378 scripto
1036 1302 1069 1360 et
1083 1294 1277 1362 imbreviato
1294 1317 1394 1362 manu
1409 1298 1536 1364 Delfini

400 1400 567 1480 quondam
591 1401 685 1468 Petri
710 1403 750 1468 de
766 1401 966 1469 Monteiorte
981 1402 1152 1488 Imperiali
1168 1405 1365 1470 anctoritate
1381 1405 1536 1472 Notarrii

401 1506 529 1573 Publici
546 1510 580 1574 in
589 1510 761 1577 millesimo
778 1512 1004 1578 trecentesimo
1020 1512 1273 1597 quadragesimo
1290 1514 1415 1596 quinto,
1432 1513 1535 1578 indic

399 1616 487 1680 tione
512 1617 749 1700 tertiadecima,
774 1619 828 1685 die
854 1619 1042 1686 duodecimo
1067 1620 1187 1686 mensis
1212 1617 1425 1704 Septembris,
1444 1643 1465 1687 a
1481 1643 1535 1686 me

399 1721 540 1790 Notario
565 1726 711 1810 predicto
736 1733 769 1792 et
783 1727 994 1812 infrascripto
1009 1727 1078 1792 viso
1095 1732 1127 1792 et
1141 1726 1235 1792 lecto.
1252 1727 1375 1796 Omnes
1391 1729 1533 1811 predicti

401 1836 434 1895 et
459 1831 597 1912 quilibet
621 1855 732 1899 eorum
758 1841 874 1919 sponte
890 1841 977 1900 etex
994 1841 1085 1900 certa
1100 1835 1222 1900 scienta
1237 1841 1270 1899 et
1285 1855 1349 1900 non
1365 1857 1425 1920 per
1442 1857 1533 1902 erro·

400 1960 478 2018 rem,
503 1943 590 2006 omni
615 1943 726 2020 modo,
746 1945 827 2027 iure,
851 1942 958 2008 forma
983 1949 1017 2008 et
1032 1961 1138 2025 causa,
1154 1942 1273 2026 quibus
1288 1943 1404 2009 melius
1420 1951 1534 2028 potne-

400 2052 487 2129 runt,
512 2038 663 2116 videlieet
686 2051 823 2134 predicti
848 2049 982 2134 Egregii
1008 2058 1040 2115 et
1058 2055 1206 2135 potentes
1225 2051 1288 2118 viri
1304 2051 1455 2118 dominus
1470 2051 1533 2116 Pe-

298 2227 301 2234 ,
399 2157 472 2216 trus
487 2151 685 2237 Gredonico,
710 2157 845 2224 Marcus
869 2157 957 2224 Celsi
982 2164 1015 2223 et
1030 2157 1187 2226 Nicolaus
1203 2157 1339 2243 Sanuto,
1355 2159 1535 2225 sindica-rio

400 2263 530 2328 nomine
555 2263 676 2348 prelati
701 2263 847 2331 Illustris
874 2273 907 2331 et
931 2266 1060 2332 Excelsi
1080 2265 1223 2347 Domini,
1243 2266 1365 2332 domini
1380 2266 1484 2332 Ducis
1502 2273 1535 2330 et

403 2365 591 2436 Communis
615 2371 849 2455 Venetiarum;
866 2379 898 2440 et
916 2375 1079 2458 Egregius
1096 2381 1129 2439 et
1144 2379 1262 2458 potens
1276 2375 1325 2439 vir
1341 2374 1535 2440 Maladinus

315 2549 320 2558 ,
402 2478 570 2560 predictus
594 2501 655 2565 pro
681 2504 716 2547 se
741 2488 774 2548 et
798 2481 963 2548 nobilibus
978 2481 1056 2546 viris
1073 2480 1211 2546 dominis
1227 2478 1410 2547 (inmitibus
1425 2479 1535 2546 Paulo

402 2591 437 2650 et
460 2587 622 2675 Deodato,
646 2586 805 2656 fratribus
831 2590 907 2672 suis,
932 2611 992 2673 pro
1018 2587 1135 2674 quibus
1161 2589 1312 2671 promisit
1336 2588 1376 2656 de
1392 2597 1477 2672 rato,
1495 2611 1535 2654 ae

399 2693 498 2760 etiam
514 2717 548 2760 se
563 2696 725 2763 facturum
741 2705 774 2764 et
784 2705 982 2779 curaturum,
1000 2696 1088 2782 quod
1103 2697 1166 2782 ipsi
1183 2704 1215 2762 et
1231 2697 1368 2782 quilibet
1384 2698 1532 2782 ipsorum

401 2804 582 2889 attendent,
606 2805 826 2873 observabunt
850 2811 883 2872 et
907 2805 1133 2890 adimplebunt
1157 2806 1267 2871 omnia
1292 2811 1326 2871 et
1342 2805 1472 2890 singula
1487 2808 1536 2871 in-

400 2911 575 2997 frascripta
589 2939 596 2980 :
612 2919 645 2978 et
660 2914 823 2998 predictus
839 2913 995 2998 providus
1010 2918 1043 2978 et
1061 2913 1222 2978 discretus
1242 2914 1292 2979 vir
1309 2933 1362 2977 scr
1377 2912 1535 2988 «lacobus

288 3063 294 3070 -
401 3021 628 3105 procuratorio
649 3023 778 3087 nomine
794 3021 873 3086 dicti
889 3019 1013 3086 domini
1030 3019 1127 3085 Pauli
1144 3017 1288 3104 Comitis,
1304 3026 1534 3102 convenerunt,
1562 3047 1566 3054 ·

402 3134 600 3211 statuerunt,
625 3128 860 3195 ordinaverunt
889 3127 1076 3193 nominibus
1108 3125 1273 3210 predictis,
1298 3135 1332 3192 et
1358 3126 1401 3192 ad
1415 3127 1535 3193 intras·

402 3237 508 3319 cripta
523 3243 631 3320 pacta,
646 3237 875 3302 conventiones
891 3237 978 3302 inter
994 3255 1048 3300 eos
1065 3241 1099 3301 et
1115 3233 1292 3319 quemlibet
1307 3237 1454 3319 ipsorum
1469 3234 1535 3300 dir-

402 3344 444 3408 tis
461 3345 653 3425 nominibus²
670 3344 799 3411 adiecta
810 3351 843 3410 et
853 3345 1006 3429 apposita
1017 3343 1152 3409 solemni
1164 3342 1375 3427 stipulatione
1394 3343 1533 3422 firmata,

406 3450 622 3534 devenerunt3
653 3452 813 3536 videlicet,
839 3451 925 3536 quod
950 3452 1117 3536 predictus
1139 3449 1306 3535 Egregius
1345 3456 1379 3517 et
1417 3458 1535 3535 potens

402 3561 451 3624 vir
467 3559 615 3625 dominus
641 3558 831 3625 Maladinus
858 3557 975 3624 Comes
1012 3578 1072 3643 pro
1113 3579 1160 3640 se,
1200 3565 1232 3623 et
1270 3557 1339 3622 vice
1370 3558 1532 3624 dictorum

403 3690 535 3736 suorum
573 3668 724 3751 fratrum,
755 3689 815 3753 pro
846 3669 963 3752 quibus
988 3669 1139 3753 promisit
1163 3666 1206 3732 de
1242 3672 1328 3748 rato,
1358 3673 1396 3731 ut
1426 3688 1536 3750 supra,

402 3787 435 3848 ct
453 3777 619 3862 predictos
634 3798 686 3844 ser
702 3776 846 3844 Jacobns
862 3777 1091 3862 procuratorio
1123 3776 1252 3841 nomine
1283 3775 1431 3859 predicto
1464 3796 1534 3859 pro

402 3889 563 3956 miserunt
593 3895 626 3954 et
660 3893 879 3953 convenerunt
910 3886 1123 3971 stipulatione
1149 3885 1284 3951 solemni
1300 3883 1460 3969 predictis
1469 3883 1535 3965 Eg-

401 3999 502 4082 regiis
528 4004 563 4064 et
586 3997 752 4064 nobilibus
777 3997 855 4062 viris
880 3997 1019 4063 dominis
1049 3995 1153 4061 Petro
1186 3992 1386 4076 Gredonico,
1417 3991 1535 4058 Marco

403 4105 494 4172 Celsi
520 4115 552 4173 et
576 4106 715 4173 Nicolao
741 4104 868 4172 Sanutc
895 4106 1029 4173 sindicis
1055 4111 1088 4170 et
1109 4103 1285 4170 sindicario
1310 4104 1441 4169 nomine
1457 4101 1535 4167 reci·

402 4216 568 4300 pientibus
592 4235 654 4299 pro
678 4213 827 4298 predicto
853 4213 988 4279 Illustre
1015 4220 1047 4278 et
1070 4212 1211 4278 Excelsa
1236 4211 1390 4292 Domino,
1405 4210 1535 4276 domino

404 4323 496 4388 Duce
527 4329 560 4388 et
587 4323 761 4390 Communi
793 4321 1009 4390 Venatierum
1041 4321 1178 4387 viriliter
1220 4319 1455 4404 dampnificare
1505 4323 1533 4380 et

405 4429 568 4496 offendere
593 4430 793 4496 Jadratinos
819 4431 853 4495 in
878 4431 997 4496 havere
1014 4436 1047 4494 et
1069 4430 1217 4513 personis
1233 4449 1292 4512 per
1323 4433 1431 4494 totum
1462 4431 1538 4490 tem·

405 4562 477 4628 pus,
503 4560 566 4624 quo
594 4559 713 4630 guerra
740 4537 884 4626 durabit,
910 4545 1078 4605 eteorum
1111 4536 1288 4623 quemlibet
1312 4557 1351 4602 ac
1377 4533 1538 4620 quoslibet
