3134 5252
741 368 975 418 aretoaseztar
993 355 1163 416 mutarn.

902 661 976 723 213.

381 817 410 880 A
431 818 583 882 veleacaei
598 817 941 905 komncaytaacorrak
966 819 1060 883 levale
1076 842 1098 882 a
1115 823 1203 884 ardu
1218 820 1416 884 cdlasztdboz
1432 821 1493 884 Mo·

576 927 850 1014 pyaroraariqqali
865 926 1190 1016 eqyeaetlease'peirdl.
1211 927 1310 992 1347.

486 1083 585 1150 Anno
615 1083 895 1153 MOOOXLVII.
919 1087 971 1152 die
988 1085 1088 1155 XIV.
1102 1085 1195 1152 Maii
1219 1085 1382 1170 Capta:
1406 1085 1491 1171 Quod
1564 1131 1566 1170 ἐ

379 1193 615 1276 respondeatur
633 1192 722 1260 Duci
739 1193 883 1262 Saxonis
899 1197 933 1261 in
949 1194 1011 1261 hac
1027 1194 1149 1261 forma:

487 1301 669 1369 Intellectis
685 1302 805 1369 litteris
820 1304 1037 1370 benivolentia
1052 1291 1166 1384 vestre,
1192 1325 1251 1369 neo
1267 1326 1333 1370 non
1348 1303 1418 1384 hiis,
1441 1323 1493 1387 que
1564 1299 1566 1362 Ξ

378 1409 569 1479 Vecellinus
585 1432 698 1476 earum
715 1411 802 1476 lator
819 1411 913 1476 nobis
929 1412 1080 1496 exposuit
1096 1419 1189 1496 parte
1208 1419 1327 1494 vestra,
1344 1412 1493 1476 continen-
1564 1445 1566 1486 ς

379 1519 466 1585 tibus
482 1519 516 1583 in
532 1515 658 1599 effectu,
681 1519 840 1602 quadros
857 1518 1048 1586 affectantes
1074 1520 1193 1587 bonum
1210 1525 1333 1585 statum
1348 1519 1429 1583 inter
1443 1517 1489 1582 do·

378 1627 500 1690 minum
516 1625 640 1710 Regem
657 1626 830 1711 Hungarie
860 1633 894 1691 et
910 1648 978 1711 nos,
1001 1626 1128 1694 velletis
1154 1628 1363 1710 interponere
1387 1647 1446 1708 ros,
1466 1625 1488 1686 si
1564 1615 1566 1672 l

378 1731 579 1798 voluntatem
594 1740 742 1799 nostram
758 1735 895 1816 semotis
913 1733 1158 1819 Magnificentie
1167 1733 1287 1804 Vestro
1299 1755 1415 1818 puram
1424 1733 1492 1798 reri-
1565 1717 1566 1726 ἵ

378 1846 481 1905 tatem
497 1845 530 1905 et
545 1841 764 1906 substantiam
780 1841 858 1907 facti
874 1843 1027 1908 duximus
1051 1841 1260 1925 presentibus
1285 1839 1490 1917 reserandum,
1564 1873 1566 1946 Ξ

376 1947 528 2016 videlicet
537 1949 624 2031 quod
641 1949 719 2015 dum
734 1950 849 2015 civitas
867 1956 979 2016 nostra
993 1949 1108 2030 Jadre,
1132 1972 1232 2033 quam
1248 1971 1323 2014 eum
1337 1947 1429 2033 pleno
1445 1947 1490 2011 do·

377 2056 476 2121 minio
493 2055 695 2140 possedimus
711 2061 868 2124 trecentis
887 2060 981 2124 annis
998 2065 1031 2124 et
1045 2057 1144 2140 ultra,
1166 2058 1260 2124 nobis
1287 2055 1402 2122 suisset
1418 2053 1492 2119 iacta
1564 2033 1566 2124 l

377 2162 517 2245 rebellis,
539 2162 737 2254 misissemus
769 2172 917 2231 nostrum
948 2172 1115 2249 potentem
1140 2164 1320 2229 exercitum
1339 2185 1398 2246 per
1412 2181 1491 2226 mare

377 2277 411 2334 et
426 2291 486 2354 per
505 2276 630 2338 terram
654 2291 714 2355 pro
739 2274 987 2357 recuperatione
1012 2275 1132 2358 ipsius3
1156 2271 1389 2338 Serenissimus
1404 2267 1491 2334 domi·

377 2399 436 2444 nus
467 2377 542 2445 Rex
572 2379 755 2463 Hungarie‚
776 2381 819 2447 ob
850 2404 914 2447 non
944 2382 1120 2454 veridicam
1150 2379 1414 2446 informacionem
1438 2375 1491 2442 sibi
1563 2429 1566 2450 ,,

377 2486 499 2567 datam,
514 2486 687 2554 declinavit
704 2509 777 2554 cum
792 2510 913 2574 magna
928 2491 1075 2574 potentia
1090 2489 1133 2554 ad
1149 2495 1259 2573 partes
1275 2487 1359 2568 illas,
1382 2484 1490 2566 volens,
1562 2483 1566 2510 ¹

377 2599 414 2658 ut
428 2593 630 2661 obsidionem
644 2604 793 2663 nostram
818 2619 968 2665 amovere
993 2596 1194 2664 deberemus.
1217 2596 1270 2662 De
1286 2615 1352 2678 qua
1371 2591 1490 2677 quidem
1563 2617 1565 2662 ς

376 2700 522 2766 novitate
536 2704 700 2786 potuimus
731 2706 848 2770 merito
864 2703 1032 2788 admirari,
1055 2704 1193 2768 maxime
1219 2689 1350 2768 attenta
1377 2701 1491 2764 sincera
1563 2681 1565 2708 ¹

375 2809 549 2876 devocione
565 2818 599 2877 et
613 2811 843 2894 benivolentia,
854 2834 953 2897 quam
969 2812 1012 2878 ad
1027 2809 1130 2879 Suam
1147 2811 1358 2878 Maiestatem
1374 2807 1492 2892 gereba·
1563 2831 1565 2892 3

376 2937 447 2982 mus
462 2918 503 2984 ob
520 2919 690 3002 antiquam
722 2919 934 3002 devotionem,
957 2941 1021 3005 que
1047 2940 1174 3004 semper
1190 2917 1295 3001 riguit
1309 2916 1394 2981 inter
1409 2913 1492 2979 Sere
1563 2915 1565 2946 ²

375 3025 526 3091 nissimos
536 3025 683 3092 dominos
693 3025 812 3112 Regae,
821 3028 1066 3112 predecessores
1083 3048 1168 3109 suos,
1184 3032 1218 3091 et
1232 3031 1379 3091 nostrum
1389 3021 1491 3087 Domi·

375 3133 473 3216 nium,
497 3139 530 3200 et
545 3137 684 3201 maxime
708 3141 836 3220 patrem
860 3143 894 3201 et
908 3143 1046 3202 matrem
1071 3135 1149 3216 eius,
1182 3133 1299 3217 quibus
1325 3138 1420 3216 grata
1434 3151 1491 3194 ser·

375 3239 455 3306 vitia
470 3241 652 3308 exibuimus
667 3242 868 3327 temporibus
883 3245 1066 3311 retroactis.
1088 3243 1134 3310 Et
1152 3243 1230 3308 licet
1245 3239 1365 3306 amodo
1380 3237 1491 3321 pluries

375 3348 465 3414 dicta
480 3356 592 3416 nostra
617 3349 735 3417 civitas
765 3350 979 3417 rebellionem
1003 3351 1249 3435 presumpserit,
1271 3368 1435 3431 nunquam
1450 3352 1491 3410 ta-
1561 3357 1564 3424 ,³

374 3477 448 3521 men
463 3456 584 3540 prefati
599 3458 847 3542 predecessores
868 3460 918 3525 sui
942 3459 983 3526 de
999 3460 1049 3525 his
1061 3458 1163 3525 modo
1188 3458 1299 3541 aliquo
1316 3477 1352 3521 se
1368 3451 1492 3538 impedi·
1562 3433 1564 3486 ²

374 3569 499 3646 verunt,
515 3585 587 3648 ymo
604 3567 822 3650 permiserunt
836 3589 896 3634 nos
913 3568 981 3633 sine
997 3567 1111 3652 alique
1126 3564 1277 3632 molestia
1291 3562 1400 3630 facere
1413 3559 1492 3625 faeta
1562 3581 1564 3656 ἐ

376 3678 498 3754 nostra,
522 3681 768 3756 perseverantes
793 3676 947 3741 continue
971 3676 1139 3742 nobiscum
1155 3675 1190 3740 in
1216 3673 1326 3756 quiete
1342 3676 1377 3735 et
1392 3685 1491 3733 amore

373 3781 508 3862 sincero,
530 3787 629 3865 prout
643 3780 704 3848 hec
718 3784 826 3850 omnia
841 3784 905 3850 toti
920 3784 1041 3849 mundo
1057 3787 1191 3867 possunt
1206 3801 1274 3845 esse
1288 3777 1427 3844 notoria.
1449 3773 1489 3840 Et
1562 3783 1564 3868 g

373 3889 454 3954 certi
470 3888 645 3971 reddimur,
669 3890 759 3973 quod
781 3896 877 3958 tanta
893 3897 942 3957 est
965 3892 1128 3975 sapientia
1153 3888 1274 3954 domini
1299 3886 1403 3970 Regis
1428 3902 1491 3966 pre·
1523 3951 1527 3958 ,

372 3994 445 4074 fati,
468 3995 558 4079 quod
587 3996 650 4061 nisi
682 3995 797 4062 fuisset
826 3999 972 4064 indebita
1003 3997 1190 4064 informatio
1223 3993 1400 4072 antedicta,
1421 3992 1491 4073 ipse,

373 4123 510 4187 sequens
535 4104 779 4187 progenitorum
806 4127 935 4170 suorum
960 4106 1110 4190 vestigia,
1133 4126 1165 4170 se
1191 4122 1255 4168 non
1270 4098 1492 4166 intromisisset
1561 4115 1563 4182 j

372 4208 561 4293 aliqualiter
592 4210 626 4277 iu
656 4211 821 4296 predictis.
853 4209 950 4279 Vnde
982 4234 1056 4278 cum
1086 4211 1190 4278 omnis
1215 4229 1313 4274 causa
1340 4203 1492 4273 discordie
1561 4219 1563 4288 ;

374 4337 511 4400 prorsus
529 4323 633 4384 cesset
658 4342 678 4384 a
703 4318 807 4400 nobis,
831 4321 900 4386 eius
916 4320 1076 4387 Maiestas
1101 4317 1343 4385 rationabiliter
1369 4321 1493 4380 etcum
1561 4305 1563 4414 J

290 4445 296 4454 ·
372 4445 492 4508 magno
509 4424 632 4492 honore
649 4426 756 4510 Regni
774 4429 842 4493 eius
859 4427 1021 4513 deponere
1036 4433 1146 4511 posset
1162 4423 1342 4507 quamlibet
1358 4421 1493 4506 gravite-

372 4537 450 4618 tem,
460 4541 492 4600 et
507 4555 567 4600 nos
584 4555 622 4600 ac
639 4541 787 4602 nostrum
803 4536 992 4603 Dominium
1007 4556 1096 4602 more
1106 4531 1354 4620 progenitorum
1369 4545 1491 4594 sucrum
1561 4569 1563 4630 ἔ
