3220 5248
757 347 991 392 oreuouaczrar
1007 338 1175 395 nurmuau.

928 565 1004 626 434.

404 719 430 782 I.
447 720 605 785 Johaana
631 721 760 786 sicilici
776 723 931 808 kirdlyue‘
945 723 1058 788 Jakab
1073 681 1237 790 moiorcai
1253 727 1432 814 kirdlplyal
1445 729 1507 790 linr-

402 829 519 892 modilc
544 831 768 916 brizassdpdro
797 831 919 916 lopoe‘a,
950 831 985 894 V.
1008 832 1119 896 Orode
1130 840 1225 920 po'pa
1242 847 1286 898 ezt
1307 835 1328 897 l.
1345 837 1508 921 Lajoemo·
1584 841 1586 864 ³

687 961 772 1024 pyor
788 939 971 1024 lrirdlynok
988 941 1133 1026 ajduljo.
1152 944 1247 1006 1363.

507 1095 665 1164 Vrbanus
690 1104 749 1162 etc.
775 1097 943 1164 carissimo
969 1101 1002 1163 in
1024 1099 1155 1165 Christo
1172 1100 1239 1166 filio
1256 1101 1420 1166 Ludorico
1439 1101 1508 1184 Regi

398 1203 545 1287 Vngarie
571 1207 702 1286 illustri,
727 1207 866 1272 salutem
892 1215 951 1272 etc.
980 1205 1036 1272 Ad
1064 1208 1135 1274 Tue
1162 1209 1360 1275 Serenitatis
1376 1211 1509 1275 noticiam

398 1313 559 1379 credimus
590 1316 782 1398 pervenisse,
813 1315 901 1398 quod
934 1316 1094 1380 carissimi
1125 1317 1158 1380 in
1191 1314 1325 1382 Christo
1346 1317 1403 1381 filii
1422 1317 1508 1382 nostri

398 1421 423 1486 J
424 1421 547 1486 acobus
563 1421 633 1486 Rex
650 1423 895 1506 Maioricarum,
906 1445 944 1488 ac
954 1423 979 1488 J
981 1423 1110 1489 ohanna
1119 1422 1252 1508 Regina
1263 1423 1376 1490 Sicilie
1385 1424 1510 1489 illustres

398 1530 642 1596 matrimonium
669 1532 806 1596 inricem
831 1537 1075 1613 contraxerunt,
1100 1533 1140 1598 de
1157 1553 1222 1615 qno
1239 1531 1363 1599 Sancta
1379 1533 1510 1598 Romana

401 1635 558 1717 Ecclesia,
575 1639 788 1704 consideratis
807 1638 881 1720 fide,
896 1639 1084 1723 prudencia,
1101 1642 1241 1723 aliisque
1258 1641 1430 1706 virtutibus
1446 1641 1510 1704 dieti

398 1743 508 1827 Regis,
532 1765 592 1810 nec
616 1767 681 1810 non
698 1748 797 1812 certis
819 1749 1084 1814 conventionibus
1101 1749 1224 1814 habitis
1239 1751 1324 1814 inter
1341 1771 1403 1828 eos,
1419 1755 1447 1812 et
1461 1769 1509 1831 per

397 1853 518 1919 dietum
543 1855 667 1937 Regem
695 1857 882 1922 solemniter
906 1858 1073 1942 promissis
1099 1863 1132 1921 ct
1162 1839 1348 1922 iuramento
1378 1857 1509 1935 firmatis

397 1984 456 2045 pro
482 1963 603 2028 bonore
628 1965 730 2048 ipsius
756 1964 903 2031 Ecclesie
929 1985 967 2031 ac
992 1967 1118 2030 Domus
1145 1967 1248 2047 Regie
1275 1965 1360 2030 dicte
1389 1965 1507 2048 Regino,

396 2075 549 2152 statuque
565 2072 701 2155 pacifico
718 2093 756 2136 ac
772 2071 874 2138 libero
891 2071 1000 2156 Regni
1018 2071 1128 2138 Sicilie
1139 2077 1359 2138 contentatur.
1376 2073 1509 2155 Eeprop-

396 2181 447 2240 ter
464 2179 702 2245 Excellentionr
720 2179 825 2248 Tuam
841 2181 935 2246 decet
951 2201 985 2244 se
1001 2181 1149 2250 Ecclesia
1166 2177 1292 2262 prefate
1311 2179 1510 2263 beneplacitis

396 2285 608 2369 conformare,
639 2295 671 2352 et
701 2289 735 2352 id
767 2290 855 2372 quod
885 2309 945 2374 pro
977 2288 1105 2353 meliori
1138 2288 1241 2352 multa
1261 2293 1311 2351 est
1334 2288 1510 2352 maturitate

399 2395 573 2478 firmatum,
598 2394 722 2478 Regiis,
748 2396 917 2462 affectibus
944 2395 1122 2479 applicare,
1152 2416 1191 2459 ac
1222 2393 1359 2459 eundem
1391 2395 1509 2475 Regem,

397 2504 452 2584 qui
470 2505 537 2568 suis
562 2502 729 2586 elegendis
744 2503 828 2588 (lgy)
854 2505 999 2570 moribus
1023 2503 1147 2569 cunctis
1165 2525 1199 2567 se
1216 2501 1328 2567 reddit
1344 2502 1509 2574 amabilem,

396 2616 428 2676 et
444 2613 475 2675 in
492 2620 665 2695 conspectu
683 2611 779 2678 Sedis
795 2611 989 2697 Apostolice
1005 2613 1199 2697 graciosum,
1215 2611 1361 2676 fraterne
1377 2611 1512 2693 diligere,

394 2740 432 2782 ac
457 2723 556 2784 etiam
581 2721 750 2786 honorare.
775 2721 899 2786 Datum
930 2719 1092 2788 Avinione
1124 2719 1203 2788 Vll.
1235 2719 1394 2784 kalendas
1425 2718 1505 2782 Maii.

395 2828 610 2894 Pontificatus
627 2829 730 2894 nostri
746 2851 831 2894 anno
848 2831 961 2913 primo.

744 2939 786 2998 (V.
802 2938 896 2988 Orbtn
909 2939 979 3004 papa
999 2937 1184 3002 regestaibol.)

923 3228 998 3292 435.

402 3391 495 3455 Urm'o
513 3387 744 3453 Bertolonuole
760 3411 782 3450 a
797 3387 950 3450 veleaczei
965 3386 1184 3471 lc'o'ztdreoso‘p,
1202 3387 1284 3470 leopy
1300 3386 1325 3447 Ι.
1345 3385 1438 3469 Lop'oe
1452 3404 1513 3444 mo·

392 3517 478 3584 pyrre·
503 3497 628 3583 leia-dlyt
654 3521 674 3559 α
704 3495 882 3558 Paductool
900 3492 1085 3578 fearrforpo'
1116 3493 1402 3577 eppenetlense'qdre
1431 3491 1515 3551 odera

771 3602 962 3689 oildpoeltso
970 3600 1033 3685 fel.
1053 3601 1148 3665 1363.

500 3765 736 3830 Bartholomeo
771 3762 871 3827 Ursio
911 3759 1054 3826 Notario
1096 3759 1139 3824 ad
1178 3759 1360 3824 Dominum
1400 3757 1516 3840 Regem

392 3874 633 3958 Hungarorum.

500 3983 759 4049 Bartholomeus.
785 3981 849 4046 Die
875 3977 1052 4054 XXVHL
1073 3978 1192 4042 mensis
1209 3977 1306 4060 hujus
1323 3975 1387 4041 fuit
1403 3973 1443 4040 ad
1462 3993 1517 4038 nos

393 4093 542 4157 dominus
565 4092 590 4158 J
594 4092 738 4156 ohannes
767 4086 893 4154 Surdus
919 4087 1103 4169 Episcopus
1127 4084 1300 4151 Vaciensis
1316 4106 1390 4149 cum
1405 4082 1519 4147 litteris

394 4200 594 4266 credulitatis
619 4221 658 4264 ex
673 4203 768 4281 parte
793 4195 914 4260 domini
939 4195 1053 4276 RegiS,
1079 4201 1112 4258 et
1135 4194 1296 4276 premissa
1312 4192 1404 4257 nobis
1421 4189 1519 4256 salute

394 4309 549 4388 exposuit,
574 4307 662 4390 qnod
687 4305 801 4369 dotum
827 4309 899 4367 erat
919 4302 1060 4384 nitelligi
1078 4302 1208 4366 domino
1224 4301 1311 4384 Regi
1335 4321 1393 4364 nos
1411 4305 1519 4382 petere
1585 4387 1586 4390 Ἴ

394 4414 571 4480 aDomino
597 4415 712 4480 Padue
740 4411 907 4498 quoddam
930 4411 1132 4476 territorium
1158 4411 1247 4474 circa
1271 4413 1384 4491 partes
1412 4403 1521 4472 Sancti

396 4521 528 4605 Yllarii,
544 4524 629 4606 qnod
649 4523 732 4586 idem
750 4523 908 4588 Dominus
924 4519 1039 4586 Padue
1065 4517 1197 4584 dicebat
1222 4516 1285 4582 sibi
1311 4523 1468 4599 spectare,
1491 4518 1521 4576 et
1584 4499 1586 4576 ζ
