3110 5248
368 335 431 396 312
717 349 953 396 omnonnczmr
970 336 1139 395 auctusne.

364 515 471 590 ctum;
495 510 529 574 in
544 507 632 574 dicto
650 530 728 574 casu
744 508 853 575 omnia
869 512 902 574 et
919 505 1048 591 singula
1073 508 1297 592 suprascripta
1314 507 1473 576 habeantur

363 638 423 700 pro
440 638 506 682 non
522 617 627 696 iactis,
644 623 677 683 at
693 637 758 682 non
772 617 836 682 sint
851 616 988 682 alicuius
1000 615 1142 682 efficacia
1159 616 1210 680 vel
1226 615 1475 702 rigorisDepra

365 724 474 790 missis
489 731 599 790 autem
625 724 774 790 omnibns
800 731 834 790 et
859 725 995 807 singulis
1016 724 1105 790 facta
1121 729 1198 790 sunt
1213 723 1359 790 eiusdem
1373 726 1476 792 tenoris

364 831 429 898 duo
454 832 590 916 publica
614 833 840 915 instrumenta,
864 853 965 897 unum
989 854 1048 917 par
1064 853 1116 897 nne
1132 831 1319 898 Johanuem
1338 829 1477 899 Christia-

363 962 452 1022 num,
466 939 643 1005 Notarium
659 939 912 1025 infrascriptum,
928 941 1041 1005 datum
1057 946 1089 1006 et
1104 938 1285 1005 exhibitum
1296 940 1419 1023 prefato
1433 941 1478 1006 do
1553 941 1554 944 ’

364 1049 453 1112 mino
470 1043 559 1112 Duci
574 1055 607 1112 at
624 1044 797 1112 Communi
820 1040 1043 1128 venetiarum,
1060 1068 1116 1114 seu
1131 1045 1286 1131 pradicb's
1297 1045 1477 1114 Tractatoui-

365 1155 426 1220 bus
445 1161 477 1218 at
494 1151 647 1237 Syudiois
671 1154 751 1220 dicti
767 1152 892 1220 domini
907 1154 1010 1221 Ducis
1027 1161 1059 1218 at
1076 1152 1265 1221 Communis
1281 1157 1476 1227 venetiarum

365 1262 549 1328 nominibus
565 1262 760 1343 antedictis;
777 1269 810 1328 et
820 1263 960 1328 alterum
970 1262 1260 1352 perRaphapnum¹
1274 1267 1314 1331 de
1332 1264 1479 1331 Oarosiuis
1553 1309 1554 1312 =

365 1368 545 1436 Notarium
561 1371 674 1436 datum
699 1379 733 1436 at
759 1370 939 1436 exhibitum
966 1372 1104 1455 prefatis
1129 1371 1267 1438 dominis
1284 1371 1479 1440 Ambaxiato·

366 1480 458 1546 ribus
475 1479 707 1564 recipientibus
723 1481 854 1546 nomine
868 1479 1022 1564 prelibati
1037 1480 1160 1547 domini
1175 1481 1288 1566 Regis.

797 1589 872 1673 Ego
896 1590 1067 1656 Johannes
1092 1589 1301 1656 Christianus
1325 1591 1364 1657 da
1380 1589 1479 1656 Goma-

796 1698 875 1765 sinis
910 1696 1080 1782 Imperiali
1111 1700 1309 1765 auctoritate
1339 1698 1479 1765 Notarius

798 1804 966 1888 Publicus,
997 1811 1030 1872 et
1061 1811 1247 1890 assumptus
1279 1807 1322 1872 ad
1352 1805 1481 1890 predicta

484 1909 523 1998 (J
524 1915 636 1998 egyzbi
650 1913 750 2000 jegy.)
805 1937 866 1999 pro
882 1921 976 2001 parte
992 1907 1153 1982 dictorum
1161 1914 1481 1983 Ambaxiatorumdo·

797 2021 876 2088 mini
893 2021 1003 2105 Regis,
1019 2021 1169 2088 omnibus
1185 2025 1414 2109 suprascriptis
1422 2041 1481 2107 pra·

800 2151 873 2195 sens
899 2129 955 2212 fui,
971 2135 1005 2195 et
1020 2153 1060 2196 aa
1076 2136 1211 2214 rogatus
1227 2131 1368 2197 scribere
1383 2129 1482 2214 scripsi

876 2243 910 2303 et
926 2258 998 2304 meo
1015 2237 1106 2321 signo
1122 2244 1279 2305 consueto
1297 2239 1422 2323 signari.

475 2384 671 2442 (»Pactorum‹
696 2381 729 2432 V.
749 2383 844 2432 kotett
857 2388 916 2434 212.
931 2384 1002 2447 lev.;
1024 2382 1124 2448 »Copia
1137 2384 1172 2433 de
1185 2383 1428 2436 Commermorialic
1441 2382 1480 2432 IV.

270 2492 274 2502 ·
368 2473 425 2522 kun.
438 2477 461 2521 2.
475 2471 551 2522 tesza
566 2475 626 2523 341.
640 2471 680 2521 alr.
696 2472 759 2535 lav.)

369 2646 414 2732 F)
445 2645 479 2712 A
505 2649 935 2733 fagyvarszitnetrtil
960 2675 980 2716 a
1005 2651 1236 2716 velanczai
1267 2652 1479 2718 kbztarsa·

509 2755 806 2839 sagrtszerbl
839 2757 1020 2822 kesztilt
1049 2757 1246 2843 okmany.
1275 2763 1369 2826 1348.

477 2879 520 2945 In
545 2877 673 2949 Christi
704 2881 834 2948 nomine
857 2880 975 2947 Amen.
1000 2880 1100 2948 Anno
1125 2879 1326 2951 Natiuitatis
1356 2885 1480 2951 eiusdem

369 2983 666 3053 MOOOXLVHI.
692 2987 869 3054 indictione
895 2991 1001 3074 prima
1032 2989 1085 3056 die
1100 2989 1222 3057 Martis
1239 2989 1282 3058 V.
1297 2995 1413 3059 mensis
1426 2989 1481 3057 Au·

369 3096 456 3179 gusti
471 3091 620 3162 Venetiis
644 3095 679 3160 in
704 3101 858 3162 contrata
874 3094 988 3162 Sancti
1012 3097 1119 3164 Marci
1134 3100 1170 3163 in
1186 3099 1337 3166 domibus
1353 3099 1482 3166 Ecclesia

370 3203 483 3270 Sancti
497 3202 606 3268 Marci
621 3201 781 3270 habitatis
796 3227 856 3288 per
871 3203 1097 3291 infrascriptos
1107 3204 1359 3290 Ambaxatorea
1368 3228 1481 3294 presan·

368 3311 456 3376 tibus
472 3310 618 3393 prouidis
643 3310 722 3376 viris
745 3310 771 3377 J
772 3312 900 3378 ohanne
917 3313 1109 3380 Christiano
1124 3313 1158 3379 N
1160 3316 1264 3380 otario
1281 3316 1483 3400 infrascripto,

371 3419 475 3484 alecto
492 3426 701 3505 atassumpto
713 3443 773 3504 pro
793 3429 888 3506 parte
905 3421 1107 3507 infrascripti
1118 3421 1328 3490 Serenissimi
1343 3425 1445 3509 Regis,
1458 3429 1484 3490 et

370 3533 487 3611 rogato
504 3529 544 3593 de
559 3526 794 3612 infrasscriptis
810 3551 873 3596 rna
888 3552 1013 3596 meeum
1036 3531 1219 3617 Raphayno
1243 3531 1383 3600 Notario
1400 3533 1484 3600 infra·

369 3635 504 3720 scripto,
522 3636 625 3701 alecto
643 3642 675 3702 et
691 3643 859 3721 assumpto
869 3641 904 3703 in
919 3637 1095 3705 Notarium
1111 3661 1171 3724 pro
1187 3647 1283 3730 parte
1299 3641 1484 3724 infrascripti

369 3742 492 3826 Inclyti
523 3742 646 3808 domini
674 3745 778 3810 Ducis
811 3752 843 3811 at
875 3743 1066 3812 Communis
1096 3749 1320 3833 venetiarum,
1344 3751 1484 3818 conficere

370 3849 515 3917 eiusdem
539 3854 663 3918 tenoris
689 3853 854 3937 publicum
878 3855 1151 3939 instrumentnm3
1176 3878 1236 3922 neo
1251 3879 1317 3924 non
1332 3855 1485 3926 Luchado

369 3958 482 4026 Medio
494 3957 615 4026 Sancta
625 3961 735 4028 Maria
745 3961 903 4029 Formosa
913 3963 979 4030 filio
990 3965 1154 4048 quondam
1171 3987 1223 4030 ser
1233 3965 1365 4034 Nicolai
1380 3968 1417 4033 de
1427 3965 1485 4032 Ma·

370 4063 434 4147 dio,
463 4067 592 4134 Zanino
624 4065 741 4133 Amiso
773 4071 935 4153 quondam
968 4092 1021 4136 sor
1047 4072 1193 4138 Bsrtuoii
1219 4072 1260 4138 do
1285 4075 1372 4141 Bota
1388 4069 1484 4140 Sancti
1534 4055 1537 4062 Δ

370 4173 533 4239 Johamris
558 4174 655 4255 Noui,
680 4175 781 4241 Petro
807 4175 928 4244 Sancto
953 4178 1103 4247 Ducatus
1128 4181 1345 4251 Veratianum
1371 4180 1483 4256 Scriba3

372 4277 542 4360 Stephano
566 4280 634 4346 filio
651 4281 815 4364 quondam
829 4284 987 4366 Dimitrii,
1013 4285 1135 4352 Cosma
1149 4287 1218 4354 filio
1236 4290 1398 4373 quondam
1412 4289 1484 4354 Lau·
1546 4296 1549 4307 “

373 4384 478 4463 rentii,
505 4386 664 4455 ambobus
690 4389 730 4455 de
755 4389 943 4476 Hungaria‚
974 4392 1194 4462 familiaribus
1219 4395 1483 4483 infrascriptarum

374 4491 578 4558 dominorum
593 4493 858 4565 Ambaxatorum
869 4525 876 4584 3
886 4506 919 4565 et
934 4501 1009 4567 aliis
1024 4503 1166 4569 testibus
1176 4507 1301 4572 vocatis
1318 4503 1483 4592 specialiter
