3134 5252
375 353 438 414 206
723 363 957 412 ωηοΜΑοΖιΑι
982 353 1149 412 nunnvun.
1202 337 1206 344 “

482 525 643 610 Capta:
667 524 765 610 Quod
789 526 966 590 mandetur
991 547 1043 590 ser
1070 527 1203 590 Marino
1229 527 1365 594 Faletro
1384 527 1482 594 Potes·
1547 517 1550 522 ¹

373 633 437 699 tati
454 633 604 713 'tarvisii
628 633 715 718 quod
734 634 761 697 si
777 633 926 716 prefatus
942 633 1091 697 dominus
1108 632 1301 717 Propositus
1326 636 1483 700 transitum

373 741 472 807 faciet
488 763 546 824 per
573 741 766 820 Tarvisium,
790 762 862 806 eum
894 739 1014 805 debeat
1044 739 1217 822 honorare,
1251 747 1283 807 et
1316 749 1414 821 caute,
1435 763 1483 826 per

372 849 465 914 illum
480 847 623 914 habilem
639 847 777 930 modum,
802 849 858 930 qui
874 847 937 913 sibi
953 847 1124 929 videbitur,
1148 849 1280 916 studeat
1297 851 1480 918 raciooinare

374 977 446 1021 cum
462 977 509 1036 eo,
534 957 697 1040 quomodo
714 958 780 1021 iam
796 955 911 1021 diebus
935 955 1084 1038 pluribus
1110 956 1255 1021 misimus
1275 957 1319 1023 ad
1336 957 1483 1024 dominum

373 1063 499 1148 Regem
515 1064 696 1147 Hungarie,
719 1063 925 1147 postulantes
949 1062 1079 1130 litteras
1104 1066 1291 1130 securitatis
1311 1086 1371 1148 pro
1386 1073 1485 1130 nostra

375 1169 566 1238 Ambaxata
582 1173 745 1238 mittenda
761 1173 803 1238 ad
819 1172 888 1236 eius
914 1171 1120 1255 presentiam,
1144 1193 1243 1256 quam
1267 1174 1333 1238 iam
1359 1174 1411 1237 diu
1424 1173 1487 1239 feci·
1560 1193 1564 1274 t

375 1301 447 1345 mus
462 1281 647 1365 preparari,
671 1287 705 1345 et
723 1286 901 1364 preparata
917 1281 1038 1362 existit,
1061 1281 1161 1345 nichil
1188 1282 1279 1347 aliud
1290 1281 1485 1365 expectando,

374 1409 471 1472 quam
495 1387 644 1472 prefatas
675 1389 860 1453 securitatis
886 1389 1023 1469 litteras,
1047 1389 1088 1454 de
1112 1410 1250 1473 qnorum
1270 1390 1423 1455 tarditate
1437 1389 1484 1453 ali·

375 1496 520 1580 qualiter
536 1496 744 1575 admiramur,
769 1517 840 1562 cum
866 1489 1026 1580 Voyvo'da
1051 1504 1083 1561 et
1109 1497 1166 1561 alii
1189 1495 1426 1562 Ambaxatcres
1440 1495 1486 1560 do·

373 1604 452 1670 mini
477 1605 590 1689 Regis,
614 1606 670 1687 qui
695 1603 828 1669 fuerunt
853 1603 1022 1686 Venetiae
1057 1604 1245 1670 obtuleruut
1271 1626 1327 1670 eas
1356 1605 1484 1682 mittere,
1562 1599 1564 1624 '

375 1719 408 1777 et
433 1719 540 1779 totum
564 1712 720 1796 quicquid
746 1711 788 1777 ab
812 1733 849 1776 eo
874 1719 943 1777 tam
969 1713 1002 1778 in
1028 1712 1099 1795 hoc,
1123 1735 1221 1796 quam
1249 1715 1348 1779 etiam
1364 1715 1396 1777 in
1411 1711 1482 1788 aliis,

376 1839 439 1902 que
454 1818 496 1883 ab
512 1838 551 1882 eo
567 1819 684 1884 sentire
710 1825 827 1902 posset,
851 1818 943 1884 nobis
959 1819 1088 1884 studeat
1103 1819 1268 1884 denotare.
1293 1822 1355 1885 ath,

535 1963 573 2024 (A
586 1964 716 2014 »Secreto
729 1963 843 2015 Consilii
855 1963 1109 2030 Rogatornmc-btl
1121 1964 1175 2016 Lit.
1189 1965 1221 2016 A.
1236 1966 1291 2015 vol.
1307 1969 1340 2028 1.)

903 2383 975 2444 193.

372 2545 399 2608 I.
424 2546 524 2631 Lajoa
547 2565 688 2630 mapyor
707 2542 820 2630 kirtly
846 2564 916 2608 uem
933 2542 1081 2629 foqodju
1107 2565 1127 2605 a
1143 2541 1296 2606 velenczei
1320 2541 1481 2626 Ιιὸυειεὲρει.

891 2653 986 2716 1346.

479 2809 578 2876 Anno
603 2809 863 2880 MCOOXLVI.
887 2810 940 2875 die
956 2808 1021 2875 XI.
1039 2807 1201 2892 Octobris,
1227 2809 1297 2874 ΙΠ.
1318 2809 1481 2873 indictione
1562 2795 1564 2846 ²

372 2920 532 3005 Capta:
549 2918 632 2985 Cum
649 2919 799 2984 dominus
815 2919 887 2984 Rex
906 2917 1080 3002 Hungarie
1096 2918 1188 2984 nobis
1207 2939 1266 3001 per
1282 2937 1357 2984 suas
1372 2916 1481 2982 litteras

372 3029 614 3113 significaverit,
638 3028 725 3112 quod
741 3049 805 3093 non
831 3027 961 3112 expedit
985 3034 1131 3094 nostram
1155 3023 1379 3092 Ambaxatam
1392 3019 1482 3087 iread
1562 3051 1564 3076 ·

371 3138 572 3220 presentiam
589 3158 690 3220 suam,
713 3157 777 3201 non
804 3137 998 3202 removendo
1016 3135 1195 3200 exercitum
1220 3141 1369 3200 nostrum
1384 3133 1422 3198 ab
1436 3130 1482 3194 ob·
1562 3121 1564 3140 '

369 3245 492 3312 sidione
509 3246 633 3326 Jadre3
657 3252 690 3310 et
715 3245 811 3311 modo
826 3244 994 3310 incumbat
1018 3243 1113 3310 nobis
1138 3242 1234 3308 factis
1251 3243 1373 3309 nostris
1388 3243 1481 3306 caute-
1562 3241 1564 3310 l

370 3354 436 3420 lam
451 3354 574 3419 habere
590 3360 623 3418 et
646 3353 802 3433 invenire,
827 3353 914 3444 quod
931 3353 1019 3417 omni
1044 3357 1189 3434 tempore
1207 3349 1309 3416 fortes
1325 3351 1482 3415 existamus
1562 3367 1564 3414 l

371 3468 485 3527 contra
516 3482 746 3544 quoscumque,
770 3468 803 3525 et
827 3461 1005 3526 habeamus
1030 3461 1191 3525 intentum
1216 3459 1249 3521 in
1279 3456 1368 3522 sacto
1384 3451 1481 3532 Jadre,

369 3569 456 3654 quod
479 3589 552 3633 cum
568 3569 632 3634 Dei
647 3569 771 3633 auxilio
788 3575 838 3633 est
854 3568 1067 3652 sperandum:
1091 3566 1182 3632 vadit
1201 3587 1287 3649 pars,
1313 3564 1398 3648 quod
1413 3565 1481 3627 An·
1562 3597 1564 3656 3

368 3679 492 3744 buxata
516 3683 631 3742 nostra
655 3677 689 3741 in
715 3683 822 3742 totum
846 3683 878 3742 et
903 3698 962 3760 per
987 3681 1093 3740 totum
1118 3680 1292 3754 revocetcr,
1315 3692 1376 3738 neo
1390 3669 1482 3748 vadat,

368 3785 425 3850 sed
441 3784 653 3869 provideatur
668 3783 766 3850 factis
782 3786 912 3866 nostris,
936 3791 973 3848 ut
989 3783 1152 3849 videditur
1166 3781 1293 3846 melius.
1562 3855 1564 3868 Ι

476 3890 637 3977 Capta:
671 3891 768 3977 Quod
802 3893 988 3960 notificetur
1024 3891 1177 3957 Nicolino
1209 3889 1351 3956 Notario
1381 3891 1479 3952 nostro
1562 3887 1564 3904 '

364 4003 462 4068 misso
487 4000 530 4067 ad
555 4001 722 4068 dominum
738 4003 868 4070 Bonum
884 4003 1034 4083 Bossino,
1062 4001 1148 4084 quod
1167 4005 1314 4066 nostram
1331 3995 1481 4062 Ambaxa
1562 4015 1564 4098 Ξ

363 4121 431 4181 tam
446 4114 669 4180 revocavimus
685 4135 744 4198 pro
758 4114 887 4180 meliori
903 4119 1090 4178 nostrorum
1106 4110 1315 4195 agendorum,
1331 4129 1389 4174 nec
1403 4103 1478 4172 volu·
1560 4105 1564 4206 l

364 4242 444 4302 mus,
468 4221 557 4305 quod
580 4219 648 4287 ullo
673 4223 769 4288 modo
794 4222 903 4288 vadat.
926 4223 971 4286 Et
997 4219 1084 4305 quod
1109 4220 1172 4286 hoo
1204 4219 1292 4284 dieat
1323 4222 1356 4282 et
1371 4212 1476 4280 sentire

363 4327 466 4396 iaciat
482 4330 613 4395 domino
632 4328 744 4410 Ban03
768 4336 801 4396 et
817 4329 845 4396 si
869 4330 954 4396 idem
981 4329 1132 4395 dominus
1156 4327 1271 4393 Banus
1297 4327 1441 4409 tangeret
1454 4317 1478 4383 ei
1561 4337 1564 4422 j

364 4437 474 4520 verba,
502 4457 565 4521 que
582 4438 675 4503 nobis
701 4439 785 4504 alias
801 4443 939 4523 tangere
955 4438 1032 4503 lecit
1058 4437 1098 4502 de
1123 4435 1211 4503 facto
1227 4437 1303 4518 lige,
1325 4430 1411 4518 quod
1425 4436 1480 4494 tra·
1562 4513 1564 4544 Ι

362 4547 420 4614 hat
437 4551 470 4612 et
486 4545 610 4612 senciat
636 4546 768 4630 abipso
794 4548 949 4630 quicquid
975 4547 1105 4638 poterit,
1128 4553 1162 4610 et
1177 4551 1292 4626 totum,
1316 4541 1399 4627 quod
1414 4557 1472 4602 seu·
1560 4635 1564 4670 1

1558 1843 1564 2024 1

1561 2689 1564 2790 l

1557 2857 1564 3028 l

1560 3143 1564 3236 l
