3214 5260
400 317 465 384 426
733 309 737 315 ’
752 337 989 394 ureuouoczmr
1004 323 1174 384 succure.

294 527 296 534 ·
400 497 628 564 fauorabiliter
652 504 686 563 et
710 497 854 581 gratiose
877 502 1057 563 tractaret:
1084 517 1188 581 nuper
1214 501 1325 562 tamen
1351 515 1449 580 super
1469 493 1526 559 boc

400 605 520 671 litteris
544 605 610 670 tuis
635 606 774 688 benigue
799 605 949 688 receptis,
975 609 1008 670 et
1033 626 1097 688 que
1122 606 1213 672 circa
1232 604 1408 670 materiam
1425 601 1527 668 huius·

400 711 488 778 modi
511 733 572 796 pro
596 719 692 796 parte
716 719 775 778 tua
799 711 938 777 dilectus
954 709 1040 777 filius
1060 711 1183 778 Paulus
1200 711 1338 777 Electus
1355 708 1527 776 Gurcensis

399 818 492 884 nobis
516 810 675 903 exposuit,
699 818 893 897 intellectis;
918 819 1086 903 cupientes
1112 841 1160 900 ea,
1185 841 1247 903 que
1271 839 1330 902 per
1362 838 1424 883 uos
1450 817 1528 882 ordi·

400 933 480 992 nata
504 932 538 992 et
560 927 707 995 iniuncta
732 931 816 1007 suut,
839 925 965 992 illibate
985 927 1115 1008 seruari,
1144 925 1330 1009 scripsimus
1364 930 1399 990 et
1429 924 1529 990 iniun-

399 1036 505 1100 ximus
529 1035 634 1099 eidem
657 1031 742 1116 Regi
767 1055 825 1117 per
852 1033 935 1100 alias
959 1034 1090 1099 litteras
1115 1034 1244 1114 iterato,
1268 1038 1302 1098 vt
1321 1034 1394 1116 ipse
1413 1054 1530 1118 omnes,

400 1143 459 1226 qui
483 1141 708 1226 Magnitudini
735 1141 815 1221 Tue,
839 1148 874 1206 vt
896 1141 1109 1224 premittitur,
1126 1141 1342 1222 adheserunt;
1359 1147 1394 1206 et
1410 1142 1529 1224 specie·

401 1247 1530 1318 litardilectosfiliosVrsillumMinutulumOanouicum

403 1355 769 1440 Neapolitanum,
792 1374 886 1437 quem
912 1353 1172 1421 consideratione
1194 1361 1252 1420 tua
1266 1354 1300 1420 in
1317 1353 1532 1439 (lapellauum

404 1470 555 1530 nostrum
580 1463 771 1546 recepimus,
788 1466 823 1527 et
846 1461 1030 1526 Petrum
1053 1461 1103 1527 de
1125 1460 1348 1540 Bellante,
1373 1483 1436 1546 pro
1465 1461 1530 1544 qui-

399 1570 460 1636 bus
483 1572 577 1637 nobis
601 1570 761 1654 scripsisti
787 1568 908 1648 ultimo,
932 1569 1075 1652 benigne
1098 1591 1136 1635 ac
1151 1569 1336 1635 amabiliter
1351 1589 1530 1654 prosequa·

399 1683 463 1758 tur,
488 1683 522 1744 et
545 1678 579 1744 iu
606 1677 696 1743 nullo
711 1678 759 1743 eis
776 1676 963 1743 occassione
987 1673 1172 1742 adhesionis
1189 1682 1245 1741 tue
1261 1675 1391 1761 penitus
1407 1676 1453 1740 sit
1468 1696 1530 1742 me·

400 1785 510 1850 lestus.
534 1785 580 1850 Et
605 1805 671 1850 nou
697 1783 893 1866 dubitemne,
918 1782 1005 1867 quod
1031 1783 1100 1867 ipse
1125 1783 1208 1864 Rex,
1233 1783 1316 1849 sicut
1340 1783 1426 1848 alias
1442 1784 1531 1849 uobis

400 1893 541 1977 scripsit,
564 1893 599 1958 in
622 1893 684 1959 boc
707 1890 899 1958 mandatum
925 1896 1072 1956 nostrum
1097 1891 1232 1958 realiter
1256 1896 1289 1957 et
1314 1890 1531 1956 effectualiter

400 1999 598 2066 obseruabit.¹
620 1998 746 2065 Datum
770 1995 935 2064 Ariniono
959 1999 1068 2066 idibus
1093 1997 1177 2066 Julii
1192 1996 1412 2066 Pontificatus
1429 1997 1528 2066 uestri

388 2127 486 2173 auno
503 2105 679 2174 undecimo.

725 2253 784 2314 (VI.
798 2253 932 2304 Kelemeu
945 2251 1017 2319 ptpa
1030 2251 1217 2319 regesttibbl.)

508 2443 558 2532 Η)
574 2445 759 2513 Ludovious
777 2453 810 2513 et
825 2447 850 2513 J
852 2448 982 2514 ohanna
997 2446 1062 2514 Dei
1078 2449 1189 2532 gratia
1210 2457 1270 2515 etc
1286 2447 1448 2514 uniuersis
1463 2467 1531 2531 pre·
1595 2423 1596 2476 ss

401 2553 502 2619 seutis
526 2551 645 2618 indulti
672 2555 789 2620 seriem
803 2556 999 2640 inspecturis
1014 2561 1084 2622 tem
1109 2555 1314 2639 presentibus
1330 2577 1432 2642 quam
1448 2555 1529 2620 futu·
1595 2571 1596 2574 ’

400 2662 453 2726 ris
470 2660 666 2744 Principalis
698 2661 891 2744 Clementia,
919 2664 996 2730 dum
1020 2685 1160 2730 censura
1183 2665 1278 2731 Juris
1302 2685 1361 2748 per
1385 2661 1530 2730 lenitatis

263 2788 268 2797 ’
399 2768 553 2833 intuitum
579 2788 612 2834 se
638 2769 827 2835 amabiliter
852 2769 962 2855 obicit,
987 2771 1131 2855 rigorem
1156 2771 1281 2837 iustitie
1294 2793 1370 2838 cum
1384 2770 1529 2839 medere·
1595 2781 1596 2784 ’

400 2877 486 2942 mine
501 2875 623 2943 librate
640 2877 835 2961 promisionis
852 2879 992 2960 emollit;
1010 2900 1074 2962 quo
1090 2879 1137 2960 fit,
1153 2884 1190 2945 ut
1204 2900 1270 2945 non
1285 2879 1392 2945 solum
1406 2880 1529 2947 leuibus
1595 2879 1596 2882 ’

400 2988 433 3050 et
463 2983 700 3050 excusabilibus
731 2984 941 3069 indulgeatur
973 2987 1166 3068 excessibus,
1196 3007 1308 3053 verum
1338 2986 1529 3072 plerumque

400 3112 519 3174 graues
535 3090 628 3175 culpe
645 3096 678 3156 et
693 3091 869 3160 manifesta
878 3091 1032 3177 facinora,
1042 3115 1115 3160 cum
1125 3093 1348 3177 dispensatius
1357 3093 1531 3178 prudentia
1593 3089 1596 3168 'f

400 3198 603 3281 mitigentur.
636 3197 723 3264 Sane
754 3198 910 3265 Matheus
942 3201 1155 3268 Buccarellus
1185 3201 1292 3268 dictus
1323 3199 1477 3268 Galerius
1492 3202 1530 3267 dc
1594 3229 1596 3244 ·

400 3305 542 3390 Mutula,
567 3304 672 3372 fidelis
699 3313 818 3388 noster,
849 3329 909 3392 pro
936 3331 971 3374 se
995 3315 1028 3374 et
1053 3309 1243 3395 subscriptis
1267 3309 1345 3396 alijs
1360 3311 1530 3379 Maiestati

400 3412 522 3480 Nostro
539 3405 690 3498 exposuit
704 3424 902 3500 reuerenter,
913 3416 1001 3501 quod
1012 3418 1163 3485 ordinato
1174 3405 1295 3484 dudum
1305 3417 1530 3505 perNostram
1594 3399 1596 3476 ἶ

393 3519 1529 3609 ·MoiestatemJusritia1-ioetVieerioacOapitaneoedguerramviro
1595 3501 1596 3536 ¹

400 3629 500 3696 nobili
513 3621 1252 3720 GoffridoLarcbariodeJanuaPriucipatus
1272 3634 1419 3717 Tarenti,
1441 3643 1474 3701 et
1497 3637 1528 3699 iu
1595 3631 1596 3634 ’

401 3735 525 3802 eisdem
535 3739 795 3822 partibusprout
805 3739 848 3805 ad
859 3743 927 3807 eius
938 3739 1107 3824 spectabat
1117 3741 1268 3824 officium,
1278 3729 1408 3810 volente
1416 3743 1458 3810 ad
1474 3743 1528 3808 bo·
1594 3755 1596 3826 ξ

401 3864 515 3911 norem
525 3851 558 3912 et
568 3845 757 3913 fidelitatem
767 3849 953 3914 Maiestatis
964 3851 1086 3916 Ncstre
1096 3850 1240 3933 predicte
1247 3850 1412 3934 justitiam
1422 3852 1527 3918 minis·
1595 3839 1596 3842 ¹

400 3954 1527 4026 trareinhominesdicteOiuitatisTareutietalicsin

399 4062 472 4146 ipsa
483 4057 723 4146 Ciuitate3que
734 4064 920 4129 necessaria
929 4068 1007 4128 tuuc
1016 4071 1110 4130 erant
1120 4064 1162 4130 ad
1171 4067 1528 4152 guerramtemporibus

399 4170 480 4254 ipsis
496 4170 638 4236 turbatis
655 4172 809 4238 ordinare
826 4172 983 4236 aduersus
998 4181 1129 4238 nostros
1145 4173 1267 4240 emulos
1284 4181 1318 4240 et
1343 4175 1480 4242 rebelles
1496 4176 1528 4239 iu

400 4275 497 4340 dictis
514 4277 662 4359 pertibus
678 4278 907 4362 discurrentes,
933 4279 1078 4346 homines
1103 4279 1191 4347 dicte
1207 4278 1362 4350 Ciuitatis
1387 4283 1527 4361 Tarenti,

399 4381 518 4465 nedum
533 4383 665 4451 obedire
681 4394 874 4454 recusarunt
884 4385 1182 4476 Goffridoprefato,
1191 4412 1298 4475 ymmo
1308 4396 1543 4479 opposuerunt,
1595 4391 1596 4400 ³

401 4511 437 4558 se
451 4491 485 4556 iu
500 4492 650 4560 uniuerso
666 4501 699 4562 et
713 4497 909 4581 particulari
925 4497 1063 4566 viriliter
1078 4505 1191 4566 contra
1200 4521 1281 4566 eum.
1291 4499 1339 4566 Et
1353 4502 1440 4568 iuter
1454 4501 1525 4584 alin,
