3134 5252
363 355 430 416 212
682 335 687 346 ’
711 363 945 414 omnourezmr
970 347 1136 412 urrunnu.

361 533 393 592 et
409 529 450 594 ab
467 528 538 612 ipso
554 526 706 594 Nicolino
724 527 848 595 nullam
865 526 1079 608 receperimus
1096 524 1359 607 responsionem
1382 529 1412 587 et
1426 537 1474 599 pro

360 633 457 701 factis
472 635 594 702 nostris
610 635 711 700 facist
722 635 805 699 seire
821 633 861 696 de
878 634 1074 697 intencione
1090 631 1192 716 ipsius
1208 632 1297 698 Bani
1314 639 1472 718 superinde

359 739 448 806 redit
462 763 550 826 pers,
564 742 652 826 quod
667 741 832 810 scribatur
848 741 935 806 dioto
953 740 1118 822 Nicolin0‚
1135 740 1300 824 quomodo
1310 746 1478 826 recepimus

358 868 433 912 suas
449 849 576 914 litteras
602 851 814 930 continentes,
840 847 929 931 quod
946 846 1053 911 dictus
1069 845 1183 912 Bonus
1201 848 1296 912 valde
1318 870 1479 934 conquere-

358 955 456 1020 batur
473 956 512 1021 de
527 955 721 1036 Jedrstinis‚
747 957 803 1039 qui
830 977 903 1020 eum
920 956 954 1019 in
971 953 1072 1020 Curia
1087 953 1190 1036 Regis
1208 954 1384 1038 Hungarie
1399 958 1478 1023 diffe-

357 1069 526 1128 msversut
541 1071 575 1128 et
592 1083 658 1127 non
682 1063 856 1128 cessabant
881 1059 1063 1142 diffamare,
1089 1060 1129 1125 de
1150 1081 1215 1143 quo
1231 1061 1330 1126 valde
1346 1064 1477 1130 condole-

357 1191 429 1236 mus
444 1178 478 1238 et
494 1171 738 1255 displioeneicm
762 1171 936 1238 maximam
960 1169 1137 1252 recepimus
1163 1171 1197 1232 in
1224 1172 1474 1252 animisnostris,

359 1285 596 1363 cognoscentes,
616 1279 703 1362 quod
719 1284 834 1344 contre
851 1275 959 1343 Deum
976 1283 1008 1342 et
1025 1267 1152 1342 omnem
1165 1278 1335 1344 veritatem
1346 1279 1477 1346 diffame-

360 1394 430 1454 tum
447 1394 505 1453 est.
521 1389 568 1454 Et
585 1389 663 1471 quis
678 1387 827 1453 faciendo
853 1387 954 1469 ligem
969 1393 1003 1450 et
1017 1387 1171 1450 unionem
1186 1408 1259 1451 cum
1274 1388 1345 1472 ipso
1362 1388 1477 1455 domino

360 1495 459 1560 Bano
475 1496 679 1562 crederemus
696 1493 765 1560 sore
781 1494 875 1560 valde
890 1494 970 1559 utile
986 1515 1045 1578 pro
1062 1494 1210 1577 partibus
1220 1499 1252 1560 et
1262 1495 1388 1576 bonum,
1404 1519 1477 1564 com·

359 1603 521 1667 mittimus
548 1603 653 1668 eidem
677 1601 838 1685 Nicolino‚
855 1601 944 1683 quod
970 1601 1012 1665 ad
1037 1601 1160 1668 dictum
1181 1601 1345 1668 domiuum
1366 1603 1478 1669 Bonum

360 1712 491 1775 mittere
517 1710 635 1775 debent
660 1710 825 1776 dominum
851 1709 970 1792 Elium,
997 1709 1231 1776 committendo
1257 1709 1320 1774 sibi
1344 1710 1478 1794 predicta

360 1817 468 1898 verbm
484 1817 540 1901 qui
557 1837 595 1882 ea
611 1818 674 1901 ipsi
690 1815 784 1881 Bono
802 1821 954 1899 exponat,
969 1822 1002 1880 et
1017 1821 1171 1900 procuret
1197 1817 1319 1881 hebere
1337 1837 1424 1882 susm
1438 1839 1478 1880 re·

361 1926 576 2007 sponsionem,
602 1945 702 2008 quem
727 1925 816 1991 dieto
841 1920 995 1988 Nicolino
1021 1929 1184 2006 apportet,
1209 1924 1267 2006 qui
1283 1925 1390 1989 omnis
1404 1922 1478 1987 ordi-

360 2037 437 2096 nate
461 2033 555 2098 nobis
580 2031 748 2112 rescribat,
774 2037 808 2096 et
831 2037 978 2095 nostrum
1002 2031 1200 2112 prestoletur
1225 2031 1420 2096 mandatum.
1442 2027 1478 2092 Et
1561 2017 1562 2022 ¹

362 2138 524 2203 scribetur
550 2137 639 2204 dioto
665 2138 796 2202 domino
821 2137 896 2202 Elie
921 2157 980 2219 pro
1007 2144 1102 2220 purte
1127 2137 1222 2201 huius
1238 2137 1477 2218 Dominstionis,

363 2246 451 2331 quod
469 2245 530 2313 sibi
547 2247 678 2330 placeat
693 2244 736 2310 sd
752 2245 874 2310 dictum
891 2244 1056 2310 dominum
1066 2244 1197 2310 Banum
1207 2246 1267 2328 ire,
1277 2245 1475 2330 expositurus,

362 2373 426 2436 que
443 2353 504 2420 sibi
520 2355 627 2418 dictus
639 2358 749 2417 noster
759 2350 920 2417 Notarius
936 2353 1127 2417 committet.
1144 2351 1270 2418 Verum
1281 2355 1307 2418 si
1317 2350 1476 2418 dictusNi·

363 2460 487 2526 colinus
503 2458 726 2542 requisivisset
742 2457 865 2521 dictum
884 2458 1049 2523 dominum
1065 2459 1195 2523 Beuum
1211 2459 1251 2524 de
1268 2459 1356 2525 diets
1370 2459 1474 2523 unione

361 2567 454 2632 iuxta
479 2565 618 2631 formam
642 2565 805 2631 dictarum
820 2565 1016 2647 litterarum,
1035 2587 1118 2648 quas
1135 2566 1310 2650 superinde
1326 2567 1472 2644 misimus3

362 2682 442 2739 tuno
457 2673 564 2738 dietus
591 2671 764 2738 Nicolinus
789 2693 854 2737 non
879 2672 991 2736 mittat
1007 2673 1129 2739 dictum
1144 2675 1257 2742 Eliem
1273 2674 1316 2739 ed
1331 2675 1477 2741 domimm

361 2781 490 2848 Bonum
517 2802 589 2845 cum
615 2779 721 2847 verbis
745 2781 912 2865 predictis.
939 2779 985 2844 Et
1009 2781 1143 2865 insuper
1159 2783 1187 2847 si
1203 2783 1311 2848 dictus
1326 2780 1477 2846 Nicolinus

362 2891 429 2954 inm
454 2896 561 2954 motus
588 2897 673 2955 esset
697 2910 759 2973 pro
783 2887 948 2954 redeundo
975 2888 1019 2953 sd
1042 2889 1167 2954 dictum
1185 2890 1350 2955 dominum
1365 2890 1477 2955 Beuum
1559 2883 1561 2886 ⁴

363 2997 531 3062 occasione
558 2995 644 3062 dicte
669 2997 806 3077 unionis,
831 3000 909 3059 tnnc
934 2992 1052 3060 Comes
1078 2995 1209 3080 Spelsti
1228 2999 1358 3062 litteras
1373 2993 1476 3062 domini

361 3101 436 3167 Elio
461 3124 526 3168 non
550 3103 667 3183 mittet,
694 3102 751 3168 sed
776 3103 922 3168 retineat.
948 3103 995 3168 Et
1009 3102 1070 3168 fist
1086 3105 1200 3170 littere.
1226 3106 1391 3171 credentis
1406 3103 1477 3168 dicto

363 3208 494 3274 domino
510 3208 605 3275 Bono
622 3231 681 3294 pro
699 3210 829 3276 domino
844 3211 931 3276 Elia.

448 3353 484 3415 (A
497 3353 633 3405 velenczei
648 3355 776 3405 »Secreta
787 3355 902 3406 Consilii
920 3357 1170 3432 Rogetorums3bdl
1183 3359 1238 3410 Lit.
1253 3359 1287 3408 A.
1302 3359 1355 3408 voi.
1371 3359 1402 3418 1.)

847 3517 1006 3526 ——--—--

891 3753 963 3813 199.

363 3907 567 3972 Aveleoczei
592 3907 873 3996 kormdoytaodce
898 3913 1015 3978 leven
1040 3913 1187 3979 dorsetae·
1212 3915 1277 3978 duo
1302 3917 1335 3980 ds
1360 3909 1477 3979 Mlndio

470 4015 651 4082 scardooac'
665 4016 747 4102 qrdf
758 4017 828 4082 leuet
844 4041 884 4082 cz
901 4021 1075 4107 eppesse‘pet
1089 4023 1281 4108 tumoqatja.
1297 4025 1391 4090 1346.

470 4172 570 4239 Anno
595 4171 853 4244 MOOOXLVI.
878 4178 931 4243 die
956 4177 1078 4248 XVII.
1095 4179 1307 4249 Novembris.
1331 4181 1477 4266 Capto:

364 4280 462 4366 Quod
488 4284 650 4351 scribetur
677 4282 868 4368 Gapitnneis
894 4288 1015 4352 nostris
1041 4288 1144 4354 Terre
1160 4296 1192 4353 et
1208 4291 1325 4372 Muris,
1349 4291 1478 4376 quodne·

363 4393 569 4473 sponsionem
593 4414 652 4475 per
676 4393 764 4475 ipsos
790 4393 912 4460 factam
927 4393 1058 4460 Nuncio
1075 4394 1215 4462 Comitis
1233 4398 1377 4464 Mlsdini
1391 4399 1478 4482 placet

364 4498 467 4584 nobie,
482 4505 515 4563 et
530 4499 603 4564 ideo
622 4499 760 4564 debeant
786 4502 816 4564 ei
841 4502 959 4581 iterum
986 4504 1194 4588 respondere,
1211 4507 1300 4590 qnod
1316 4528 1380 4572 non
1395 4508 1477 4570 inten-
