3166 5256
604 259 700 323 1345.
1175 267 1216 327 87

108 439 166 498 tum
181 436 342 518 temporis,
358 437 409 502 vel
423 442 557 521 propter
581 437 679 501 aliam
710 457 861 520 magnam
878 459 1021 520 causam,
1036 443 1217 524 responsio-

110 562 172 606 nem
189 564 275 608 suam
291 565 355 610 non
386 544 572 624 habuimus,
594 549 627 610 et
651 545 725 610 ideo
751 545 942 611 mandamus
967 547 1006 627 ei,
1030 548 1117 630 quod
1134 549 1161 614 si
1178 548 1218 613 de

109 647 163 714 hoc
177 650 296 734 aliquid
327 653 445 735 egisset
476 674 547 717 cum
579 651 677 718 dictis
703 647 886 720 Comitibus
912 653 962 720 vel
978 655 1081 720 altero
1097 677 1218 739 eorum,

106 779 187 822 suum
203 759 371 825 consilium
392 761 486 827 nobis
512 759 643 826 studeat
668 759 823 826 velociter
847 761 1013 827 denotare.
1037 763 1127 828 Etsi
1144 783 1216 830 oum

24 885 28 944 ς
106 865 146 928 eis
161 865 257 930 adhuc
271 889 337 931 non
352 866 477 948 fuisset,
495 873 650 953 procuret
675 867 918 952 expedicionem
945 890 1018 934 cum
1035 871 1090 952 eis,
1107 877 1139 936 et
1157 871 1215 936 sci-

24 961 26 1032 ἔ
104 993 143 1054 re,
157 973 228 1055 quid
243 981 292 1040 est
306 997 362 1041 sue
378 975 486 1042 finalis
502 977 694 1042 intencionis
710 977 744 1041 in
769 976 857 1043 facto
874 977 1086 1044 deveniendo
1102 977 1210 1044 nobis·

104 1099 164 1146 cnm
178 1081 208 1147 in
223 1085 356 1165 unione;
382 1091 416 1148 et
430 1089 546 1165 totum,
561 1083 720 1169 quidquid
745 1083 898 1150 habuerit
914 1091 947 1150 et
962 1083 1078 1151 fecerit
1092 1091 1126 1151 ct
1143 1106 1213 1169 spe·

24 1199 27 1276 j
102 1190 216 1272 raserit,
231 1212 300 1256 cum
317 1212 376 1257 suo
394 1190 529 1258 oonsilio
545 1191 637 1258 nobis
657 1191 797 1258 denotet.

24 1379 26 1388 Ι
196 1295 350 1383 Capta:
380 1299 466 1366 Item
497 1298 661 1365 scribatur
694 1299 790 1365 dictis
822 1297 1050 1366 Provisoribus
1076 1301 1212 1383 nostris,

24 1395 28 1480 l
101 1405 175 1488 qnod
189 1407 215 1471 si
227 1407 312 1473 inter
329 1405 527 1492 Gregorium
544 1406 716 1488 Comitem,
732 1415 765 1473 el
789 1403 936 1473 Comites
951 1407 1158 1474 Maladinum
1176 1415 1209 1473 et

100 1512 222 1579 Paulum
237 1515 347 1599 aliqua
362 1515 551 1584 differeucia
574 1515 670 1598 foret,
696 1515 852 1582 studeant
867 1537 925 1582 suo
941 1537 1036 1600 posse
1053 1515 1142 1582 illam
1158 1539 1209 1583 rc·

24 1609 26 1674 5
99 1642 198 1686 rorare
213 1624 358 1704 omnino;
375 1631 409 1690 et
425 1627 452 1688 si
468 1625 529 1690 hoc
544 1623 652 1690 lacere
668 1645 731 1690 non
747 1624 904 1707 ualerent,
919 1628 1103 1708 procurent,
1119 1623 1207 1708 quod

24 1725 26 1806 ff
100 1728 222 1810 quelibet
250 1752 329 1813 pars
353 1731 396 1797 ad
421 1753 479 1797 nos
504 1732 614 1797 mittat
637 1750 734 1813 super
759 1731 833 1813 ipsa
858 1730 1054 1814 differentia,
1079 1732 1157 1815 quia
1172 1732 1205 1795 in

24 1825 26 1924 j
98 1836 317 1902 enarrabimus
333 1839 520 1918 terminare,
532 1837 620 1920 quod
636 1837 790 1921 respiciat
805 1836 925 1902 bonum
942 1844 975 1903 et
990 1845 1201 1922 augmentum

24 1941 26 1994 ὲ
97 1943 245 2027 utriusque
262 1945 378 2029 partis.

188 2072 220 2132 (A
239 2072 366 2123 »Secreta
378 2073 491 2124 Consilii
503 2075 700 2139 Rogatorumr.
713 2073 769 2123 hit.
783 2073 808 2122 Δ
830 2075 884 2124 vol.
897 2069 932 2136 1.)

24 2121 26 2201 l

612 2490 663 2550 82.

122 2647 144 2710 d
163 2651 310 2716 oaenczei
325 2649 669 2735 korordaytaucicsaalr
685 2671 882 2736 rrpyaaorro
899 2648 1071 2714 corrotlsozd
1086 2653 1156 2712 meis

24 2739 30 2848 l
478 2758 679 2822 baidrozola.
696 2755 792 2822 1345.

178 2915 272 2984 Anno
288 2913 527 2984 MOOOXLV.
543 2917 726 2984 indictione
740 2914 840 2985 XIV.
865 2915 916 2982 die
932 2917 1035 2982 tercio
1053 2914 1198 2999 Septem-

24 3037 26 3080 ν
85 3021 148 3088 bris.
162 3023 320 3109 Capta:
346 3022 431 3088 Oum
446 3023 531 3090 foret
547 3024 652 3108 pridie
669 3030 801 3109 captum
817 3029 850 3090 et
865 3023 995 3107 publice
1019 3023 1198 3107 proclama·

24 3081 26 3176 l
86 3136 151 3215 tum,
164 3133 246 3216 quod
263 3133 449 3217 quicunque
464 3133 601 3198 haberet
618 3131 658 3198 de
675 3131 768 3197 bonis
783 3129 808 3196 J
809 3131 1046 3215 adratinorum,
1062 3130 1195 3196 deberet

24 3231 26 3320 ξ
85 3238 131 3303 illo
151 3240 356 3308 manifestare
381 3240 467 3334 infra
492 3245 566 3307 octo
592 3239 661 3305 dies
688 3241 747 3306 sub
773 3259 857 3324 pena
873 3238 981 3324 dupli:
998 3238 1091 3307 radit
1107 3261 1194 3324 pars,

24 3347 26 3438 j
84 3347 155 3426 quod
180 3349 299 3415 dietum
333 3349 456 3415 factum
481 3349 706 3415 committatur
736 3348 857 3414 nostris
874 3347 1114 3428 Provisoribus,
1138 3351 1193 3432 qui

24 3459 26 3546 }
86 3454 232 3538 inquirant
256 3463 289 3521 et
315 3458 500 3522 examinent
525 3457 565 3522 de
591 3456 756 3540 predictis,
781 3463 814 3522 et
842 3457 976 3539 exigant
992 3455 1081 3521 dicta
1097 3454 1193 3536 bona,

24 3577 26 3654 j
73 3563 222 3644 possendo
238 3583 360 3649 ponere
376 3585 493 3649 ponam
509 3572 542 3631 et
556 3579 668 3650 penas,
684 3572 718 3632 et
733 3584 890 3650 personas
905 3564 948 3630 ad
965 3569 1191 3646 aeramentum,

84 3677 109 3734 et
123 3673 255 3755 quelibet
268 3673 336 3740 alia
351 3671 467 3755 facere,
500 3695 563 3758 que
587 3673 771 3739 necessaria
787 3671 909 3738 fuerint
924 3693 985 3757 pro
1002 3673 1206 3739 inveniendo

24 3769 26 3852 i
84 3777 114 3844 de
127 3782 274 3864 predictis
307 3781 423 3846 melius
449 3781 594 3861 veritate,
619 3789 650 3846 et
676 3803 695 3846 a
721 3779 1033 3846 contrafacientibus
1060 3781 1192 3863 exigant

24 3863 26 3988 ξ
82 3885 183 3954 dictam
196 3911 322 3974 penam,
339 3891 380 3955 de
398 3911 464 3973 qua
480 3889 624 3955 habeant
649 3889 805 3971 teroium;
831 3889 908 3954 etsi
929 3892 1101 3954 accusator
1116 3887 1193 3952 inde

80 3991 172 4077 luerit,
185 4019 242 4080 per
258 3999 353 4063 cuius
370 3999 610 4063 accusationem
626 3999 748 4063 veritas
764 3997 946 4076 habebitur,
963 3997 1085 4062 habeat
1103 3995 1193 4061 aliud

24 4079 26 4194 ξ
78 4104 202 4188 tercium,
213 4114 246 4171 et
261 4113 415 4172 teneatur
431 4107 471 4171 de
487 4107 664 4190 credentia,
675 4113 709 4174 et
718 4107 878 4189 reliquum
890 4107 1028 4173 tercium
1045 4107 1087 4170 sit
1098 4103 1193 4171 Gom-

24 4195 26 4298 ᾗ
79 4211 176 4276 munis.
200 4213 243 4277 Et
257 4211 388 4296 publice
412 4215 475 4280 hoo
500 4215 666 4296 clametur,
693 4220 726 4280 et
749 4214 847 4280 hodie
878 4215 1016 4298 incipiat
1032 4212 1191 4279 terminus

24 4299 26 4450 ἰ
81 4313 221 4388 dictorum
238 4329 309 4389 octo
327 4323 462 4390 dierum.

173 4449 206 4512 (A
219 4449 346 4504 »Secreta
359 4451 476 4503 Consilii
488 4454 677 4518 Rogatorum«
689 4454 745 4505 Lit.
758 4455 791 4504 A.
805 4457 859 4504 vol.
877 4455 910 4516 1.)
