3134 5252
388 335 452 398 208
723 349 956 400 meucuuczun
974 335 1138 400 aurdanu.

388 514 464 589 tati,
496 511 583 595 quod
608 519 751 578 nostram
782 510 1010 596 Ambaxatam,
1043 535 1139 596 quam
1168 514 1300 580 mittere
1331 513 1514 581 volebamus
1557 595 1560 614 4

385 621 515 686 domino
540 620 627 704 Regi
652 619 892 704 Hungarie,111
916 627 968 687 tot
969 643 1022 686 um
1048 622 1196 688 duximus
1221 625 1459 717 revocandam
1482 635 1511 689 et
1558 621 1560 696 ἐ

384 728 472 811 quod
488 733 537 793 tot
523 735 601 808 t‚um
625 730 715 812 quod
730 729 895 794 diceretur
911 729 1002 813 inde,
1019 729 1111 794 nobis
1127 730 1267 796 sollicite
1287 731 1420 797 scribat.

913 1184 984 1246 195.

544 875 607 936 (Α)
595 874 1053 940 »SecretaGonriliiRogatorumt
1041 875 1114 924 obal
1129 877 1184 926 uit
1198 877 1231 926 A
1245 876 1302 926 vol.
1318 877 1353 938 1.)

335 1319 339 1328 Ι
382 1343 583 1408 Aoelenczei
599 1343 939 1429 kormdnytaoo‘ccnalc
956 1365 979 1402 u
1005 1342 1186 1406 dalmatiai
1206 1341 1339 1428 cpyelcet
1357 1345 1510 1428 rorpyozo'
1557 1331 1560 1412 l

777 1450 997 1514 inte'zlccde‘sei.
1030 1452 1124 1513 1346.

487 1609 586 1675 Anno
613 1607 870 1676 uocoxuvr.
894 1609 947 1673 aa
964 1607 1139 1674 xxuru.
1156 1604 1321 1675 octobris.
1345 1557 1509 1691 capra:

383 1718 472 1801 quod
487 1717 725 1801 respondeatur
742 1739 794 1781 ser
819 1717 973 1784 Nicolino
988 1715 1031 1780 ad
1056 1715 1194 1796 litterae,
1219 1738 1300 1798 quas
1326 1738 1429 1798 nuper
1455 1717 1507 1780 mi·

379 1828 433 1907 sit,
458 1835 491 1891 et
522 1826 706 1910 specialiter
722 1847 818 1908 super
851 1846 899 1905 eo,
924 1823 1011 1906 quod
1032 1823 1146 1888 scribit
1180 1824 1219 1888 de
1252 1823 1387 1888 domino
1418 1823 1507 1888 Bono
1558 1815 1560 1904 l

380 1933 530 2016 Bossine,
553 1935 608 2016 qui
625 1953 660 1998 se
676 1931 772 1998 offert
797 1932 840 1996 ad
866 1931 1137 2014 interponendum
1164 1952 1206 2013 se,
1230 1932 1319 2014 quod
1336 1931 1503 1997 Jadratini
1558 1945 1560 2030 2

323 2045 325 2050 ’
380 2039 545 2106 declinent
577 2040 619 2106 ad
645 2039 786 2123 gratiam
803 2045 966 2119 nostram;
991 2038 1078 2121 quod
1104 2059 1203 2121 super
1227 2039 1289 2104 hoc
1313 2040 1506 2123 respondeat

380 2148 511 2213 domino
529 2147 624 2212 Bane
640 2153 735 2229 parte
759 2153 880 2225 nostra,
905 2145 993 2228 quod
1018 2143 1094 2209 licet
1118 2145 1294 2210 obstinatio
1320 2145 1506 2211 ‹ladratino
1558 2131 1560 2184 l

379 2278 452 2321 rum
467 2257 559 2321 nobis
576 2277 710 2320 causam
726 2254 854 2320 dederit
871 2276 937 2319 non
952 2254 1133 2337 recipiendi
1154 2254 1270 2319 amodo
1288 2275 1343 2320 eos
1360 2255 1403 2320 ad
1419 2257 1505 2322 mise-
1559 2295 1560 2338 p

380 2365 555 2430 ricordiam
571 2369 727 2444 nostram,
752 2363 808 2428 sod
834 2370 948 2428 contra
975 2384 1030 2428 eos
1050 2362 1258 2446 procedendi,
1284 2371 1383 2445 prout
1401 2385 1504 2428 eorum
1558 2345 1560 2370 ἶ

382 2474 476 2555 culpe
493 2479 526 2537 et
552 2472 689 2536 durities
714 2470 952 2552 demeruerunt,
976 2472 1114 2535 maxime
1144 2470 1365 2554 compluries
1391 2471 1503 2536 eisdem
1559 2493 1560 2498 ¹

381 2581 524 2665 gratiam
540 2586 688 2645 nostram
703 2576 811 2644 facore
828 2579 1032 2660 voluerimus,
1056 2585 1089 2643 et
1104 2580 1209 2661 ipsam
1235 2577 1404 2660 hucusque
1430 2579 1504 2642 reoi—
1559 2607 1560 2616 2

383 2710 459 2771 pere
491 2687 723 2770 neglexerunt:
747 2692 858 2751 tamen
883 2685 924 2751 ob
959 2685 1181 2750 sinceritatem
1211 2685 1350 2768 perfecti
1382 2687 1504 2764 amoris,

379 2817 474 2879 quem
490 2793 533 2860 ad
548 2793 829 2878 Magnificentiam
846 2792 947 2859 Suam
962 2793 1078 2858 merito
1092 2793 1247 2876 gerimus²
1263 2792 1424 2859 habentes
1448 2813 1501 2876 pro

378 2909 555 2984 constante,
571 2903 659 2986 quod
676 2909 800 2968 statum
815 2909 849 2967 et
871 2903 1026 2968 honorem
1051 2907 1201 2967 nostrum
1225 2902 1314 2967 velut
1336 2903 1497 2985 proprium
1558 2913 1560 2976 j

378 3010 495 3094 diligit,
518 3016 553 3075 et
582 3013 617 3074 in
648 3031 726 3074 casu
756 3008 905 3092 quolibet
934 3014 1134 3094 procuraret,
1157 3011 1234 3092 quia
1264 3029 1340 3074 vere
1366 3010 1499 3075 similem

377 3118 530 3184 fiduciam
545 3138 659 3203 gerere
675 3123 784 3201 potest
801 3119 834 3181 in
855 3116 958 3199 nobis,
983 3138 1091 3182 sumus
1118 3117 1271 3197 contenti,
1296 3116 1387 3201 quod
1404 3117 1503 3182 roien·
1559 3169 1560 3172 ,

363 3231 465 3296 ¹tibus
482 3228 670 3293 ‹ladratinis
688 3225 851 3292 declinare
868 3227 970 3292 libere
987 3226 1030 3294 ad
1046 3228 1188 3311 gratiam
1205 3234 1363 3308 nostram,
1380 3233 1413 3291 et
1428 3227 1502 3290 dare

379 3337 472 3409 nobis
489 3337 668 3402 dominium
695 3333 848 3400 Civitatis
865 3335 972 3400 ‹ladro
998 3335 1136 3400 liberum
1151 3342 1185 3401 et
1209 3335 1409 3418 expeditum,
1430 3342 1502 3401 tunc

380 3444 485 3509 dictus
501 3445 649 3510 dominus
666 3443 781 3508 Banus
798 3464 831 3507 se
857 3444 1030 3526 inteponat
1054 3445 1088 3508 in
1106 3444 1192 3510 dicto
1217 3444 1314 3510 lacto.
1347 3444 1394 3508 ut
1413 3443 1502 3523 scrip·

378 3553 477 3618 simus
493 3551 684 3634 capitaneis
700 3553 830 3632 uostris,
855 3552 943 3635 quod
968 3552 994 3614 si
1020 3551 1126 3618 dictus
1155 3553 1304 3616 dominus
1330 3552 1442 3616 Banus
1464 3548 1500 3611 olr

378 3680 510 3725 normam
533 3658 714 3742 predictam
738 3658 870 3723 mittere
897 3657 995 3723 vellet
1020 3659 1147 3742 aliquos
1165 3679 1239 3724 suos
1257 3656 1418 3741 Nunnius,
1440 3677 1501 3739 per·

378 3770 512 3833 mittant
537 3788 591 3834 eos
616 3768 743 3832 intrare
771 3772 804 3832 et
829 3767 916 3833 exire
948 3768 1111 3834 civitatem
1137 3768 1252 3835 Jadre.
1275 3767 1322 3832 nt
1348 3767 1501 3831 scribatur

378 3875 473 3941 dictio
490 3874 691 3958 Capitoneis,
714 3872 913 3940 notificando
930 3874 993 3940 sibi
1017 3875 1185 3957 premissa,
1208 3881 1242 3940 et
1258 3874 1346 3958 quod
1361 3876 1397 3938 in
1422 3874 1501 3938 dicto

376 4005 451 4050 casu
469 3984 664 4068 permittant
678 3984 810 4049 nuntios
828 3982 949 4047 domini
974 3983 1061 4048 Bani
1085 3983 1210 4048 intrare
1227 4003 1263 4047 er
1290 3983 1382 4047 exire
1399 3983 1516 4045 cirita·

375 4097 441 4157 tem
457 4091 571 4158 Jadre.
595 4089 736 4173 Insuper
752 4089 916 4154 scribatur
936 4089 1021 4154 diclo
1039 4111 1091 4154 ser
1118 4087 1282 4167 Nicolino,
1307 4089 1396 4171 quod
1422 4089 1501 4172 quic·
1558 4163 1560 4182 ἐ

376 4199 455 4279 quid
470 4197 583 4264 fecerit
612 4205 644 4263 et
663 4204 817 4281 sequetur
843 4203 911 4262 tam
937 4198 977 4262 de
1008 4197 1183 4280 premissis,
1216 4218 1317 4279 quam
1350 4197 1390 4262 de
1422 4197 1500 4262 iacto
1559 4199 1560 4254 ἶ

377 4300 514 4370 Comitis
530 4305 692 4371 Maledici
718 4305 859 4387 aliisque
885 4305 1035 4372 omnibus
1051 4307 1114 4370 sibi
1130 4306 1319 4386 commissis
1343 4305 1437 4372 nobis
1461 4325 1502 4370 re·
1558 4305 1560 4310 ’

377 4411 500 4477 scribat
515 4413 760 4495 particulariter
786 4418 817 4477 et
843 4413 1003 4477 distincte.
1029 4413 1076 4477 Ill
1092 4415 1170 4497 quia
1194 4413 1379 4492 recolimus⁷
1403 4413 1498 4478 eidem
1559 4453 1560 4502 1

376 4517 584 4597 commisisse,
609 4519 738 4601 quodsi
755 4519 796 4584 de
813 4519 906 4583 firmo
933 4520 1062 4602 sentiet,
1087 4521 1173 4603 quod
1200 4521 1314 4585 Bonus
1332 4519 1498 4586 Sclavenie
1559 4521 1560 4544 ³
