3108 5246
580 367 675 442 1349.
1123 367 1185 442 tiit

62 549 217 640 firmandi,
245 551 456 643 promittendi
484 565 516 622 ct
542 555 726 639 complendi
752 556 858 622 onmia
883 563 916 620 et
934 556 1062 640 singula
1078 575 1190 640 supra·

61 662 143 730 dicta
167 672 200 731 et
226 687 374 731 connexa
390 687 427 730 ac
443 663 659 748 dependentia
685 664 727 728 ab
745 662 874 742 eisdem,
891 670 922 728 et
939 663 972 726 in
989 683 1100 728 eornm
1117 664 1184 728 ani-

60 794 122 838 mas
145 774 281 839 iurandi
307 774 346 838 de
371 771 573 840 observando
600 779 633 838 et
657 769 859 836 attendendo
877 771 986 836 omnia
1002 777 1035 836 et
1050 769 1187 853 singula,

60 901 115 963 que
139 881 202 964 ipsi
221 882 275 946 rel
289 882 374 946 alter
390 901 501 946 eorum
527 878 660 944 fecerint
679 879 711 942 in
729 877 888 962 predictis
905 883 937 942 et
955 877 1104 960 quolibet
1119 899 1189 961 pre-

59 989 225 1070 dictorum,
241 994 277 1054 et
293 1009 356 1072 quc
372 989 456 1054 idem
474 989 625 1054 dominns
640 987 719 1052 Dus
735 990 769 1051 et
785 982 963 1051 Commune
975 985 1190 1054 Venetiarum

59 1104 156 1164 totum
183 1096 298 1164 iacere
324 1104 466 1183 possent,
492 1098 519 1162 si
534 1096 754 1180 personaliter
770 1096 975 1162 interessent.
992 1092 1190 1160 Promitten·

57 1211 102 1268 tes
126 1205 196 1288 ipse
223 1206 379 1270 dominns
404 1205 483 1271 Dux
509 1211 540 1270 et
566 1202 713 1269 Consilia
737 1203 928 1286 supradicta
942 1223 1002 1288 pro
1019 1224 1052 1269 se
1070 1207 1104 1268 et
1120 1225 1189 1269 sue·

59 1314 235 1378 sessoribus
265 1314 333 1378 suis
359 1312 474 1396 modis,
499 1311 611 1377 formis
628 1318 662 1376 et
677 1310 860 1377 nominibus
877 1312 1074 1396 supradictis
1090 1311 1189 1376 michi

41 1415 194 1486 'Notario
222 1421 435 1504 infrascripto
460 1425 617 1502 tanquam
641 1419 770 1503 publice
796 1441 933 1504 persone
959 1419 1132 1504 stipulanti
1156 1425 1190 1484 et

58 1529 227 1612 recipienti
255 1529 386 1594 nomine
403 1536 436 1595 et
462 1529 530 1594 vice
555 1527 634 1594 dicti
651 1527 771 1593 domini
788 1527 891 1610 Regis
908 1525 992 1613 (igy)
1009 1537 1042 1594 et
1058 1545 1190 1594 suornm

56 1655 286 1716 suceessorum,
312 1643 344 1701 et
372 1637 514 1702 omnium
539 1643 572 1701 et
598 1636 808 1717 singulorum,
833 1655 972 1724 quorum
989 1635 1124 1700 interest
1140 1634 1190 1700 sel

56 1742 204 1809 interesse
233 1753 355 1828 posset,
380 1752 537 1829 perpetuo
562 1744 659 1810 firma
684 1752 760 1810 rata
786 1753 819 1809 et
844 1741 941 1829 grata
957 1743 1078 1811 habere
1094 1751 1129 1809 et
1143 1752 1189 1810 te-

56 1870 136 1932 nere,
159 1858 194 1917 et
218 1853 456 1919 inviolabiliter
480 1851 655 1918 observare
681 1852 792 1917 omnia
808 1857 841 1917 et
856 1850 995 1935 singula,
1011 1871 1073 1934 que
1089 1850 1188 1917 iidem

57 1955 176 2024 Sindici
194 1960 250 2025 rel
268 1981 383 2025 eorum
408 1960 493 2027 alter
510 1961 545 2026 iu
560 1960 718 2044 predictis
735 1965 895 2025 eteorum
912 1960 1050 2044 singulis
1066 1965 1189 2026 tracta·

58 2065 167 2146 serint,
192 2066 412 2150 firmaverint,
443 2067 661 2151 promiserint,
686 2066 928 2151 compleverint,
954 2074 1012 2132 aut
1037 2065 1191 2134 duxerint

56 2170 210 2259 iacienda,
237 2181 273 2238 et
296 2175 330 2239 in
354 2174 444 2240 nullo
469 2174 693 2241 contrafacere
719 2175 771 2239 vel
797 2176 906 2240 venire
931 2175 971 2240 de
995 2177 1067 2242 iure
1082 2175 1133 2240 vel
1151 2175 1191 2240 de

58 2277 150 2358 facto,
175 2281 296 2366 aliqua
321 2283 449 2347 ratione
466 2282 517 2348 vel
533 2303 642 2364 causa,
660 2284 719 2349 sub
736 2282 934 2365 obligatione
951 2283 1109 2348 bonorum
1125 2305 1191 2350 om·

58 2385 142 2452 nium
168 2387 366 2456 Communis
381 2387 598 2456 Venetiarum
613 2391 811 2473 presentium
826 2397 860 2454 et
874 2388 1066 2454 futurorum.
1082 2389 1122 2454 In
1139 2411 1191 2456 cu-

58 2492 104 2558 ins
129 2495 177 2560 rei
203 2496 306 2562 fidem
332 2503 364 2561 et
380 2492 574 2562 evidentiam
591 2498 769 2580 pleniorem
785 2495 933 2581 prelatus
949 2494 1097 2562 dominns
1115 2495 1191 2564 Dux

60 2603 227 2669 mandarit
252 2625 387 2688 presens
412 2605 663 2670 instrumentum
678 2605 843 2689 publicum
861 2603 931 2669 fieri
946 2626 1004 2688 per
1021 2626 1071 2671 me
1087 2603 1192 2671 Nota·

61 2707 140 2774 rium
155 2711 417 2796 infrascriptum,
434 2718 468 2777 et
484 2710 552 2777 eius
562 2712 716 2795 pendenti
726 2710 816 2778 bulla
827 2710 982 2794 plumbea
992 2713 1191 2780 communiri.

160 2817 288 2884 Actum
313 2818 347 2883 in
370 2818 490 2885 Ducali
514 2819 643 2903 palacio
660 2818 848 2886 Communis
864 2817 1091 2902 Veneeiarum,
1107 2841 1191 2888 anno

60 2923 281 2994 aNatiiriate
306 2925 441 2993 Domini
466 2926 640 2994 millesimo
679 2928 909 2994 trecentesimo
941 2927 1191 3012 quadragesimo

59 3053 150 3118 nono,
177 3035 234 3100 die
262 3035 540 3118 vigesimoquarto
566 3037 684 3102 mensis
711 3033 924 3121 Septembris,
939 3036 1078 3102 secunde
1093 3037 1193 3104 indic-

58 3139 162 3221 tionis,
190 3139 399 3225 presentibus
424 3141 570 3226 providis
596 3151 629 3210 et
654 3144 806 3210 diseretis
822 3144 900 3209 viris
917 3165 970 3209 ser
995 3143 1193 3210 Benintendi

59 3246 96 3312 de
120 3249 339 3333 Raragnanis
354 3250 504 3316 Ducatus
520 3249 738 3320 Venceiarum
754 3251 1045 3335 Vicecaneellario,
1061 3252 1193 3338 Rapha-

58 3355 109 3421 ino
133 3357 176 3423 de
205 3356 382 3442 Carminis,
407 3357 583 3424 Nieholeto
609 3359 662 3424 del
691 3357 853 3426 Chamino
871 3359 1011 3428 Notario
1028 3361 1106 3426 dicti
1122 3361 1193 3428 Du·

60 3471 157 3548 catus,
184 3473 220 3532 et
247 3465 320 3531 aliis
336 3465 381 3533 ibi
406 3465 673 3550 presensentibus
690 3467 734 3534 ad
750 3468 813 3533 hoc
829 3467 967 3534 testibus
984 3469 1105 3535 voeatis
1122 3489 1192 3553 spe-

59 3572 187 3638 cialiter
203 3580 238 3638 et
254 3573 388 3658 rogatis.

165 3679 220 3765 (P.
237 3679 298 3768 Η.)
323 3683 395 3764 Ego
422 3679 614 3750 Boniiacius
639 3682 678 3748 de
704 3683 836 3752 Mutina
860 3681 1030 3769 Imperiali
1047 3683 1192 3752 euthori-

1 3818 2 3823 1
63 3792 130 3856 tete
155 3788 321 3856 Notarius
346 3789 512 3874 Publicus,
537 3797 570 3856 et
584 3789 732 3858 Ducatus
750 3793 964 3862 Venetiarum
982 3791 1106 3879 Scriba,
1122 3815 1192 3878 pre·

65 3893 160 3963 dietis
185 3896 334 3982 interlui,
358 3903 392 3964 et
407 3919 446 3964 ea
464 3899 504 3966 de
521 3897 677 3966 mandato
692 3899 797 3966 incliti
814 3901 934 3966 domini
948 3901 1051 3967 Ducis
1067 3900 1193 3987 scripsi.

166 4001 269 4088 Nota,
286 4005 378 4088 quod
393 4007 526 4090 ipsadie
537 4005 643 4074 factus
660 4003 723 4072 luit
739 4007 888 4075 similiter
899 4005 1095 4091 Sindieatus,
1111 4009 1194 4076 etin

63 4113 207 4194 personis
216 4111 439 4199 predictorum
459 4113 617 4180 nobilium
627 4134 687 4200 per
699 4120 807 4181 totum
827 4115 970 4182 eiusdem
986 4115 1193 4198 continentie,

65 4217 150 4285 cuius
175 4227 226 4286 est
250 4219 418 4304 predictus
436 4217 635 4303 Sindieatus,
651 4231 760 4306 preter
786 4244 882 4308 quam
899 4224 933 4287 in
947 4221 1055 4304 titulo,
1072 4223 1105 4288 in
1129 4245 1194 4308 quo

66 4325 182 4394 dictum
191 4327 255 4392 fnit-
265 4348 272 4391 :
282 4325 436 4393 Andreas
451 4325 607 4395 Dandulo
617 4329 683 4395 Dei
693 4332 802 4415 gratia
810 4329 888 4396 Dux
904 4329 1117 4400 Venetiamm
1133 4338 1194 4396 etc.

171 4454 208 4516 (Δ
221 4453 348 4518 megbizd
361 4454 474 4506 levelek
489 4455 586 4520 regyis
611 4456 863 4522 »syndicum-ok
876 4456 899 4506 Ι.
912 4456 1061 4523 ketegebol
1074 4469 1091 4506 a
1103 4457 1194 4512 velen·

71 4540 123 4593 ezei
132 4558 206 4610 nagy
220 4543 414 4606 leveltirban.)
