3214 5260
614 349 709 418 1352.

626 549 699 612 345.

95 711 154 774 VI.
172 709 321 774 Kelemen
335 713 427 795 pdpa
445 732 466 772 α
484 710 617 774 lctc'rolr
634 712 666 774 e'a
682 709 828 776 litucinok
855 711 935 775 elles
952 712 1224 800 Mcpyororszrip—

301 817 365 882 ban
380 817 411 881 is
427 817 577 884 keresztes
591 818 725 884 hciborrit
741 818 897 884 birdettea
923 819 1017 884 1352.

202 974 353 1042 Clemens
370 975 553 1060 Episcopus
570 936 896 1044 etcsvenerabilibus
911 976 1070 1045 iratribus
1087 1029 1094 1046 .
1111 1028 1117 1044 .
1135 1028 1141 1046 .
1157 977 1223 1044 Ar·

89 1083 300 1168 cbiepiscopo
325 1081 522 1162 (dusmensi,
548 1090 581 1150 et
597 1133 605 1150 .
621 1135 628 1150 .
646 1135 654 1150 .
679 1083 889 1152 Oracouiensi
914 1107 953 1151 ac
968 1134 975 1150 .
993 1135 1023 1150 ..
1048 1086 1224 1152 Wratisla-

88 1191 199 1256 uiensi
223 1191 396 1276 Episcopis
422 1191 562 1257 salutem
588 1199 651 1257 etc.
676 1190 791 1275 Nuper
816 1192 1002 1258 carissimus
1027 1195 1061 1259 in
1088 1192 1222 1260 Christo

88 1297 180 1364 filius
195 1297 388 1364 Kazimirus
403 1295 477 1364 Rex
503 1297 640 1364 Polonie
664 1299 801 1365 illustris
817 1320 876 1383 per
892 1300 1022 1366 litteras
1038 1307 1072 1368 et
1087 1304 1222 1367 nuncios

89 1424 165 1470 snos
181 1411 293 1473 nostro
310 1404 521 1490 Apostolatui
537 1405 703 1492 patefecit,
719 1407 807 1490 quod
823 1428 903 1491 gens
919 1407 1045 1492 perfida
1064 1408 1221 1475 Tartaro·

88 1535 163 1580 rum
180 1516 215 1578 in
230 1514 374 1582 tenebris
391 1513 571 1596 ambulans,
587 1536 766 1599 carensque
781 1515 902 1581 lumine
919 1515 1089 1582 Catholice
1104 1517 1221 1586 varita-

62 1623 141 1714 ,5⁸2
166 1622 310 1707 prolana
336 1623 532 1706 cogitatione
559 1624 775 1706 considerans,
800 1624 887 1707 quod
905 1624 1056 1708 Regnum
1073 1623 1221 1707 Polonie,

87 1728 215 1811 quoda
231 1728 383 1796 fidelibus
399 1727 580 1810 habitatur,
597 1737 646 1797 est
672 1731 705 1796 in
730 1729 854 1797 ultimis
871 1727 1133 1797 Christianorum
1148 1731 1221 1798 fini·

86 1835 150 1902 bus
167 1838 381 1904 constitutum
398 1836 459 1903 stb.
476 1837 596 1903 dietum
622 1836 774 1922 Regnum
790 1845 823 1904 et
839 1836 1044 1904 Christianos
1058 1836 1221 1904 habitato·
1271 1909 1274 1914 ,

86 1965 142 2009 res
157 1943 262 2027 ipsius
286 1944 441 2012 invadere
466 1948 722 2030 presumpseruit
747 1947 810 2014 stb.
826 1970 833 2010 :
850 1952 986 2031 propter
1012 1946 1100 2029 quod
1114 1945 1221 2032 prefa-

85 2057 141 2117 tus
157 2051 234 2119 Rex
249 2060 309 2120 etc.
325 2061 472 2121 nostrum
488 2055 522 2119 in
537 2053 601 2121 hac
625 2063 729 2138 parte,
745 2061 778 2120 et
793 2075 852 2138 per
868 2075 927 2120 nos
942 2063 1128 2140 promptum
1143 2055 1220 2120 fide·

85 2157 170 2225 lium
187 2161 325 2226 aliorum
350 2161 530 2228 subsidium
555 2161 723 2227 humiliter
742 2161 937 2244 implorauit
954 2159 1026 2227 Nos
1041 2163 1141 2246 igitur
1157 2163 1218 2228 stb.

84 2265 291 2335 fraternitati
314 2277 421 2335 vestre
447 2291 505 2353 per
531 2267 723 2354 Apostolica
748 2270 873 2352 scripta
888 2270 1089 2352 mandamus,
1106 2277 1220 2353 quate.

15 2359 18 2386 ⁷
84 2395 149 2438 nus
166 2394 222 2440 vos
238 2381 273 2440 et
288 2376 428 2459 quilibet
444 2383 587 2442 vestrum
604 2398 663 2460 per
679 2397 735 2444 vos
751 2381 785 2440 et
800 2375 882 2442 alias
898 2397 1054 2460 personas
1069 2379 1219 2446 ccclesia·

84 2483 188 2548 sticas
203 2483 365 2550 seculares
390 2489 424 2549 et
447 2483 617 2568 regulares
643 2483 804 2550 Ordinum
833 2503 1109 2566 quorumcunque,
1135 2505 1218 2567 quas

84 2587 131 2654 ad
157 2589 221 2656 hoc
244 2590 386 2675 ydoneas
410 2611 481 2658 csse
507 2591 674 2674 noueritis,
696 2593 739 2656 in
763 2590 930 2657 eisdem
953 2591 1152 2674 Polonie,
1175 2597 1218 2658 et

14 2709 16 2718 ’
84 2693 289 2782 Vngaric
313 2707 356 2765 et
379 2699 561 2766 Boemie
584 2698 753 2782 Regnis
788 2704 904 2764 contra
928 2697 1073 2782 prelatos
1099 2697 1218 2764 Tarta-

83 2823 151 2889 ros,
165 2811 200 2870 ct
216 2825 436 2893 quoscumque
461 2807 542 2873 alios
567 2806 714 2872 infideles
739 2804 929 2874 invadentes
945 2825 1002 2869 seu
1019 2803 1217 2871 offendentes

82 2911 269 2994 predictum
284 2912 409 2998 Regem
434 2919 466 2979 et
490 2912 642 2997 Regnum
667 2910 806 2978 Polonic
832 2916 866 2976 et
883 2910 1089 2978 habitatores
1105 2911 1206 2995 ipsius

82 3021 282 3103 proponatis
296 3021 389 3087 iuxta
405 3019 514 3088 datam
530 3019 621 3087 vobis
637 3041 659 3086 a
674 3017 747 3085 Deo
772 3018 980 3104 prudentiam
996 3017 1129 3084 verbum
1146 3040 1215 3084 cru·

82 3128 131 3192 cis
147 3132 182 3192 et
198 3126 383 3193 venerabile
407 3129 534 3210 signum
559 3129 628 3193 eius
648 3132 717 3193 tam
733 3126 877 3192 eiusdem
894 3124 1006 3210 Regis,
1024 3145 1123 3209 quam
1137 3124 1216 3192 alio·

81 3253 157 3300 rum
173 3233 320 3300 fidebam
344 3235 524 3302 incolarum
548 3234 736 3318 Regnorum
755 3234 974 3318 predictorum
990 3233 1083 3300 illam
1099 3233 1215 3302 deuote

81 3341 252 3425 suscipere
268 3341 445 3410 volentium
469 3342 613 3407 humeris
637 3341 800 3427 affigatis,
826 3343 955 3409 eosdem
973 3342 1085 3408 vestris
1101 3340 1214 3407 exhor-

81 3447 265 3515 tationibus
281 3450 342 3517 stb.
358 3449 484 3516 Datum
500 3449 588 3534 apud
605 3447 729 3518 Villam
739 3448 870 3516 Nouam
880 3447 1119 3516 Auenionensis
1135 3447 1214 3514 Dio·

80 3557 165 3623 cesis
181 3555 291 3624 idibus
307 3557 390 3624 Maii
406 3557 625 3626 Pontificatus
640 3559 744 3625 nostri
761 3579 847 3625 anno
862 3556 998 3623 decimo.

405 3703 463 3764 (vl.
477 3703 609 3756 Kelemen
620 3705 692 3768 ptpa
704 3701 891 3766 regesttibbl.)

612 3993 684 4054 atu.

79 4147 109 4218 A
126 4145 282 4219 cclenczei
297 4147 641 4240 lrcrmdaytanclcsnak
657 4153 851 4220 ltctdrczato
868 4149 976 4220 elissa
993 4151 1025 4216 e's
1036 4143 1209 4218 Scardona

341 4261 444 4326 vdrclc
461 4262 669 4350 ncepszerze'se
686 4263 836 4349 ltpyc‘ben.
855 4263 950 4327 1352.

188 4417 288 4487 Anno
312 4419 517 4488 MOOCLII.
543 4421 719 4488 indictione
736 4415 797 4492 VI.
815 4415 1210 4504 dieV111.8eptembris.

80 4525 210 4612 Capta:
238 4527 319 4594 Cum
337 4536 447 4596 castra
462 4535 496 4597 et
510 4529 583 4598 loca
600 4529 711 4598 Olissii
727 4535 760 4594 et
775 4527 939 4598 Scardona
955 4529 1021 4596 sint
1036 4527 1210 4595 utilissima
