3110 5248
225 375 228 380 Ι
349 289 433 353 296'
606 345 609 352 ,
703 307 936 355 nmnousoamr
951 296 1119 356 umbras.

349 487 411 549 que
428 467 527 551 impie
541 469 732 546 intulerunt,
748 473 782 532 et
797 466 884 552 quod
899 466 995 532 multi
1010 473 1172 548 asserunt,
1187 467 1266 532 lieet
1280 468 1325 532 -id
1341 466 1461 533 eredere

349 573 440 640 nullo
457 573 554 640 modo
571 576 739 657 possimus,
756 575 815 650 hec
832 574 871 639 de
888 574 990 658 ipsius
1006 573 1109 658 Regis
1126 576 1327 640 conscientia
1350 596 1460 658 proces·

351 679 441 761 sisse,
451 673 491 746 'et
507 703 527 746 a
543 681 709 746 nonnullis
726 682 884 746 asseritur
899 680 1092 762 verisimile,
1107 701 1210 764 quare
1226 682 1366 764 videtur,
1388 682 1463 766 quod

324 833 327 842 ,
345 788 379 852 si
396 787 542 872 prefatus
557 787 631 856 Rex
646 786 769 853 eisdem
794 788 882 854 Duci
896 793 930 854 et
945 787 1017 852 aliis
1034 808 1185 873 expresse
1199 789 1388 872 preciperet,
1401 797 1463 853 uta

352 903 421 963 tam
439 895 581 964 scelestis
597 903 631 962 et
646 895 767 980 iniquis
784 894 1027 980 operationibus
1043 894 1253 980 abstinerent,
1276 897 1339 980 ipsi
1354 895 1426 962 Dux
1439 905 1466 962 et

352 1005 412 1070 alii
428 1026 448 1068 a
463 1002 585 1072 talibus
602 1026 637 1069 se
652 1002 861 1069 retraherent
871 1009 903 1068 et
913 1008 1079 1068 cessarent
1088 1002 1150 1068 stb.
1170 1004 1257 1070 Item
1267 1025 1341 1070 eum
1354 1005 1466 1088 punitio

353 1110 497 1177 omnium
525 1111 776 1195 qualiterunque
801 1108 1011 1193 culpabilium
1036 1109 1076 1174 de
1103 1116 1210 1176 morte
1225 1110 1363 1178 Andree
1377 1112 1466 1194 Regis

353 1218 397 1286 ad
412 1238 470 1284 nos
487 1216 651 1283 duntaxat
665 1219 818 1303 pertinet,
834 1218 969 1301 ipseque
984 1216 1171 1284 Ludovicus
1184 1216 1260 1284 Rex
1274 1221 1464 1287 carissimum

354 1327 388 1392 in
405 1323 538 1391 Christo
554 1325 658 1392 filium
674 1333 824 1392 nostrum
838 1325 1019 1394 Robertum
1034 1327 1274 1410 Imperatorem
1291 1327 1466 1394 Constanti,

355 1433 583 1516 nopolitanum
599 1433 770 1516 illustrem,
795 1438 829 1499 et
853 1432 988 1498 dilectos
1004 1433 1091 1499 filios
1105 1433 1240 1523 :nobiles
1254 1435 1341 1500 viros
1357 1433 1466 1518 Philip
1493 1471 1497 1478 ,
1543 1480 1544 1483 ,

353 1561 431 1624 pum
463 1538 502 1605 de
534 1539 688 1620 Tarento,
713 1563 752 1606 ec
776 1541 979 1608 Ludoricum
1004 1549 1037 1606 et
1062 1541 1244 1609 Robertum
1270 1542 1311 1608 de
1335 1543 1466 1610 Duracie

355 1647 526 1712 occasione
552 1648 737 1714 huiusmodi
760 1650 906 1715 criminis
930 1650 1129 1715 auctoritate
1145 1652 1281 1736 propria
1298 1651 1425 1735 ceperit,
1439 1656 1467 1715 et
1541 1726 1543 1729 ¹

355 1761 468 1838 captes
485 1755 519 1818 in
535 1754 716 1838 Vngariem
733 1756 909 1824 destinarit
925 1755 987 1821 stb.
1005 1755 1071 1823 Sed
1088 1779 1148 1822 nec
1163 1758 1369 1840 relinquatur
1387 1758 1468 1824 silen-
1539 1794 1540 1797 π

355 1862 413 1943 tio,
428 1869 539 1932 utrum
554 1862 691 1932 dilectas
707 1868 742 1930 in
758 1864 892 1932 Christo
908 1863 992 1932 filias
1016 1865 1141 1933 nobiles
1165 1867 1317 1932 mulieres
1341 1865 1468 1934 Mariam
1539 1914 1541 1917 ψ

357 1968 532 2036 Ducissum
548 1971 698 2052 Duraoii,
715 1995 753 2037 ee
768 1970 987 2056 Margaritam
1003 1977 1037 2037 et
1052 1973 1198 2039 Mariam
1213 1975 1255 2041 de
1272 1976 1423 2055 Tarento,
1436 1973 1469 2037 do

357 2077 502 2160 predicto
528 2081 664 2145 crimine
688 2079 836 2146 totaliter
862 2081 1060 2163 innocentes,
1073 2080 1201 2166 ipsique
1231 2079 1317 2166 Regi
1334 2081 1467 2166 Vngarie

358 2190 453 2252 tanta
478 2188 645 2271 sanguinis
672 2187 883 2270 proximitate
908 2188 1107 2269 coniunctas,
1131 2209 1189 2270 per
1204 2189 1344 2255 eundem
1358 2189 1469 2272 Regem

357 2291 502 2359 decuerit
527 2297 573 2361 sie
589 2297 742 2376 tractari;
761 2317 833 2361 cum
858 2296 929 2379 ipse
958 2296 1000 2362 ab
1016 2294 1227 2360 hereditariis
1253 2303 1286 2362 et
1302 2297 1374 2362 aliis
1388 2295 1467 2363 bouis

358 2399 423 2464 suis
440 2402 600 2486 omnibus,
616 2408 653 2468 ut
663 2400 768 2468 fertur
786 2403 889 2469 eiecte
899 2424 959 2488 pro
976 2403 1042 2468 rite
1051 2405 1253 2484 necessariis,
1270 2405 1357 2488 quod
1373 2401 1467 2486 displi-

357 2515 468 2578 center
482 2508 675 2590 audiuimus,
696 2507 881 2576 mendicare
900 2530 1051 2594 coganur.
1070 2507 1195 2595 (Igitur
1203 2511 1384 2578 Ludovious
1393 2505 1468 2590 Rex)
1544 2588 1546 2591 ι

358 2615 534 2683 inducatur
564 2638 624 2701 per
655 2618 725 2684 vias
751 2617 944 2683 accomodes
969 2638 1007 2682 ec
1030 2620 1130 2683 etiam
1161 2624 1371 2702 opportunas,
1392 2615 1466 2700 qued

359 2725 439 2807 ipse,
449 2726 533 2790 sicut
550 2726 644 2790 decet
660 2724 858 2809 Principem,
869 2725 916 2789 sic
931 2745 1044 2808 gerere
1061 2746 1094 2790 se
1111 2724 1243 2790 studeat
1259 2726 1293 2790 in
1309 2725 1369 2789 hac
1382 2729 1469 2808 parte,

358 2830 508 2914 illudque
538 2853 635 2916 super
665 2834 727 2898 hoo
758 2832 936 2898 remedium
961 2833 1117 2900 adhibere
1142 2838 1309 2916 procuret,
1324 2854 1380 2916 per
1395 2828 1467 2915 qued

359 2938 607 3004 honorificentie
633 2959 671 3004 ac
702 2938 849 3005 decentie
881 2940 984 3024 Regis
1019 2938 1168 3022 satisfiat,
1210 2961 1250 3006 ae
1281 2937 1467 3024 proximitati

361 3047 527 3130 sanguinis
543 3045 689 3138 debitum
706 3047 877 3113 exoluetur
894 3046 957 3113 stb.
972 3046 1096 3114 Datum
1106 3044 1272 3116 Ariuione
1289 3047 1379 3114 nonis
1388 3043 1470 3124 Maii,

359 3152 575 3222 Pontificatus
591 3157 696 3222 nostri
713 3175 799 3220 anne
817 3160 916 3220 sexto.
935 3229 937 3236 ,
1292 3163 1297 3176 '

682 3301 740 3362 (VI.
755 3301 886 3352 Kelenren
898 3299 971 3364 papa
983 3301 1170 3365 regesttibdl.)

842 3461 1002 3472 --—-——-

891 3702 964 3764 262.

363 3855 495 3923 diludia
510 3861 688 3926 εοανιῖοηαιΙ
702 3859 848 3946 profanis
873 3861 989 3925 bcrldlo
1018 3867 1095 3926 utcin
1112 3885 1132 3926 α
1152 3861 1303 3925 uelenczei
1318 3858 1469 3938 korrna'uy·

412 3971 524 4031 tancies
541 3969 655 4032 canok
674 3968 785 4032 odrait
802 3970 1104 4056 Moqyarorezriqtdl
1123 3967 1252 4033 eleon-iri
1267 3963 1428 4055 ipyelcrzik.

885 4079 980 4141 1348.

472 4227 570 4315 dune
587 4231 884 4302 MOOCXLVIII.
911 4237 962 4301 die
987 4234 1085 4305 XVI.
1111 4235 1203 4302 Maii.
1230 4232 1388 4318 Capta:
1404 4228 1471 4296 Cum
1554 4226 1555 4289 3

366 4333 483 4400 Comes
509 4335 633 4407 Paulus
659 4348 770 4408 notum
794 4342 910 4410 fecerit
934 4342 1172 4423 Dominationi,
1198 4341 1287 4426 quod
1303 4343 1368 4407 eius
1383 4343 1471 4404 castra

365 4445 398 4514 et
412 4439 486 4505 loca
502 4442 582 4518 (lare
597 4448 689 4514 nobis
705 4450 844 4519 intendit
859 4454 950 4518 iuxta
961 4458 1150 4538 preceptum
1166 4449 1282 4518 fratris
1293 4451 1339 4515 sui
1351 4443 1470 4514 Comitis
