3108 5246
378 317 442 382 388
737 317 973 382 brenostnczrnr
987 305 1156 385 umente.
1235 293 1240 301 ’

373 500 424 558 ter
441 493 621 574 reuoluere,
637 491 811 578 dignisque
827 492 996 560 fauoribus
1021 492 1189 578 ampliare,
1205 497 1237 559 et
1254 490 1295 560 ab
1313 479 1501 576 usurpatori·

373 598 436 666 bus
463 599 716 684 quibuscunque,
751 621 792 665 ne
827 600 1058 666 detrimentum
1084 595 1230 666 indebite
1255 601 1426 684 patiantur,
1450 620 1502 664 no-

374 714 442 774 stro
466 707 603 774 brachio
632 713 843 774 manutenere
869 714 1023 792 potenter
1041 715 1073 774 et
1086 708 1227 774 viriliter
1244 707 1418 774 defensare.
1431 707 1504 773 Hac

374 815 486 901 itaque
513 815 774 882 consideratione
800 817 963 899 commoti,
989 824 1023 882 et
1047 818 1208 901 premissa
1232 837 1295 900 que
1323 813 1435 882 suadet
1456 837 1505 880 ra

375 924 466 990 tione
482 924 582 1005 suasi,
597 922 823 1008 Preceptores‚
850 921 1106 1007 Gubernatores,
1123 924 1273 1009 Fratres,
1288 930 1324 989 et
1338 915 1503 990 biinistros

376 1029 513 1098 Ordinis
523 1029 643 1098 Militia
661 1030 782 1098 Sancte
798 1031 905 1100 Mario
922 1032 1208 1116 Theotonicornm,
1224 1037 1258 1097 et
1272 1031 1359 1099 bona
1370 1051 1502 1116 quecun-

374 1159 436 1224 que
463 1138 508 1206 ad
531 1141 620 1223 ipsos
645 1139 827 1226 spectantia
851 1145 884 1206 et
907 1143 942 1206 in
958 1140 1075 1225 Regno
1092 1145 1204 1208 nostro
1221 1137 1335 1206 Sicilie
1352 1139 1503 1220 sistentia,

377 1245 438 1314 sub
454 1245 653 1316 defensionis
668 1253 779 1316 nostre
796 1249 910 1315 umbra
930 1249 1142 1333 suscipientes
1159 1255 1192 1314 et
1208 1247 1325 1332 digne;
1349 1245 1504 1328 volumus,

375 1355 533 1440 vobisque
559 1363 593 1423 et
616 1361 760 1425 restrum
786 1357 918 1424 cuilibet
941 1362 1056 1423 tenore
1074 1357 1277 1441 presentium
1293 1355 1353 1423 sub
1369 1356 1501 1422 obtentu

375 1467 484 1549 gratie
509 1471 628 1548 nostre,
653 1463 856 1532 descientia
881 1472 994 1532 nostra
1018 1471 1118 1546 certa,
1142 1464 1283 1531 firmiter
1308 1471 1341 1528 et
1357 1483 1502 1548 expresse

376 1571 579 1654 mandamus,
606 1578 765 1656 qnatenus
791 1572 877 1638 dicte
903 1571 1087 1654 Religionis
1112 1571 1271 1654 homines,
1287 1569 1362 1637 loca
1376 1577 1408 1636 et
1422 1569 1503 1634 bona

286 1757 290 1764 ⁸
377 1702 568 1766 quecunque
585 1682 620 1747 in
635 1681 783 1765 predicto
809 1680 925 1765 Regno
951 1687 1065 1748 nostro
1082 1679 1241 1763 sistentia,
1258 1679 1305 1745 sic
1321 1679 1427 1745 velitis
1443 1675 1504 1742 effi-

378 1790 498 1856 caciter
528 1789 694 1873 suscipere
726 1790 960 1872 commendata,
1001 1788 1090 1874 quod
1119 1788 1301 1855 officiorum
1331 1792 1503 1854 sessorum

375 1897 579 1982 temporibus
596 1896 688 1963 nulla
704 1898 751 1964 eis
765 1897 825 1964 fiat
839 1898 962 1963 iniuria
987 1899 1041 1964 uel
1059 1897 1192 1979 offensa,
1208 1917 1269 1964 nec
1285 1895 1439 1980 consequi
1453 1912 1502 1958 ue

375 2005 466 2071 leant
481 2005 719 2086 detrimeutnm;
728 2011 975 2072 manutenentes
991 2011 1026 2071 et
1041 2004 1252 2071 defendentes
1263 2005 1422 2085 homines,
1436 2001 1503 2068 loce

377 2117 410 2178 et
424 2110 511 2179 bona
526 2111 676 2196 predicta
691 2112 734 2178 ab
750 2111 876 2180 illicitis
885 2112 1150 2178 molestatoribus
1171 2110 1418 2197 quibuscunque
1428 2107 1502 2193 justi

377 2217 500 2286 fauoris
515 2219 657 2304 presidio
683 2241 749 2286 non
773 2221 879 2287 minus
904 2221 1045 2286 viriliter
1061 2239 1160 2303 qnam
1175 2225 1345 2304 potenter3
1369 2239 1427 2284 nec
1442 2238 1502 2300 per

377 2327 544 2394 mictentes
555 2325 714 2396 Ordinem
730 2332 764 2394 et
779 2327 917 2394 Fratres
926 2327 1090 2412 predictos
1105 2326 1198 2394 bonis
1214 2326 1372 2411 predictis
1386 2324 1441 2390 nel
1452 2322 1502 2390 ali·

379 2454 443 2518 quo
467 2455 506 2502 ex
532 2433 652 2503 eisdam
669 2457 728 2522 per
744 2435 930 2520 quempiam
945 2435 1091 2502 indebite
1107 2435 1262 2520 spoliari;
1285 2441 1319 2500 et
1349 2431 1501 2518 siquidem

378 2543 511 2627 spoliati
526 2542 658 2624 luerint,
674 2543 750 2610 illos
765 2545 799 2608 in
814 2544 1051 2628 possessionem
1066 2544 1241 2628 pristinam
1256 2541 1414 2608 suadente
1422 2539 1501 2607 insti-

377 2651 426 2718 tia
440 2651 616 2738 inducatis,
641 2660 674 2718 et
688 2653 836 2719 inductos
852 2659 965 2720 nostro
981 2653 1109 2720 nomine
1124 2651 1325 2735 defendatis3
1337 2651 1497 2722 debitores

379 2779 591 2844 quoscunque
617 2758 779 2827 dictorum
805 2758 939 2828 Ordinis
965 2768 997 2827 et
1021 2763 1178 2829 Fratrem
1194 2760 1237 2826 nd
1253 2758 1499 2828 satisfactionem

378 2867 458 2948 eius,
475 2866 517 2932 ad
534 2867 622 2950 quod
639 2875 793 2936 tenentur
817 2868 949 2952 eisdem,
967 2869 1092 2952 cogatis
1107 2868 1269 2936 instanter
1283 2872 1414 2934 tantum
1429 2885 1500 2932 snm·

379 2973 486 3041 maria
501 2972 566 3039 fide
581 2981 721 3060 sumpta,
736 2975 764 3040 si
780 2975 869 3040 aliud
894 2973 1091 3042 rationabile
1107 2995 1174 3041 non
1188 2974 1341 3056 obsistat,
1357 2973 1499 3040 audentes

379 3081 413 3147 in
428 3083 632 3149 contrarium
656 3102 715 3168 per
740 3083 962 3168 impositiones
987 3103 1144 3168 penarum
1161 3087 1194 3149 et
1209 3082 1415 3150 execficnem
1438 3081 1498 3148 ills·

378 3209 452 3254 rum
477 3209 536 3274 per
561 3197 636 3256 arta
649 3191 732 3275 juris
747 3189 891 3257 remedia
907 3191 1148 3276 compescendo,
1164 3190 1327 3276 dictisque
1343 3187 1458 3256 Ordini
1472 3192 1499 3253 et
1553 3202 1554 3205 ’

379 3295 549 3382 fratribus,
566 3319 606 3365 ac
620 3296 800 3366 factoribus
816 3304 850 3365 et
864 3300 1129 3384 procuratoribus
1145 3299 1332 3380 eorundem,
1348 3295 1498 3365 assistatis

379 3425 487 3490 opere,
503 3407 646 3492 oonsilio,
659 3407 781 3474 anxilio
798 3415 831 3473 ct
844 3405 1014 3474 fauoribus
1026 3408 1203 3491 oportunis.
1214 3405 1392 3473 Presentes
1403 3411 1498 3472 autem

380 3511 514 3579 licteras
530 3520 604 3600 post
628 3535 806 3599 congruam
831 3514 1061 3599 inspectionem
1082 3533 1194 3582 eanum
1210 3533 1311 3598 penes
1326 3519 1498 3598 presentes·

382 3629 450 3689 tem
465 3624 612 3690 volumus
628 3646 797 3692 remanere
813 3623 990 3692 efficaciter
1005 3625 1137 3691 inantea
1153 3623 1319 3691 valituras.
1336 3623 1457 3690 Datum
1470 3620 1496 3685 in

382 3734 506 3818 campis
522 3735 555 3800 in
572 3733 740 3801 obsidione
758 3732 913 3804 Oiuitatis
939 3734 1067 3802 Auerse
1083 3755 1168 3801 anno
1183 3733 1318 3802 Domini
1343 3733 1497 3801 millesimo
1552 3759 1553 3762 ¹

380 3841 609 3910 trecentesimo
630 3835 901 3929 quinquagesimo
926 3843 978 3910 die
994 3843 1118 3910 decimo
1134 3840 1159 3907 J
1159 3842 1217 3928 nlij
1233 3841 1301 3908 III.
1317 3839 1496 3918 indictionis.

381 3948 572 4037 Regnorum
588 3957 776 4020 nostrorum
800 3946 948 4037 Vngarie
966 3973 1052 4020 anno
1068 3959 1193 4034 octauo,
1208 3951 1399 4020 Jerusalem
1415 3958 1445 4018 et
1457 3946 1496 4016 Si·

382 4058 453 4125 cilie
470 4078 556 4126 anno
573 4060 681 4129 tertio.

488 4207 628 4269 (Eredetie
650 4223 668 4260 a
690 4209 876 4275 »Pergameae
899 4209 943 4261 dei
966 4209 1119 4276 Menanterj
1133 4201 1288 4274 conpressi«
1303 4209 1378 4275 kent,
1393 4221 1423 4259 az
1436 4204 1495 4260 otas

380 4287 434 4348 tir.
447 4294 557 4348 Grande
570 4299 761 4352 Arcbirioban
773 4301 963 4367 tholybau.)

866 4435 1025 4455 -ι--ι-ι-ἰὶ
