3134 5252
376 347 438 410 192
732 361 967 412 unuounczmr
983 353 1150 414 rubrus.

370 523 457 587 facte
472 528 592 604 nostra,
608 544 667 605 pro
683 542 742 588 suo
757 523 877 604 labore,
894 546 990 608 quem
1005 525 1118 592 habuit
1134 528 1167 592 iu
1182 525 1278 592 factis
1288 528 1490 608 nostrispro·

370 630 517 698 rideatur
542 631 572 695 ei
597 630 637 696 de
663 629 755 698 bonis
780 638 882 700 nostri
899 635 1086 701 Communis
1106 657 1207 719 usque
1223 636 1267 700 ad
1283 636 1424 702 valorem
1439 633 1490 698 du-

370 747 518 806 catorum
533 742 607 806 LX.

530 886 566 946 (A
582 887 711 938 »secrete
723 888 839 939 Consilii
850 889 1103 954 negatorum-ool
1116 888 1172 938 nit.
1186 887 1221 936 A.
1234 889 1290 938 vol.
1306 889 1342 948 1.)

856 1052 946 1059 ——.-—
954 1051 1014 1058 --.-

372 1441 534 1508 Choriacb
559 1445 697 1532 Gcrpely
719 1445 810 1543 prof,
826 1447 863 1511 lu·
878 1471 900 1510 a
915 1446 1067 1510 oelenczei
1092 1446 1303 1532 kbztdreaedy
1319 1447 1398 1510 elica
1415 1448 1488 1511 bor·

475 1555 565 1634 czolt,
581 1579 603 1619 a
619 1555 770 1618 veleaczcc'
786 1553 988 1641 kormdaytol
1004 1553 1266 1641 keyyelmeztetik.
1285 1555 1381 1618 1346.

474 1712 574 1779 Anno
591 1709 847 1782 MCCCXLVI.
864 1715 917 1802 die
927 1713 989 1780 IV.
1000 1712 1210 1797 Septembris
1227 1710 1371 1796 Capta
1388 1739 1394 1777 :
1411 1712 1487 1778 Cum

367 1819 485 1887 Comes
497 1818 678 1905 Gregorius
689 1820 935 1904 Cburiecbiper
944 1820 1302 1888 suumAmbaxatorem
1311 1821 1404 1886 nobis
1413 1819 1487 1885 fece

366 1930 430 1996 reit
446 1930 610 2012 supliceri,
626 1935 663 1993 ut
674 1949 746 1992 eum
757 1928 799 1994 ad
809 1930 950 2011 gratiam
960 1935 1106 1994 nostrum
1116 1930 1261 2012 recipcre
1271 1928 1486 2012 dignaremur:

365 2037 456 2102 radit
472 2057 558 2120 pars,
573 2036 907 2120 quodrespondeatur
923 2039 961 2120 ei,
978 2038 1066 2120 quod
1083 2038 1161 2103 satis
1173 2043 1223 2101 est
1232 2036 1353 2101 mundo
1362 2037 1486 2102 notoria

365 2144 474 2226 gravis
490 2142 614 2211 offensa
624 2144 718 2209 uobis
727 2143 815 2209 facta
824 2165 884 2227 per
893 2147 998 2227 ipsum
1009 2141 1177 2223 Comitem,
1187 2144 1284 2228 quod,
1294 2145 1433 2209 existens
1447 2147 1484 2208 ci-

365 2255 546 2332 risnoster‚
562 2259 676 2316 contre
687 2245 833 2317 debiturn
841 2251 1010 2316 fidelitatis
1021 2258 1052 2316 et
1062 2254 1279 2316 iuramentum
1289 2273 1383 2316 suum
1393 2257 1484 2316 teme-

364 2361 452 2426 rarie
468 2361 666 2444 presumpsit
681 2360 788 2425 venire
798 2367 831 2424 et
840 2360 1001 2426 hostiliter
1018 2365 1213 2441 continuos,
1230 2381 1269 2424 ex
1285 2381 1359 2443 quo.
1376 2363 1402 2426 si
1417 2381 1482 2444 gre

364 2469 499 2533 ritatem
515 2473 549 2532 et
563 2468 782 2533 turbationem
797 2474 913 2533 contra
927 2469 1033 2551 ipsum
1058 2469 1272 2550 concepimus,
1288 2489 1353 2533 nou
1369 2475 1418 2534 est
1432 2470 1483 2532 mi·

363 2573 469 2640 rabile
484 2574 573 2658 apud
601 2595 803 2658 quemquam.
829 2573 886 2641 Sec
902 2575 1117 2656 attendentes,
1133 2574 1221 2658 quod
1238 2577 1348 2658 querit
1364 2577 1482 2640 veniam
1564 2651 1566 2654 ¹

365 2681 405 2747 de
421 2682 606 2765 commissis,
621 2689 654 2747 et
670 2682 757 2765 quod
772 2682 898 2748 Ducale
914 2680 1103 2748 Dominium
1113 2703 1279 2765 nunquam
1295 2688 1345 2748 est
1360 2681 1483 2747 solitum
1565 2689 1566 2692 ’

364 2786 574 2873 querentibus
589 2788 844 2854 misericordiam
859 2788 1041 2872 denegare;
1058 2789 1085 2854 si
1102 2787 1286 2868 viderimus,
1313 2787 1400 2870 quod
1419 2789 1481 2870 ipse

364 2897 481 2963 Comes
504 2901 716 2979 recognoscat
739 2896 855 2962 tellum
879 2919 980 2976 suum,
1005 2903 1039 2962 et
1060 2897 1150 2990 quod
1180 2919 1239 2962 sua
1264 2897 1432 2979 dispositio
1453 2899 1482 2959 et

363 3027 462 3089 opera
485 3003 623 3071 tendent
647 3004 691 3069 ad
715 3005 870 3071 honorem
895 3011 1052 3086 nostrum,
1078 3007 1161 3070 sicut
1185 3005 1357 3088 promittit,
1383 3009 1481 3090 ipsum

363 3114 482 3179 intuitu
497 3114 638 3178 maxime
664 3112 787 3179 domini
811 3112 897 3180 Beni
924 3111 1069 3194 Bossine,
1085 3114 1142 3197 qui
1158 3113 1198 3179 de
1215 3113 1278 3179 hoc
1293 3137 1353 3180 nos
1368 3117 1481 3180 instau-

362 3221 568 3306 terrogavit,
594 3221 683 3304 apud
709 3227 855 3286 nostram
880 3224 1023 3303 gratiam
1041 3223 1233 3305 recipiemus
1248 3229 1282 3287 et
1297 3221 1481 3289 habebimus

363 3328 629 3393 commendatum.

526 3473 561 3532 (Δ
577 3471 705 3522 »Secreta
717 3473 830 3522 Consilii
844 3475 1094 3540 Reginorum-bol
1106 3476 1161 3526 hic.
1175 3477 1208 3526 A.
1222 3475 1277 3525 vol.
1294 3475 1328 3536 l.)

845 3634 1003 3643 aaa—...—

368 4049 415 4114 VI
416 4099 422 4111 .
440 4048 588 4116 Kelemea
600 4051 693 4137 pcipe
710 4049 792 4116 mint
808 4075 829 4114 a
847 4049 990 4140 Maueeq
1000 4053 1184 4138 kbzoetitb'je
1196 4053 1221 4115 1.
1233 4053 1335 4139 Lajoe
1350 4075 1482 4142 mapyar

521 4159 634 4246 kirnly
650 4160 682 4223 c'c
698 4183 720 4224 a
736 4159 891 4223 velenczei
907 4161 1118 4247 kbztrireaecip
1134 4161 1211 4226 lezi.
1231 4163 1327 4228 1346.

465 4313 563 4383 Auno
579 4315 837 4389 MCCCXLVI.
854 4319 905 4384 die
921 4319 981 4389 IV.
994 4318 1204 4404 Septembris.
1222 4319 1279 4388 Ca
1288 4345 1310 4406 p
1321 4331 1365 4389 ta
1381 4351 1388 4389 :
1405 4323 1481 4392 Cum

360 4421 527 4489 Amadeus
544 4425 665 4508 pluries
683 4430 850 4511 scripserit
875 4428 968 4495 nobis
986 4429 1025 4495 de
1042 4429 1148 4495 verbis
1168 4451 1226 4514 per
1242 4431 1408 4499 dominum
1423 4433 1482 4501 Pu»

356 4553 432 4616 pam
458 4532 562 4614 tactis,
588 4534 746 4616 videlicet,
764 4536 849 4619 quod
868 4538 1000 4619 quando
1016 4538 1110 4603 nobis
1126 4539 1283 4621 placeret,
1299 4561 1343 4619 se,
1359 4549 1392 4607 et
1406 4562 1475 4606 suos
