3214 5260
563 334 658 415 tata.
1078 325 1081 336 ’
1105 339 1170 420 toa

37 515 270 605 raciocinatis;
293 525 351 590 sed
368 524 545 592 dominium
571 527 666 592 None
692 528 822 594 omnino
842 529 1014 596 intendunt
1029 533 1170 599 retinere

37 631 140 698 modo
157 631 356 698 declarando
372 633 406 696 in
423 635 642 718 responsione,
659 656 721 718 que
737 635 892 720 sequitur.

151 737 301 804 Secundo
317 739 502 823 petiverunt
518 733 638 808 d'omini
663 742 827 828 Hungari,
853 744 939 827 quod
963 767 1023 830 pro
1039 747 1170 814 civitate

37 846 149 914 Jadre
174 869 214 912 uc
239 853 310 913 toto
336 847 400 914 alio
425 848 545 932 Regno
572 851 755 933 Dalmacie,
788 852 877 936 quod
901 853 1086 938 possidetur
1111 877 1169 940 per

38 953 192 1020 dominos
217 951 371 1034 Venetos,
397 963 685 1040 recognosceretur
720 957 885 1040 possidere
919 981 979 1042 per
1004 960 1167 1028 dominum

37 1062 168 1130 Ducem
193 1083 214 1126 a
237 1061 367 1127 domino
392 1061 494 1147 Rege,
510 1064 561 1130 cui
576 1064 611 1129 in
635 1049 762 1147 signum
788 1065 1019 1149 recognitionis
1044 1074 1168 1133 certum

36 1168 128 1254 qnod
154 1169 290 1235 daretur
315 1169 451 1254 singulis
478 1172 571 1237 annis
597 1173 630 1238 in
656 1179 746 1238 certo
761 1173 851 1254 loco;
876 1181 908 1238 et
933 1174 1019 1258 quod
1044 1174 1168 1243 Civitas

36 1277 147 1346 Jadre
164 1299 235 1342 curn
251 1278 399 1344 omnibus
420 1279 536 1345 insulis
554 1286 586 1347 et
611 1281 818 1364 pertinentiis
843 1281 1099 1364 reintegraretur
1125 1285 1168 1351 ad

36 1392 173 1468 statum,
189 1387 222 1450 in
238 1407 303 1470 qno
320 1392 393 1452 erat
407 1391 553 1471 ternpore
577 1394 664 1454 mota
690 1410 815 1472 guerre.
840 1389 886 1454 Et
911 1389 999 1472 quod
1024 1396 1167 1456 castrum

34 1491 226 1560 edificatum
241 1494 275 1558 in
293 1494 424 1560 civitate
440 1495 545 1582 Jadre
562 1494 794 1582 destrueretur.
820 1494 877 1562 Ad
903 1497 990 1580 quod
1014 1497 1076 1563 suit
1099 1520 1167 1564 res-

33 1621 185 1688 ponsum,
201 1600 286 1685 quod
302 1622 362 1684 pro
379 1597 485 1683 Nona,
510 1602 620 1669 Jadra
635 1609 668 1669 et
687 1603 753 1669 alia
768 1604 950 1688 Dalmacia,
961 1610 994 1670 et
1009 1627 1069 1689 pro
1086 1607 1166 1671 iuri·

33 1709 108 1792 bns,
124 1731 188 1792 qne
204 1709 354 1776 dominns
371 1708 444 1775 Rex
458 1709 560 1777 habet
576 1715 609 1776 in
620 1711 709 1794 ipsis,
721 1712 747 1776 si
758 1711 940 1795 quahabet,
957 1712 1044 1794 quod
1054 1717 1165 1780 tamen

34 1817 187 1884 dominus
203 1814 281 1882 Dux
297 1838 362 1883 non
386 1815 566 1899 confitetur,
591 1824 640 1883 est
665 1825 802 1903 paratus
827 1818 896 1902 ipse
913 1819 1063 1884 dominus
1078 1821 1165 1902 Dux,

34 1928 129 1994 salvo
153 1909 274 1990 tamen
289 1925 359 1989 iure
374 1943 432 1990 suo
449 1945 488 1988 ac
503 1925 571 1990 sine
587 1925 765 2008 preiudicio
782 1927 871 2012 iuris,
889 1926 978 2008 quod
1003 1928 1105 1994 habet
1130 1932 1164 1994 in

32 2035 126 2119 ipsis,
143 2031 280 2114 singulis
296 2029 389 2096 annis
406 2029 485 2096 dare
500 2031 535 2095 in
551 2029 613 2096 tali
636 2031 709 2096 loco
726 2037 760 2098 et
774 2033 915 2099 termino
931 2031 1061 2099 domino
1077 2035 1164 2118 Regi

32 2137 226 2222 tale-quod.
250 2135 296 2202 Et
320 2137 360 2202 de
384 2137 457 2202 istis
483 2137 687 2222 intelligatur
712 2139 753 2204 de
787 2141 860 2221 hiis,
885 2161 948 2224 que
970 2140 1105 2230 iuerpnt
1130 2144 1164 2208 in

31 2249 213 2334 Hungaria
237 2245 415 2314 declarata.
439 2247 746 2332 Reintegraciouem
766 2270 895 2333 quoque
912 2249 1064 2317 Civitatis
1080 2250 1163 2316 dad-

31 2361 138 2426 rensis
164 2379 236 2423 cum
259 2356 373 2420 insulis
400 2361 433 2420 et
458 2356 664 2438 pertinentiis
689 2356 772 2437 aliis,
799 2356 908 2440 quoad
933 2356 1001 2438 illa,
1027 2379 1090 2441 que
1106 2357 1159 2421 de·

32 2471 163 2532 structa
178 2466 244 2530 sint
258 2485 316 2547 per
332 2483 494 2546 guerram,
520 2463 607 2528 solus
631 2463 722 2528 Dens
738 2463 845 2529 facere
860 2469 981 2548 posset.
1006 2461 1161 2529 Castrum

31 2581 145 2642 autern
161 2593 227 2638 non
241 2572 474 2649 destrueretur,
498 2571 575 2654 quia
600 2577 685 2636 esset
709 2571 888 2654 preiudicio
915 2569 1162 2655 trinitatisque

31 2683 73 2747 de
90 2681 258 2746 voluntate
274 2677 398 2742 domini
412 2676 515 2759 Regis
531 2684 565 2743 et
580 2680 678 2744 etiam
702 2679 727 2744 J
729 2678 916 2745 adrensium
931 2680 1163 2763 presuponitur

31 2788 153 2855 debere
169 2787 256 2871 apud
273 2785 439 2853 dominum
454 2781 579 2851 Ducem
594 2806 771 2852 remanere.

142 2895 260 2961 Tercio
285 2896 468 2980 petiverunt
492 2893 657 2977 Hungari,
684 2895 770 2980 quod
791 2893 874 2959 cives
891 2891 1071 2959 Judrenses
1101 2892 1159 2958 ad·

29 3005 184 3071 herentes
201 3009 233 3067 et
249 3021 407 3083 sequaces
423 2999 544 3066 domini
569 3000 681 3084 Regia,
705 2999 748 3066 nd
773 2999 938 3065 civitatem
962 2999 1159 3066 dadrensem

1 3130 2 3134 ’
28 3115 137 3180 libere
151 3110 484 3188 reintroducerentur,
500 3109 644 3174 remissis
661 3108 788 3173 iniuriis
805 3106 949 3174 ethonis
966 3126 1077 3172 eorum
1094 3129 1160 3173 res·

27 3221 151 3301 titutis,
167 3223 201 3284 et
215 3239 277 3301 que
295 3215 419 3282 Civitas
436 3225 470 3282 et
492 3219 577 3282 ciues
603 3222 811 3282 servarentur
836 3216 870 3280 in
894 3214 1102 3281 libertatibus
1127 3221 1160 3280 et

28 3330 139 3417 pactis
166 3325 261 3392 iactis
286 3330 319 3389 et
344 3323 435 3391 initis
462 3323 546 3388 inter
572 3323 721 3389 dominos
747 3322 892 3392 Venetos
921 3328 954 3386 et
979 3321 1159 3389 Jadrenses

27 3443 178 3520 tempore
202 3431 289 3497 Bani
315 3431 465 3497 Mladini.
482 3431 539 3497 Ad
555 3433 652 3497 istam
667 3433 802 3497 terciam
825 3429 1015 3514 petitionem
1031 3449 1159 3513 respon-

28 3565 102 3609 sum
118 3541 191 3622 fuit,
208 3539 295 3624 quod
305 3535 540 3603 dominusDux
556 3559 666 3604 omnes
681 3536 863 3606 ,Jadrenses
873 3536 1074 3601 extrinsecus
1088 3557 1159 3619 por·

27 3648 196 3718 mittetad
212 3647 378 3714 ciuitatem
403 3645 429 3711 J
430 3647 599 3712 adrensem
624 3648 749 3712 intrare
765 3650 798 3708 et
814 3644 935 3710 ibidem
960 3641 1109 3708 habitare
1125 3644 1158 3708 in

27 3764 232 3842 perpetuum,
252 3756 405 3839 ipsosque
429 3755 566 3839 recipiet
580 3754 623 3818 ad
638 3754 781 3837 gratiam
796 3756 829 3817 et
845 3771 988 3817 amorem
1003 3770 1103 3830 suum,
1120 3771 1158 3814 ao

28 3867 76 3931 eis
93 3865 248 3932 restituet
272 3863 359 3929 bona
384 3869 418 3927 et
436 3862 657 3946 possessiones
673 3882 758 3941 suas,
773 3881 829 3926 eos
844 3857 1004 3923 tractabit
1020 3855 1158 3921 dulciter

28 3979 62 4038 et
77 3970 216 4056 benigne
231 3970 317 4036 sicut
332 3967 412 4034 facit
427 3970 511 4036 alios
527 3971 611 4035 cives
628 3989 713 4049 suos,
724 3965 907 4032 iurantibus
924 3963 1003 4047 ipsis
1018 3962 1156 4028 fidelita·

26 4085 95 4145 tem
108 4079 239 4145 domino
250 4077 336 4142 Duci
351 4083 384 4142 et
402 4075 687 4162 perseverantibus
703 4077 736 4140 in
753 4071 921 4152 fidelitate,
937 4075 969 4135 et
985 4091 1094 4134 omnes
1109 4070 1157 4132 in·

27 4186 111 4252 iurie
129 4193 163 4252 et
178 4185 300 4251 offense
317 4183 363 4250 eis
382 4185 596 4265 remittentur,
613 4190 646 4248 et
660 4183 841 4264 libertates,
864 4181 899 4244 in
917 4177 1034 4262 quibus
1051 4175 1156 4242 decla·

27 4295 118 4361 rabit
134 4295 220 4359 cives
235 4291 389 4378 prefatos,
407 4290 664 4357 declarabuntur
680 4289 714 4354 in
732 4288 799 4356 alia
814 4286 939 4354 cedula.

71 4471 76 4476 ,
137 4401 262 4486 Quarto
288 4401 481 4485 petiverunt,
506 4399 594 4483 quod
627 4399 775 4465 dominus
809 4395 888 4461 Dux
913 4392 980 4459 suis
1008 4392 1155 4476 expensio

26 4511 123 4580 daret
139 4511 204 4576 duo
220 4530 361 4594 corpora
376 4509 544 4594 galearum
565 4508 707 4576 domino·
720 4506 804 4592 Regi
829 4526 888 4594 per
913 4523 1013 4568 unum
1036 4521 1155 4568 annum
1171 4511 1174 4518 '
