3220 5248
408 395 472 463 548
767 414 1002 466 nmnounearar
1020 402 1188 465 amaran.

407 575 527 641 nemini
559 577 721 658 ordinare,
753 576 841 660 quod
872 577 934 644 sibi
966 577 1070 642 detur.
1101 575 1197 643 Nunc
1228 585 1263 644 et
1279 595 1407 663 semper
1427 578 1540 662 gratie

406 689 512 749 vestre
536 705 588 750 me
613 685 810 750 commendo.
835 681 927 753 Data
951 682 1060 768 Segne
1086 683 1138 749 die
1163 681 1255 752 XVI
1270 685 1429 752 Januarii
1445 685 1541 752 XIII

408 789 607 856 indictionis.
1036 791 1192 858 Serrulus
1209 798 1315 860 vester
1331 799 1366 858 et
1381 791 1537 860 Notarius

1081 898 1339 968 Bartholomeus
1354 899 1479 968 Urssio.

847 1045 1005 1111 (Ugyanott
1019 1048 1062 1095 36.
1081 1045 1110 1108 1.)

464 1327 507 1412 F)
531 1325 842 1412 Ugyanannalr
865 1327 1104 1395 harmadilr
1125 1328 1365 1412 jelentese.
1395 1333 1490 1396 1360.

517 1451 730 1520 Serenissime
746 1453 888 1521 Domine
904 1456 958 1522 mi.
974 1456 1039 1522 Per
1055 1455 1136 1521 duas
1153 1476 1267 1522 manus
1286 1477 1435 1522 mearum
1460 1457 1542 1522 litte

410 1581 532 1642 rarum,
556 1581 655 1626 unam
681 1561 832 1628 uidelicet
856 1563 1024 1647 perviam
1050 1569 1147 1646 terre,
1172 1562 1269 1629 aliam
1289 1585 1366 1629 vero
1383 1586 1443 1649 per
1459 1565 1540 1630 riam

410 1671 511 1734 maris
537 1668 577 1734 de
606 1667 725 1754 Segne,
751 1671 871 1752 omnia,
887 1692 951 1756 que
966 1671 1108 1738 feceram
1127 1671 1215 1756 apud
1231 1669 1399 1738 dominum
1416 1671 1541 1738 Beuum

409 1776 592 1857 Dalmacie,
616 1775 868 1860 Magnificencie
894 1774 1014 1844 Vestra
1039 1775 1288 1862 particulariter
1321 1785 1356 1843 et
1390 1778 1538 1844 distincte

409 1885 551 1966 pleniter
582 1886 740 1968 intimari,
772 1885 952 1972 deindeque
984 1888 1127 1972 eripiens
1157 1889 1220 1952 iter
1251 1907 1379 1968 meum,
1420 1888 1538 1952 intrari

410 1991 541 2058 Budam
567 1991 620 2059 die
646 1993 788 2059 secundo
815 1997 935 2061 mensis
951 1993 1128 2061 Februarii
1144 1993 1227 2059 hora
1243 2015 1462 2078 vesperarum.
1478 1993 1540 2063 Vbi

410 2099 520 2184 habui,
536 2099 623 2185 quod
639 2099 788 2166 dominus
804 2100 879 2168 Rex
893 2101 1024 2168 omnino
1040 2107 1114 2167 erat
1129 2121 1317 2167 reversurus
1335 2101 1421 2167 citra
1437 2095 1554 2168 carnis'

410 2209 548 2292 pririum
573 2208 614 2275 ab
641 2209 787 2275 exercitu
811 2229 869 2274 suo
886 2209 927 2275 de
941 2209 1091 2294 partibus
1108 2207 1352 2290 Transilranis3
1369 2229 1475 2292 quare
1491 2231 1539 2274 mc

414 2315 584 2401 opportuit
608 2321 780 2400 expectare
804 2316 899 2383 Bude
916 2322 1052 2402 propter
1068 2315 1254 2382 mirabilem
1269 2319 1468 2400 passionem,
1484 2337 1542 2402 que

412 2423 510 2490 michi
534 2423 664 2490 deuenit
688 2433 783 2492 nocte
808 2427 966 2510 sequenti.
992 2424 1051 2492 Set
1065 2424 1230 2491 mediante
1246 2424 1367 2491 Divina
1384 2427 1497 2510 gratia
1511 2431 1541 2490 et
1597 2509 1598 2512 Ἴ

412 2533 534 2600 auxilio
551 2533 746 2602 medicorum
762 2536 877 2601 sunnin
887 2535 1154 2602 convalescentia
1164 2535 1254 2601 Iltin
1269 2535 1410 2601 veritate
1426 2555 1542 2620 magna
1597 2615 1598 2620 ἵ

411 2641 595 2711 mortalitas
611 2641 672 2709 fuit
688 2649 721 2708 et
736 2643 984 2729 presencialiter
1000 2650 1050 2709 est
1065 2642 1294 2726 inHungan'a,
1310 2649 1344 2708 et
1361 2643 1542 2727 specialiter

413 2752 508 2818 Bude
534 2757 567 2817 et
592 2747 788 2836 Vicegradn,
804 2757 838 2818 et
853 2749 937 2818 sicut
952 2749 1068 2835 fertur,
1084 2749 1206 2817 ibidem
1223 2758 1301 2816 sunt
1315 2753 1439 2816 mortui
1457 2753 1541 2817 ultra

411 2857 503 2931 XVI
528 2857 633 2925 millia
657 2879 879 2943 personarum,
904 2879 964 2924 nec
988 2878 1117 2924 cessare
1142 2857 1281 2939 ridetur,
1305 2859 1382 2923 licet
1406 2859 1541 2940 dicatur,
1594 2933 1595 2944 ἶ

414 2969 503 3052 quod
528 2969 573 3034 sie
597 2967 772 3033 terminum
797 2970 868 3032 erit
893 2964 1030 3032 Noverit
1054 2966 1264 3032 Excellencia
1290 2963 1426 3048 Vestra,
1455 2965 1539 3051 quod
1593 2947 1595 2964 ⁴

413 3077 561 3144 dominus
591 3076 665 3141 Rex
696 3075 855 3160 applicuit
893 3071 1114 3158 Visegradum
1146 3073 1199 3138 die
1232 3070 1375 3141 Veneris
1417 3072 1541 3139 XIIII.
1591 3083 1593 3088 ’

413 3186 532 3251 mensis
557 3185 712 3252 instantis
737 3184 820 3250 hora
844 3183 950 3249 tarda
972 3180 1045 3266 Quo
1062 3182 1145 3247 scito
1160 3181 1213 3246 die
1229 3183 1376 3266 sequenti
1392 3184 1544 3264 equitari,

413 3299 450 3359 ut
474 3293 577 3376 potui,
601 3289 832 3376 Visegradum,
858 3296 892 3355 et
917 3288 969 3354 die
984 3286 1084 3356 XVI.
1100 3287 1179 3354 dieti
1194 3288 1313 3356 mensis
1329 3287 1543 3356 factauntifii-

414 3401 546 3467 cacione
564 3400 603 3467 de
614 3421 686 3466 meo
702 3399 843 3466 adventu
859 3397 922 3464 sibi
938 3418 997 3481 per
1013 3394 1205 3461 Palatinum
1221 3395 1392 3478 Comitem,
1409 3401 1443 3462 et
1458 3395 1542 3483 qnod
1588 3433 1590 3442 ,

415 3509 684 3594 quandocumque
710 3509 854 3593 placeret
878 3505 1049 3574 Maiestati
1076 3503 1141 3571 Sue
1161 3525 1263 3570 essem
1279 3512 1418 3589 paratus
1435 3505 1539 3570 dicere

415 3619 478 3685 sibi
503 3619 601 3683 miehi
627 3619 815 3698 commissa;
839 3615 926 3681 idem
951 3613 1124 3680 Palatinus
1149 3609 1267 3679 (lomes
1295 3612 1427 3690 rediens
1464 3613 1539 3678 dixit

413 3728 513 3794 michi
539 3749 578 3794 en
603 3733 700 3812 parte
717 3726 840 3792 domini
855 3723 967 3808 Regis,
984 3720 1072 3807 quod
1087 3741 1153 3787 non
1169 3721 1309 3788 habeam
1325 3742 1385 3806 pro
1403 3721 1537 3804 malasi

415 3857 482 3901 non
505 3839 636 3920 poterat
661 3855 713 3901 me
740 3833 855 3901 audire
878 3831 944 3897 illis
960 3830 1073 3896 diebus
1089 3831 1197 3896 carnis
1213 3829 1318 3914 privii,
1335 3849 1412 3894 nam
1426 3827 1539 3896 habeat

415 3945 555 4030 nuptias,
572 3947 606 4009 et
620 3949 796 4028 propterea
815 3938 946 4006 solebat
961 3937 1080 4005 habere
1096 3937 1254 4004 solacium
1272 3942 1306 4002 et
1321 3937 1466 4021 quietem
1477 3963 1485 4018 ;
1498 3943 1540 4002 set

415 4054 523 4139 prima
548 4051 603 4117 die
632 4051 764 4118 XLme
781 4050 913 4116 omnino
933 4069 984 4114 me
1004 4047 1140 4114 audiret.
1157 4044 1219 4112 Cui
1235 4044 1367 4129 quidem
1382 4043 1540 4129 respondi,

417 4161 504 4247 quod
521 4159 677 4247 quicquid
698 4156 851 4244 placebat
869 4155 973 4241 Regia
983 4152 1161 4238 Maiestati,
1172 4155 1220 4221 ita
1229 4151 1385 4239 placebat
1396 4159 1431 4219 et
1440 4152 1537 4220 michi.

417 4269 476 4336 Set
500 4269 658 4354 rogabam
684 4287 767 4348 eum,
792 4265 880 4352 qnod
905 4264 1016 4331 taliter
1040 4270 1241 4348 procuraret,
1266 4261 1354 4346 quod
1380 4261 1474 4330 diota
1495 4259 1537 4326 dis

418 4376 571 4444 ordinata
587 4397 637 4443 me
654 4374 791 4443 audiret.
806 4373 855 4440 Ilt
870 4370 942 4456 fuit,
962 4372 1094 4438 domine
1110 4370 1163 4452 mi,
1179 4371 1229 4437 ita
1243 4371 1292 4435 rei
1308 4368 1441 4452 veritas,
1459 4364 1535 4452 qnod

418 4485 533 4552 habuit
557 4486 692 4570 nupcias
717 4482 851 4568 quidam
871 4481 939 4547 eius
955 4478 1158 4567 propinquus
1174 4498 1215 4544 ex
1234 4485 1331 4562 parte
1347 4479 1477 4562 matris,
1491 4473 1535 4559 qui

418 4602 551 4664 vocatur
578 4591 768 4678 Cheserzch‚
792 4590 945 4659 videlieet
969 4588 1058 4677 quod
1082 4585 1238 4656 conduxit
1261 4605 1406 4652 umorem.
1440 4584 1533 4652 Facta
