3254 5260
592 431 686 494 1343.
1165 430 1205 492 31

129 612 177 673 tun
192 607 307 674 Prolati
324 629 402 691 ergo
419 607 555 692 Egregii
572 614 604 671 et
618 606 746 671 nobiles
762 604 824 669 viri
840 604 963 670 domini
995 606 1151 672 Nicolaus
1167 605 1207 670 de

130 713 206 780 Priolis
220 721 251 782 et
263 713 422 780 Nicolaus
438 713 552 780 Pisani
561 715 646 778 cives
666 711 880 780 Veneciarum
896 718 929 776 et
954 711 1143 778 Provisorcs
1158 735 1209 778 su·

47 855 49 866 ·
129 823 234 906 predicti,
248 845 305 908 pro
322 843 357 888 ae
374 829 407 887 ct
422 821 604 887 nominibus
631 820 750 904 quibus
782 839 888 903 supra,
903 819 1124 902 promiserunt
1154 820 1210 884 do·

129 928 184 991 nino
204 927 344 1012 Neliptio
378 926 499 993 Comici
531 924 727 1010 supradicto,
757 926 844 1006 quod
875 925 962 990 iacta
995 926 1155 992 solutione
1172 926 1212 991 dc

128 1033 234 1118 dampnis
248 1035 411 1120 predictis,
427 1043 459 1100 et
474 1035 562 1100 facto
580 1034 739 1116 deposito,
764 1039 795 1096 et
822 1031 908 1098 datis
933 1033 1092 1116 plenariis,
1108 1038 1145 1098 ut
1162 1054 1213 1098 su·

88 1174 89 1178 =
129 1142 299 1225 proscriptum
315 1148 375 1221 est,
391 1142 481 1225 quod
496 1143 606 1208 omnia
622 1140 709 1206 bone
735 1140 815 1204 dicti
841 1135 977 1206 Comitis
993 1139 1027 1205 N
1029 1139 1146 1223 elipcii,
1163 1141 1212 1204 sui

130 1249 227 1330 nepotis,
242 1248 286 1312 rel
303 1269 362 1313 sue
379 1249 491 1332 gentis,
509 1247 707 1330 ubicumque
722 1247 832 1312 forent
849 1253 1053 1330 sequestrata
1069 1246 1108 1311 de
1125 1269 1213 1314 man-

130 1352 181 1417 dato
189 1355 256 1420 dicti
264 1355 411 1421 Dominii
419 1355 556 1420 Ducalis
567 1355 737 1420 occasione
747 1375 964 1437 processuum,
977 1353 1077 1420 libere
1085 1355 1214 1420 relaxa·

47 1491 48 1508 a
128 1453 219 1541 buntur,
248 1468 276 1526 et
306 1462 393 1543 quod
418 1462 488 1545 ipse
514 1469 546 1526 et
570 1481 680 1526 ornnes
698 1461 766 1526 eiua
782 1467 897 1542 gentes
914 1461 1039 1543 possint
1054 1461 1102 1525 irc
1118 1467 1152 1526 et
1167 1461 1214 1524 in·

47 1567 49 1650 g
127 1571 187 1631 trare
199 1569 343 1633 ciuitates
360 1575 394 1633 ct
409 1569 449 1634 dc
465 1569 512 1634 eis
527 1569 616 1633 exire
633 1589 706 1632 cum
730 1569 797 1632 suis
822 1569 978 1650 personis,
994 1566 1092 1632 rebus
1110 1573 1144 1632 et
1159 1567 1215 1632 bo·

47 1667 48 1710 ³
129 1672 205 1750 nient
218 1672 305 1739 ibant
319 1679 353 1738 et
369 1674 505 1739 exibant
534 1682 611 1740 ante
642 1674 747 1740 dictos
777 1694 956 1757 processus.
987 1673 1076 1740 Etsi
1101 1672 1213 1755 aliqua

47 1781 49 1824 l
129 1779 260 1844 censione
272 1781 408 1846 istarum
421 1783 605 1874 'novitatum
621 1787 689 1846 tarn
707 1801 879 1865 peronam
895 1788 1032 1864 partem,
1043 1802 1142 1864 quam
1158 1801 1216 1862 per

47 1943 48 1960 ,
131 1883 198 1949 niam
209 1887 308 1952 forent
323 1895 498 1972 propterca
529 1889 627 1971 positi
653 1889 686 1954 in
710 1880 821 1954 banno
837 1889 957 1971 aliquo,
973 1889 1013 1952 de
1030 1888 1101 1970 ipso
1116 1886 1217 1951 libere

47 1981 49 2056 i
133 1993 313 2062 ext-rahentnr.
383 2037 385 2040 -

206 2099 281 2166 Item
299 2101 386 2185 quod
402 2123 512 2168 omnes
529 2103 690 2168 carcerati
705 2121 764 2184 per
779 2108 908 2186 partem
923 2108 1107 2185 utramque,
1124 2101 1217 2184 siqui

130 2201 214 2287 dorent,
228 2205 321 2272 libere
338 2206 481 2273 debeant
497 2208 647 2273 relaxari.

207 2313 281 2378 Item
295 2315 516 2398 promiserunt
531 2313 716 2379 nominibus
735 2313 853 2395 quibus
878 2335 986 2398 supra,
1012 2314 1099 2398 quod
1115 2313 1220 2380 dietus

131 2413 245 2484 domium
259 2419 372 2486 Comes
397 2420 566 2504 Nelipcius
591 2421 717 2486 eteius
742 2419 827 2484 filius
853 2421 887 2483 in
912 2421 996 2484 cives
1020 2421 1220 2503 recipientur

47 2551 49 2598 ς
132 2516 321 2592 veneciarum.

47 2695 48 2726 3
210 2630 283 2698 Item
308 2641 346 2699 ut
371 2632 481 2698 omnia
506 2654 578 2698 cum
603 2635 741 2699 caritate
768 2631 857 2715 fiant,
882 2638 915 2698 et
934 2653 999 2716 pax
1015 2633 1163 2716 predicta
1180 2633 1223 2698 sit

47 2731 49 2796 ἱ
132 2744 256 2820 perpetuo
269 2738 502 2806 inviolabiliter
518 2740 685 2820 duratura,
702 2739 846 2804 contenti
862 2739 993 2804 fuerunt
1008 2740 1131 2805 domini
1143 2739 1223 2805 Pro·

56 2829 59 2838 ⁴
131 2841 223 2909 risores
235 2847 377 2931 predicti,
385 2854 419 2912 et
428 2848 475 2912 sic
490 2847 595 2913 eidem
605 2847 734 2912 domino
745 2845 894 2929 Nelipcio
907 2846 1026 2914 Ocniiti
1042 2848 1224 2914 nominibus

47 3035 49 3052 Ι
133 2950 223 3028 quibus
236 2976 328 3038 supra
342 2955 570 3038 promiserunt,
580 2953 667 3038 qnod
685 2975 757 3019 cum
782 2954 869 3019 idem
894 2955 1043 3019 dominus
1058 2953 1226 3038 Nelipcius

47 3055 49 3140 ζ
133 3051 225 3124 Comes
237 3083 291 3144 pro
307 3062 396 3127 dicto
412 3083 469 3127 suo
485 3067 601 3145 nepote
613 3059 740 3127 Gemite
752 3059 969 3127 Constantino
985 3081 1017 3124 se
1033 3061 1227 3144 obligaverit

80 3181 82 3186 ’
131 3160 157 3225 in
169 3167 295 3235 omnibus
312 3170 463 3253 capitulis
479 3169 718 3253 suprascriptis,
737 3169 824 3252 quod
845 3171 870 3233 si
887 3176 1035 3251 ternpore
1051 3169 1162 3252 aliquo
1179 3189 1227 3234 re·

47 3351 48 3354 ¹
132 3273 260 3350 periretur
280 3278 387 3362 ipsum
398 3274 558 3342 Comitem
579 3275 831 3342 Constantinum
851 3277 1021 3342 recessisse
1038 3275 1071 3340 in
1088 3282 1227 3342 totuma

47 3395 48 3462 J
133 3373 232 3445 Gemite
252 3383 402 3468 Nelipcio
429 3381 623 3466 supradicto,
649 3389 681 3448 et
706 3382 806 3448 nichil
831 3389 957 3447 teneret
976 3381 1026 3448 vel
1045 3380 1230 3465 possideret

47 3485 51 3578 f
132 3480 164 3546 ab
176 3505 208 3550 eo
221 3487 317 3556 dictus
337 3491 407 3555 eius
423 3509 523 3573 nepos
538 3487 781 3568 Constantinus,
806 3489 856 3552 vel
882 3488 973 3554 aliud
990 3509 1061 3554 curn
1078 3509 1116 3553 ec
1132 3508 1229 3572 agere

131 3605 182 3652 non
196 3590 325 3675 heberet,
341 3595 429 3680 quod
438 3594 523 3660 idem
539 3594 688 3659 dominus
699 3593 815 3660 Comes
832 3593 1002 3677 Nelipcius
1018 3594 1049 3658 in
1066 3594 1155 3659 nullo
1170 3616 1229 3679 pro

47 3781 56 3794 ..
132 3692 201 3760 dicto
214 3719 262 3766 suo
276 3707 395 3787 nepote
409 3699 536 3767 Oomite
553 3698 772 3765 Constantino
789 3701 833 3766 sit
852 3722 913 3766 nec
937 3723 1008 3766 osse
1034 3700 1152 3766 debeat
1176 3699 1230 3765 ob·

47 3799 49 3878 ζ
133 3797 236 3882 ligatus.

181 3973 184 3984 .
221 3912 284 3999 Que
299 3915 407 3983 omnia
422 3921 454 3980 st
469 3913 598 3997 singula
614 3915 837 3998 suprascripte
851 3918 1071 4000 promiserunt
1087 3911 1231 3996 predicte

134 4023 226 4096 partes
238 4044 291 4105 per
307 4045 341 4090 se
357 4029 390 4088 et
406 4039 565 4105 quemque
581 4021 737 4105 ipsorum,
759 4023 895 4088 heredes
921 4028 954 4087 et
970 4027 1107 4105 gentem,
1123 4041 1161 4086 ac
1177 4039 1232 4083 nc-

47 4211 49 4222 *
135 4123 251 4195 minibus
264 4129 379 4214 quibus
396 4150 498 4212 supra
512 4127 556 4193 ad
570 4129 708 4193 invicem
734 4137 766 4193 et
792 4129 931 4195 vicissim
949 4128 1165 4212 solempnibus
1179 4128 1234 4192 sti·

47 4269 49 4322 }
134 4229 323 4310 putationibus
339 4233 504 4301 hincinde
520 4235 813 4301 intervenientibus
824 4236 992 4300 attendere
1008 4241 1039 4299 et
1050 4236 1236 4332 observare,

47 4327 50 4408 d
135 4335 201 4400 etin
222 4343 299 4408 nullo
315 4341 537 4408 contrafacere
560 4342 613 4406 uel
637 4343 746 4406 venire
772 4341 883 4425 aliqua
908 4340 1044 4421 ratione,
1069 4342 1235 4406 occasione

134 4442 176 4506 rel
188 4463 272 4513 causa
285 4449 344 4515 sub
355 4470 440 4534 pena
456 4450 616 4515 librarum
626 4449 713 4514 mille
729 4449 936 4514 denariorum
949 4447 1152 4516 Venetorum
1163 4471 1236 4532 par·
