3166 5256
254 419 256 424 r
342 361 385 420 86
693 371 929 418 nrsnousczmr
946 359 1112 416 assessu.

343 533 405 600 sibi
420 533 554 598 fecimus
569 532 645 612 dici,
659 530 858 596 intendimus
874 551 971 614 super
986 531 1058 614 ipso
1073 530 1161 596 sacto
1178 529 1390 613 supersedere
1408 550 1466 612 pro

342 641 449 722 modo,
464 645 499 705 et
514 661 571 706 suo
595 645 743 722 tempore
760 645 792 706 et
807 638 878 704 loco
899 638 932 702 in
956 640 1029 723 ipso
1053 638 1188 722 negocio
1211 636 1466 714 terminabimus,

343 750 430 834 quod
445 747 509 814 erit
525 745 630 812 honor
661 752 773 813 noster
788 752 822 812 et
838 747 1043 813 conservatio
1067 747 1184 812 virium
1208 746 1380 828 utriusque
1395 765 1467 828 par·

341 857 394 936 tis,
410 877 483 922 cum
508 855 576 921 illis
603 861 636 920 et
660 853 734 920 aliis
758 854 874 938 uerbis,
899 875 962 938 que
987 856 1156 921 convenire
1171 853 1344 934 videbunt,
1360 851 1467 918 dando

343 973 453 1031 tamen
469 964 530 1030 hoc
545 983 635 1047 spem
651 960 772 1028 Comiti
797 963 969 1029 antedicto.
985 963 1033 1030 Et
1049 965 1075 1029 si
1092 963 1169 1030 dicti
1184 959 1329 1028 Comites
1345 960 1468 1027 Paulus

342 1079 377 1139 et
392 1073 581 1138 Maladinua
596 1071 721 1137 nollent
736 1070 868 1136 firmare
883 1071 1040 1155 predicta,
1060 1071 1122 1136 nisi
1153 1075 1331 1155 poneretur
1347 1067 1467 1152 capitu-

342 1181 410 1246 lum
426 1180 507 1245 illud
523 1179 563 1245 de
578 1178 688 1261 blado,
703 1179 790 1263 quod
806 1180 1000 1264 scripsistis;
1015 1181 1176 1260 nolumus,
1193 1179 1281 1262 quod
1295 1182 1469 1263 propterea

344 1287 510 1354 desistatis
525 1309 546 1352 a
561 1293 654 1353 tanto
669 1288 764 1367 bono,
780 1286 837 1352 sed
852 1308 952 1371 penes
977 1288 1044 1355 alia
1068 1288 1215 1372 predicta
1241 1287 1383 1372 capitula
1398 1305 1468 1368 pro·

344 1395 486 1461 mittatis
518 1395 573 1477 eis,
605 1394 671 1478 qud
700 1395 734 1459 in
766 1415 853 1476 casu,
884 1415 951 1476 quo
982 1396 1157 1478 perderent
1174 1417 1233 1461 sua
1248 1394 1356 1474 blada,
1373 1398 1469 1476 prout

343 1503 526 1586 scripsistis,
542 1501 632 1584 quod
647 1522 706 1586 per
721 1523 780 1567 nos
796 1501 1024 1568 subveniretur
1040 1504 1096 1586 eis,
1107 1505 1191 1569 sicut
1201 1503 1366 1569 videretur
1376 1499 1469 1566 nobis

344 1608 385 1673 de
399 1609 498 1675 blado
514 1630 574 1692 pro
589 1609 771 1675 furnioione
801 1631 934 1675 suorum
959 1617 1148 1692 castrorum,
1174 1631 1246 1675 cum
1271 1609 1468 1688 condicione,
1581 1645 1582 1690 3

344 1716 432 1800 quod
446 1715 541 1782 finita
571 1735 690 1798 guerra
719 1716 755 1780 in
785 1722 930 1800 tempore
959 1719 1154 1802 competenti
1186 1722 1359 1784 teneantur
1375 1715 1466 1782 nobis
1581 1703 1582 1746 ³

343 1825 516 1889 restituere
542 1824 661 1909 omnia,
691 1843 753 1906 que
784 1824 848 1891 sibi
878 1826 1097 1907 concedemus,
1122 1824 1174 1890 vel
1189 1825 1333 1890 valorem
1349 1845 1468 1902 eorum,
1581 1829 1582 1836 ’

344 1930 559 2015 procurando,
576 1929 663 2012 quod
680 1930 759 1995 dicti
769 1929 912 2022 Comites
928 1951 963 1996 se
980 1932 1127 2016 obligent
1141 1931 1264 1997 habere
1273 1930 1299 1997 J
1300 1931 1468 1997 adr-atinus

345 2046 505 2104 eteorum
520 2035 607 2103 bona
637 2058 697 2121 pro
723 2039 790 2103 suis
814 2038 964 2122 inimicis,
980 2045 1012 2105 et
1027 2061 1081 2104 eos
1097 2039 1235 2104 viriliter
1250 2038 1414 2104 offendere
1438 2045 1469 2103 et

346 2145 555 2212 damnificare
570 2151 639 2211 toto
649 2166 706 2212 suo
721 2165 826 2229 posse,
835 2152 869 2212 et
884 2146 1048 2230 quoslibet
1057 2147 1138 2214 alios
1148 2146 1343 2212 adherentes
1353 2147 1410 2228 eis,
1419 2145 1468 2210 rel
1582 2196 1583 2231 3

346 2263 532 2340 prestantes
549 2254 644 2322 eisin
660 2255 771 2340 aliquo
797 2255 952 2321 auxilium
977 2257 1028 2320 vel
1052 2254 1211 2336 favorem3
1228 2262 1262 2321 et
1277 2255 1323 2319 sic
1338 2273 1468 2320 servare
1580 2283 1581 2286 ¹

347 2363 488 2430 debeant
501 2364 535 2428 in
551 2362 700 2429 omnibus
717 2362 791 2427 aliis
817 2362 955 2430 inimicis
980 2363 1110 2444 nostris,
1126 2383 1206 2446 quos
1222 2364 1269 2429 eis
1284 2361 1468 2427 manifesta·
1582 2428 1583 2431 ,

344 2493 451 2539 remus
467 2491 527 2555 per
540 2470 670 2535 litteras
686 2470 736 2534 vel
751 2471 911 2535 nuncium.

452 2578 610 2663 Oapta:
635 2576 692 2644 Ad
707 2579 837 2644 litteras
853 2578 976 2644 domini
1007 2577 1113 2644 Marci
1130 2578 1320 2645 Justiniano
1337 2577 1469 2660 Capita·

342 2687 396 2752 nei
413 2687 518 2752 nostri
528 2687 669 2770 petentis
678 2686 842 2771 lignamen
858 2707 918 2770 pro
934 2684 1085 2752 domibus
1100 2685 1323 2753 hedifficandis
1338 2688 1373 2750 in
1389 2708 1468 2751 cam·
1581 2777 1582 2780 Ἴ

344 2813 397 2875 po,
413 2799 446 2857 et
461 2796 665 2877 pariamenta
694 2815 754 2879 pro
779 2794 882 2860 furnis
908 2800 988 2875 etc.;
1004 2794 1249 2878 respondeatur,
1266 2793 1354 2877 quod
1369 2795 1469 2878 ligna·

345 2921 418 2966 men
444 2901 506 2968 sibi
530 2902 687 2967 mittimus
713 2902 755 2967 ad
780 2901 1010 2969 sufficienciam
1026 2923 1088 2986 pro
1108 2925 1175 2968 uns
1190 2902 1298 2968 bestia
1314 2901 1469 2991 facienda,
1581 2895 1582 2898 ¹

345 3010 433 3092 quod
449 3011 614 3093 lignamen
630 3011 663 3075 in
680 3010 745 3076 alio
761 3033 861 3095 quam
876 3013 908 3077 in
919 3011 1025 3078 bestia
1034 3019 1066 3077 et
1075 3033 1142 3078 una
1158 3013 1253 3077 domo
1269 3033 1328 3096 pro
1345 3011 1468 3096 guarda

343 3138 407 3184 uon
422 3113 633 3200 intendimus
644 3119 731 3202 quod
747 3118 847 3185 faciat
862 3139 1092 3202 consummare,
1103 3125 1136 3184 et
1146 3120 1320 3204 magistros
1334 3119 1468 3184 instruc·

345 3229 398 3291 tos
414 3226 457 3291 ad
473 3225 656 3292 faciendam
671 3226 775 3309 ipsam
792 3227 934 3293 bestiam
951 3229 1013 3295 sibi
1029 3227 1185 3292 velociter
1201 3209 1467 3292 transmittemus

336 3331 460 3399 Verum
475 3333 503 3395 si
518 3331 721 3414 stipendiarii
732 3335 835 3399 nostri
851 3339 976 3400 stantes
991 3335 1025 3399 in
1042 3355 1156 3416 campo
1173 3333 1324 3399 domibus
1340 3332 1469 3416 indige-

336 3445 420 3523 rent,
436 3440 581 3506 volumus
598 3439 686 3525 quod
701 3461 734 3506 se
751 3439 865 3508 fulciat
882 3443 922 3508 de
938 3442 1131 3508 necessariis
1147 3441 1220 3523 sibi,
1230 3447 1329 3525 prout
1345 3463 1470 3524 semper

339 3549 372 3614 iu
390 3549 588 3615 exercitibus
605 3557 656 3615 cst
673 3558 870 3635 consuetum,
886 3559 919 3617 et
935 3552 1023 3634 quod
1038 3552 1196 3618 calcinum
1213 3557 1246 3616 et
1261 3550 1389 3633 lapides
1415 3548 1470 3614 sibi

338 3657 505 3724 mittemus
530 3678 590 3741 pro
614 3657 717 3723 furnis
742 3657 792 3728 IV
821 3660 1047 3726 construendis
1072 3661 1106 3724 in
1123 3660 1211 3725 diets
1236 3659 1355 3741 bestia,
1371 3663 1465 3743 prout

338 3766 402 3830 erit
418 3787 576 3831 neccesse.

445 3872 606 3958 Capta:
633 3874 719 3939 Item
744 3876 907 3942 scribatur
925 3874 1045 3941 Comiti
1077 3881 1190 3941 nostro
1207 3871 1363 3954 Arbensi,
1388 3871 1470 3957 quod

331 3984 398 4048 iam
415 3981 527 4047 diebus
543 3983 692 4064 pluribus
708 3983 838 4049 litteras
855 4005 929 4049 suas
947 3986 1128 4067 recepimus
1145 3986 1349 4049 continentes
1368 3981 1462 4046 eollo·

338 4091 449 4172 quium
465 4090 615 4156 habitum
632 4113 704 4155 cum
731 4091 859 4156 Comite
885 4091 1047 4158 Bartholo
1073 4090 1112 4158 de
1128 4090 1245 4174 Vegla,
1261 4095 1294 4155 et
1309 4089 1397 4173 quod
1415 4088 1467 4154 ad·

338 4194 402 4259 huc
418 4196 574 4279 sperabat
605 4218 676 4262 eum
708 4199 780 4280 ipso
806 4205 837 4263 et
861 4198 928 4264 filio
955 4218 1013 4264 suo
1040 4197 1169 4265 Comite
1194 4199 1326 4282 Duymo
1343 4202 1469 4276 esse,et

339 4302 484 4384 qualiter
500 4303 529 4366 ei
545 4305 742 4388 scripsimus,
760 4304 848 4388 quod
867 4306 988 4373 adhoc
1013 4307 1110 4373 daret
1135 4327 1268 4390 operam
1286 4302 1468 4381 efficacem

341 4414 372 4472 et
389 4409 544 4492 quianon
562 4413 723 4479 modicum
739 4415 949 4497 admiramur,
965 4415 1053 4500 quod
1070 4415 1172 4480 nichil
1187 4413 1229 4480 ab
1243 4436 1281 4480 eo
1297 4412 1468 4494 habuimus

345 4537 442 4601 super
458 4515 520 4583 hoo
536 4520 578 4585 ab
594 4520 669 4586 inde
685 4522 779 4588 citra.
797 4521 922 4592 Verum
938 4527 1102 4608 putamus,
1112 4522 1200 4607 quod
1210 4528 1346 4606 propter
1356 4520 1468 4588 deffec·
1581 4593 1582 4596 Ἴ
