3108 5246
648 377 653 382 ·
718 351 953 412 nrrsouacz'mr
968 339 1137 410 anabuns.

893 549 966 609 302.

398 689 508 756 Gamo
525 687 679 756 bibcruolc
695 691 727 754 ds
741 689 851 775 pripui
866 687 1019 754 kduetaek
1035 711 1056 752 α
1073 686 1227 752 velcaczei
1243 687 1446 772 lctirtdraaodp.

883 799 977 864 1349.

471 959 571 1026 Anno
587 955 852 1026 MCOOXLIX.
869 957 923 1022 die
938 953 1095 1024 XXVII.
1110 954 1312 1021 Decembris.
1336 953 1472 1037 Capta:

364 1061 463 1150 Quod
479 1066 640 1142 scribatur
656 1067 787 1132 domino
802 1063 930 1150 Legato
946 1065 980 1129 in
995 1065 1059 1130 hac
1074 1066 1194 1130 forma:

473 1174 754 1241 Revereudissime
771 1172 940 1240 Pater.Et
951 1173 1046 1239 uobis
1062 1180 1096 1239 et
1111 1173 1175 1238 toti
1190 1173 1312 1238 mundo
1322 1173 1475 1238 admodum

364 1281 584 1348 desiderabile
600 1281 669 1349 iore
686 1281 843 1364 debuerit,
858 1287 892 1346 et
907 1280 1105 1348 consolabile
1124 1279 1350 1348 uehementius
1368 1281 1477 1362 exista,

366 1390 453 1471 quod
484 1391 622 1456 illustris
655 1391 804 1457 dominus
835 1389 909 1454 Rex
939 1390 1112 1474 Hungarie
1136 1411 1209 1454 cum
1234 1389 1358 1456 honore
1375 1388 1475 1456 Sancte

364 1496 485 1563 Matris
494 1497 642 1565 Ecclesia
652 1497 858 1564 reconciliari
869 1497 1062 1583 disponatur
1073 1518 1145 1560 cum
1156 1516 1205 1578 ea,
1215 1502 1249 1561 et
1258 1497 1293 1562 in
1303 1497 1372 1564 eius
1386 1497 1476 1563 redire

364 1604 514 1688 gratiam,
546 1605 630 1670 sicrrt
653 1611 762 1670 vestre
787 1604 897 1670 littere
914 1603 1145 1684 continebant3
1160 1603 1202 1668 de
1226 1625 1292 1686 quo
1309 1605 1394 1669 inter
1409 1603 1475 1669 alios

363 1708 478 1777 fideles
493 1713 640 1778 Ecclesie
656 1734 716 1779 nos
732 1718 765 1779 et
781 1718 894 1778 nostra
911 1710 1136 1778 Commuuitas
1158 1709 1324 1776 ineffabile
1340 1710 1475 1794 gaudium

367 1823 400 1882 et
424 1817 566 1884 leticiam
592 1819 777 1886 sentiemus.
803 1818 1047 1902 Cognoscentes
1062 1818 1201 1902 proinde
1225 1817 1381 1884 honorem
1403 1818 1477 1902 prius

363 1925 513 1992 Ecclesia
538 1928 651 2010 augeri
678 1934 711 1993 et
735 1924 930 1992 Christianis
946 1926 1198 2008 tranquillitatis
1222 1925 1478 2011 beneficiumprc-

367 2033 478 2117 parari
489 2057 496 2113 3
507 2032 711 2100 Paternitati
727 2055 805 2117 ergo
821 2040 927 2100 vestre
943 2035 1165 2118 regraciantes
1180 2035 1335 2100 immense
1349 2054 1406 2119 pro
1419 2033 1477 2113 biis,

372 2161 436 2222 que
450 2139 590 2225 benigne
607 2142 700 2208 nobis
716 2148 766 2208 est
782 2140 967 2226 significare
986 2143 1130 2226 dignata,
1157 2144 1377 2227 supplicamus
1391 2141 1477 2206 Altis·

372 2247 464 2329 simo,
480 2253 517 2312 nt
543 2249 645 2332 ipsius
668 2249 771 2333 Regis
796 2255 872 2315 rota
897 2249 1038 2334 dirigere
1064 2257 1096 2315 et
1111 2251 1272 2335 inspirare
1287 2245 1476 2335 digneturad

367 2377 415 2439 ea,
430 2377 493 2440 que
506 2377 621 2440 pacem
638 2359 727 2424 orbis
738 2358 921 2442 respiciant,
931 2364 964 2422 et
973 2357 1121 2424 Ecclesie
1133 2357 1253 2426 Sancte
1263 2358 1327 2425 Dei
1341 2359 1477 2424 honorem

368 2466 493 2547 pariter
509 2469 542 2529 et
558 2472 777 2549 augmentum.

440 2573 475 2633 (A
491 2572 598 2622 »Miati«
614 2575 703 2625 czimtt
715 2574 855 2626 velenozsi
869 2575 1099 2638 allamkcnyrbcl
1112 2577 1200 2626 XXV.
1213 2577 1272 2626 kot
1290 2579 1348 2625 146.
1361 2576 1419 2636 lar.)

852 2719 1012 2728 —.—-·.-—

904 2849 979 2910 303.

391 2967 572 3033 Ktbtkutsi
588 2969 760 3034 lcisdrletelc
777 2969 805 3033 I.
823 2970 923 3056 Lajoe
938 2994 1078 3058 mappas
1095 2971 1207 3057 kircr'ly
1225 2973 1256 3036 e's
1272 2973 1298 3034 I.
1314 2971 1456 3036 Jobuaao

675 3078 803 3142 sicilici
828 3078 982 3164 kiruilynd
1004 3078 1082 3143 kczt.
1100 3079 1197 3144 1350.

479 3232 632 3301 Clemens
648 3235 832 3320 Episcopus
848 3248 907 3303 etc.
918 3237 1036 3303 dilecto
1045 3235 1113 3303 filio
1123 3235 1270 3304 Gnidoni
1280 3239 1366 3304 tituli
1376 3235 1477 3304 Sancte

369 3341 489 3408 Cecilie
515 3342 703 3408 Presbitero
730 3341 909 3426 Cardinali,
935 3343 1127 3428 Apostolioe
1159 3342 1256 3410 Sedis
1288 3346 1408 3428 Legata
1430 3349 1479 3408 etc.

369 3447 523 3535 Receptis
548 3471 651 3534 nuper
676 3451 797 3518 litteris
827 3452 902 3532 tuis,
933 3473 992 3536 per
1023 3473 1104 3536 quas
1120 3452 1280 3517 intimasti
1297 3453 1395 3532 nobis,
1409 3448 1479 3534 quod

369 3558 558 3624 carissimus
584 3559 618 3624 in
644 3555 780 3626 Christo
805 3559 893 3626 filius
917 3566 1028 3627 noster
1055 3559 1241 3626 Ludovicus
1265 3559 1340 3625 Rex
1353 3556 1479 3641 Vugarie

368 3664 509 3732 illustris
526 3666 703 3750 scripserat
716 3666 779 3732 tibi
795 3687 853 3751 per
868 3667 996 3734 litteras
1012 3688 1099 3742 suas,
1114 3687 1253 3751 quarum
1264 3668 1387 3751 copiam
1396 3667 1478 3730 inter-

369 3770 492 3838 clusam
518 3771 641 3837 eisdem
665 3772 787 3839 litteris
803 3776 868 3839 tuis
894 3773 987 3840 nobis
1003 3775 1132 3840 mittere
1148 3776 1314 3858 curavisti,
1330 3773 1411 3860 qnod
1424 3775 1478 3857 ipse

370 3887 587 3961 consenserat,
604 3881 691 3964 quod
708 3882 864 3965 civitates,
881 3889 1001 3964 castra,
1011 3882 1184 3966 fortalicia,
1193 3890 1290 3964 terre,
1301 3883 1376 3954 rille
1385 3905 1420 3950 ac
1428 3880 1479 3947 alia

367 3987 440 4054 loca
455 3987 567 4073 Regni
583 3986 702 4072 Sicilie,
730 4011 794 4073 que
819 3992 879 4058 sub
905 3991 1002 4058 titulo
1018 3992 1121 4075 Regis
1137 3993 1326 4060 detinentur
1341 3989 1479 4083 ipsius,ir

368 4095 434 4160 tuis
458 4096 608 4163 manibus
634 4099 774 4164 tenenda
799 4121 857 4185 per
875 4107 908 4166 te
927 4107 1040 4167 nostro
1057 4106 1091 4167 et
1115 4101 1267 4168 Ecclesia
1282 4100 1425 4170 Romane
1437 4119 1479 4165 uc

370 4201 457 4267 mine
473 4211 684 4287 ponerentur,
700 4207 796 4273 letati
811 4207 931 4274 fuimus
948 4206 1133 4292 admodum,
1149 4216 1182 4275 et
1192 4208 1477 4296 Omnipoteutillec

369 4310 494 4391 gratias
520 4311 653 4394 egimus,
678 4314 767 4397 quod
791 4316 862 4399 ipse
886 4316 1008 4400 prefati
1022 4315 1125 4402 Regis
1140 4319 1284 4385 ammam
1299 4319 1422 4386 virtutis
1436 4334 1478 4381 sue

370 4414 480 4481 studio
496 4426 529 4483 et
553 4421 734 4488 ministerio
760 4421 928 4491 fructuoso
945 4424 1112 4507 inclinare,
1128 4432 1163 4493 ut
1178 4427 1213 4493 in
1230 4427 1295 4493 biis
1311 4428 1391 4495 rotis
1405 4429 1476 4491 nost·

369 4523 416 4588 ris
448 4531 481 4588 et
510 4527 574 4589 tuis
606 4529 766 4612 annuerit,
796 4537 844 4595 est
871 4531 1032 4615 dignatus.
1059 4533 1142 4600 Cum
1158 4541 1268 4602 autem
1285 4532 1478 4604 carissimam
