3214 5260
345 363 351 374 ·
389 331 455 406 lle
750 343 979 424 nmponsozlm
1005 332 1173 402 tundnau.

392 519 579 604 demptione
595 538 735 601 persone
760 516 862 599 ipsius
878 513 908 580 N
913 515 1007 600 icolaj
1033 514 1199 599 quoddam
1215 514 1382 600 puplicum
1404 515 1503 579 instru-

391 633 537 696 mentum
560 626 733 692 veditionis
758 624 897 709 predicti
913 622 1026 690 Castri
1043 621 1235 690 Ciuitenove
1251 645 1312 708 pro
1328 624 1426 688 vnclis
1446 624 1505 688 auri

297 795 300 807 ,
392 736 538 819 triginta,
554 735 643 818 quod
658 757 693 800 re
710 755 790 800 uera
804 732 916 798 ualere
931 737 1063 816 poterat
1085 736 1120 797 et
1143 730 1231 796 valet
1247 732 1357 797 vncias
1372 735 1508 816 quingen-

393 850 444 910 tas
460 850 493 909 et
508 842 610 924 vltra3
627 844 715 925 quod
731 841 863 927 quidem
888 841 1138 906 instrumentum
1163 859 1219 905 seu
1242 839 1434 906 uenditionis
1448 859 1508 904 oon-

393 957 533 1018 tractum
550 949 707 1017 Nicolaus
723 949 808 1015 idem
826 985 868 995 --
886 984 928 994 —
945 983 988 994 -
1011 987 1044 994 -
1068 989 1104 998 -
1125 986 1166 998 -
1186 987 1224 996 -
1245 985 1286 994 -
1305 986 1347 995 —
1365 983 1406 992 -
1422 981 1460 992 -
1473 978 1506 1004 τ

395 1165 489 1232 nobis
507 1163 715 1248 supplicauit,
732 1169 769 1228 ut
783 1160 958 1247 prouidere
975 1163 1036 1228 sibi
1052 1183 1151 1245 super
1168 1163 1227 1228 hoc
1242 1169 1314 1227 tam
1329 1162 1412 1226 iuste
1427 1181 1509 1244 quam

396 1295 479 1358 eque
490 1274 628 1340 caritate
640 1272 802 1339 dominica
812 1270 1031 1354 dignaremur.
1043 1268 1075 1335 N
1078 1291 1114 1335 os
1124 1270 1225 1354 igitur
1235 1271 1384 1337 consulto
1393 1271 1510 1339 Judioio

397 1381 617 1462 advertentes,
629 1379 718 1464 quod
727 1379 923 1444 venditionis
938 1378 1088 1462 predicte
1104 1382 1293 1444 contractus
1302 1378 1409 1445 factus
1416 1377 1511 1446 taliter

398 1490 468 1573 ipso
485 1489 556 1554 iure
574 1494 724 1554 censetur
740 1484 906 1553 inualidus
923 1491 1022 1569 atque
1037 1486 1155 1566 nullus,
1165 1487 1319 1570 omnique
1335 1494 1425 1552 caret
1438 1485 1512 1551 lulci·

397 1601 506 1661 mento
531 1595 662 1678 vigoris,
688 1600 822 1679 propter
847 1595 949 1678 ipsius
976 1615 1105 1678 quoque
1119 1593 1250 1681 Nicolaj
1268 1595 1512 1661 deuotionemuc

395 1703 494 1774 fidem
510 1724 570 1788 pro
580 1703 698 1786 quibus
714 1724 852 1786 persone
869 1722 925 1766 sue
940 1700 1097 1785 pericula,
1113 1701 1293 1785 squalores,
1308 1722 1462 1784 carceres,
1474 1723 1512 1766 re

397 1831 535 1895 rumque
551 1829 682 1875 suarum
698 1809 869 1893 dispendia
884 1829 957 1874 cum
972 1808 1117 1891 patienti
1141 1811 1248 1874 auimo
1265 1811 1440 1893 pertulisse
1453 1831 1511 1894 per·

398 1918 578 2004 pendimus,
594 1919 678 1984 sicut
693 1917 811 1984 relatio
821 1916 986 2000 fidedigna
995 1922 1149 2002 testetur,
1159 1922 1193 1984 et
1203 1918 1286 1984 alias
1301 1918 1444 1985 fidelium
1453 1939 1513 1984 uos·

398 2036 526 2094 trorum
551 2028 790 2112 emergentibus
816 2025 945 2092 casibus
970 2027 1107 2092 caritate
1123 2026 1287 2093 dominica
1302 2027 1512 2094 fauorabiliter

401 2140 609 2216 occurentes;
624 2135 771 2201 volumus
787 2139 821 2198 et
837 2130 991 2200 fidelitati
1007 2139 1114 2199 vestre
1129 2133 1169 2198 de
1185 2141 1278 2199 certe
1298 2143 1413 2201 nostra
1430 2136 1513 2200 scieu-
1559 2171 1561 2176 ·

400 2245 449 2308 tia
480 2242 680 2325 presentium
710 2241 796 2307 serie
827 2240 1062 2306 commictimus
1088 2247 1121 2307 et
1153 2243 1347 2308 mandamus
1371 2261 1514 2328 expresse,

401 2354 564 2434 qnatenus
590 2369 646 2414 vos
672 2370 730 2415 seu
754 2354 896 2414 vestrum
924 2343 992 2434 alij,
1007 2369 1089 2432 quos
1114 2345 1200 2434 adirj
1216 2351 1395 2436 continget,
1410 2351 1513 2418 voeatis
1559 2423 1562 2432 Δ

402 2455 586 2538 caecandis,
612 2455 773 2539 siquidem
799 2457 1018 2522 venditionem
1042 2456 1150 2540 ipsam
1174 2478 1232 2541 per
1259 2458 1323 2524 vim
1354 2465 1388 2524 et
1402 2467 1514 2540 menn

401 2565 489 2631 velut
499 2563 713 2650 premittitur,
721 2569 892 2646 extortam,
902 2585 975 2630 cum
985 2584 1023 2630 eo
1035 2584 1112 2631 casu
1121 2565 1197 2632 talis
1207 2565 1353 2634 venditio
1362 2574 1515 2652 tamquam

403 2674 496 2741 nulla
518 2675 553 2739 in
579 2673 791 2758 supplicantis
816 2673 959 2758 predicti
983 2673 1189 2757 dispendium
1205 2677 1449 2744 rationabiliter
1462 2697 1514 2742 uon

333 2827 335 2836 ,
403 2782 567 2861 substitat,
583 2787 789 2848 contractum
813 2782 920 2866 ipsum
939 2783 1113 2849 summarie
1128 2783 1169 2849 de
1185 2783 1290 2867 pleno,
1306 2786 1376 2852 siue
1392 2786 1514 2870 strepitu

403 2897 437 2955 et
461 2889 566 2972 figura
582 2886 708 2974 Judicij
737 2891 825 2955 omui
843 2911 1014 2973 processus
1030 2889 1240 2958 cauillatione
1256 2900 1392 2974 remota,
1408 2894 1515 2960 nullum

404 2997 543 3063 existere
560 2997 757 3064 auctoritate
773 3000 977 3081 presentium
993 2998 1176 3064 decernatis
1192 3020 1231 3066 ac
1246 3001 1349 3067 etiam
1359 3000 1517 3070 declaretis

404 3137 685 3151 —————
711 3111 768 3171 etc.
780 3111 839 3173 etc.
855 3104 980 3172 Datum
996 3104 1138 3192 Neapolj
1155 3128 1214 3190 per
1230 3105 1385 3194 Sergium
1409 3108 1517 3177 domiui

403 3207 544 3280 Vrsouis
560 3211 601 3276 de
616 3209 650 3276 N
652 3211 756 3297 eapolj
775 3219 835 3279 etc.
861 3211 959 3279 Auno
974 3211 1108 3279 Domini
1129 3211 1336 3284 MOOOLH.
1352 3217 1405 3283 die
1420 3218 1517 3284 vltiruo

404 3316 488 3404 Maij
506 3318 548 3386 V.
563 3320 761 3404 indictionis,
776 3319 963 3406 Regnorum
978 3323 1082 3388 nostri
1097 3321 1201 3406 Regis
1216 3346 1303 3391 anno
1319 3324 1415 3410 HII,
1430 3324 1518 3392 nostri

403 3427 531 3513 Regiae
546 3449 632 3496 anno
648 3427 695 3495 X.

511 3576 547 3637 (A
570 3574 711 3639 »Beglstri
724 3573 874 3640 Angioinis
895 3577 926 3629 F.
950 3579 1011 3628 357.
1024 3589 1061 3628 ez.
1075 3591 1100 3632 a.
1115 3578 1184 3642 Reg.
1199 3576 1336 3630 landerici
1348 3584 1377 3629 et
1390 3579 1518 3631 Jcbsnuse

406 3661 549 3714 ketettbol
564 3666 606 3714 88.
620 3666 650 3726 l.)

514 3855 559 3947 B)
575 3860 762 3928 Ludouicus
778 3870 811 3930 et
820 3859 977 3929 Johanna
993 3868 1052 3929 etc
1063 3861 1252 3932 Justitiario
1269 3864 1372 3933 'Perre
1383 3861 1518 3946 Ydreuti‚

405 3963 545 4052 Baiulis,
562 3969 734 4053 Magistris
749 3967 774 4034 J
775 3969 878 4037 uratis
896 3970 998 4037 Terre
1015 3968 1145 4038 Genese
1162 3973 1202 4038 de
1228 3972 1342 4042 eadem
1358 3975 1519 4042 Provincia

407 4075 511 4144 Terre
526 4074 682 4158 Ydronti,
699 4077 838 4160 aliisque
856 4075 1064 4146 Officialibus
1080 4081 1225 4164 partium
1240 4081 1373 4165 Apulia
1390 4084 1431 4150 ed
1453 4099 1518 4166 quos

408 4189 544 4268 spectat,
561 4184 610 4251 vel
626 4203 738 4250 eorum
754 4185 860 4270 alterj,
877 4186 1086 4270 presentibus
1102 4193 1135 4254 et
1151 4188 1269 4255 futuris
1284 4188 1434 4257 fidelibus
1447 4191 1518 4256 nost·

407 4291 454 4354 ris
486 4293 627 4372 gretiam
659 4298 720 4360 etc.
752 4289 937 4377 Oouparuit
966 4297 1095 4362 nouiter
1121 4317 1234 4363 coram
1258 4297 1352 4364 uobis
1377 4296 1518 4366 Notarius

407 4396 578 4464 «Iohannes
594 4400 725 4466 «Indicis
741 4401 835 4468 Petri
850 4402 890 4468 de
907 4404 1021 4470 eadem
1039 4404 1146 4471 Terra
1156 4403 1292 4491 Genusij
1301 4406 1406 4473 fidelis
1415 4413 1518 4483 noster,

412 4525 469 4574 aua
496 4503 589 4572 nobis
614 4514 682 4573 tam
709 4529 768 4594 pro
794 4531 828 4575 se
855 4533 952 4594 quam
980 4514 1109 4578 nornine
1126 4517 1159 4579 et
1174 4535 1235 4598 pro
1251 4519 1345 4598 parte
1361 4509 1517 4598 presbiteri
