3134 5252
529 347 622 418 1346.
1071 349 1132 418 177

28 531 156 597 volumus
168 553 233 598 non
250 533 362 614 latere,
377 530 465 616 quod
480 531 606 615 pridem
623 531 761 596 dilectus
777 531 864 596 filius
879 532 904 598 J
906 530 1050 598 ohannes
1059 531 1136 599 Pre-

29 645 136 725 positus
150 643 298 708 Ecclesia
315 641 430 708 Sancti
445 639 610 707 Johannis
627 641 666 707 de
685 639 805 708 Oastro
816 639 1135 726 Quinqueecclesien·

28 752 59 829 si,
72 750 203 815 eiusdem
217 750 320 832 Regis
337 750 475 815 clericus
500 756 533 814 et
558 747 782 831 consiliarius,
808 751 987 834 peripsum
1012 751 1137 832 Regem

29 859 64 922 ad
76 864 213 924 nostram
228 857 431 942 presentiam
447 857 638 936 destinatus,
663 857 786 922 habitis
801 878 861 941 per
877 877 936 921 nos
953 878 1051 941 super
1066 877 1139 941 pre-

5 999 11 1014 ·
32 965 114 1029 dictis
129 965 290 1050 colloquio
306 972 339 1030 et
354 969 500 1030 tractatu
524 987 596 1030 cum
620 966 701 1048 ipso,
718 965 878 1049 promisit,
893 971 926 1028 et
940 965 1034 1048 quasi
1049 985 1139 1048 spem

30 1069 229 1137 indubitatam
246 1072 343 1138 nobis
362 1072 462 1153 dedit,
474 1072 562 1155 quod
569 1071 643 1138 Rex
651 1072 820 1157 predictus
837 1073 880 1138 ad
895 1071 1141 1154 aggressionem

1 1191 2 1196 ’
30 1177 96 1242 dicti
109 1179 211 1263 Regni
228 1177 344 1244 Sicilie
359 1177 434 1243 hinc
459 1178 502 1243 ad
527 1178 644 1244 festum
659 1179 756 1244 Beati
774 1177 912 1260 Georgii
928 1179 1075 1262 proximo
1092 1176 1108 1242 f
1130 1211 1140 1224 ·

13 1291 122 1350 turum
135 1286 322 1352 nullatenus
339 1287 524 1370 prosiliret;
540 1286 601 1352 hoc
617 1293 728 1352 tamen
743 1285 829 1370 Regi
844 1284 972 1369 prelato
989 1287 1039 1351 vel
1056 1283 1142 1353 Gon-

31 1394 144 1460 silisriis
159 1395 225 1460 suis
243 1393 421 1461 dicendum
445 1400 495 1460 est
519 1395 714 1476 nullatenus,
741 1393 798 1459 sed
815 1393 923 1478 potius
939 1395 1000 1461 sub
1016 1401 1143 1461 secreto

33 1502 194 1568 nuendum.
226 1501 466 1569 Verumtamen
499 1502 612 1567 eodem
643 1506 794 1584 presente
827 1501 1012 1585 Prepesito,
1028 1502 1057 1566 si
1072 1523 1145 1566 cum

1 1591 2 1597 ἵ
35 1609 104 1675 dicto
118 1611 207 1692 Rege
222 1615 305 1675 tunc
320 1611 423 1676 fuerit
436 1635 444 1691 3
460 1615 493 1675 et
509 1611 608 1675 etiam
626 1631 664 1676 eo
680 1609 826 1690 absente,
841 1609 870 1674 si
885 1607 997 1674 forsan
1012 1630 1077 1674 non
1093 1629 1146 1673 ex·

34 1719 132 1798 titerit,
147 1725 195 1783 est
211 1720 288 1802 ipsa
305 1717 473 1784 credentia
488 1717 690 1802 explicanda.
706 1719 832 1783 Datum
848 1711 1010 1782 Avinione
1026 1713 1146 1784 XVII.

1 1911 2 1932 Χ
36 1821 173 1888 kalendas
191 1823 342 1908 Augusti
354 1822 570 1890 Pontificatus
586 1823 691 1890 nostri
709 1844 794 1890 anno
809 1824 931 1908 quinto.

326 1988 386 2048 (VI.
406 1987 540 2038 Kelemen
562 1987 635 2052 papa
653 1987 844 2052 regeatdibbl.)

555 2455 626 2516 173.
733 2433 744 2444 ’

43 2628 87 2692 VJ.
101 2631 250 2697 Koloenon
264 2631 428 2720 pdpdoak
445 2629 653 2696 imtzkedtae'
668 2631 695 2694 I.
710 2631 868 2698 Johaana
884 2631 1013 2698 sicilici
1028 2633 1155 2720 tii-otp-

112 2740 220 2804 ac'nak
238 2751 383 2804 tervacett
398 2739 547 2804 mdaodilc
562 2741 744 2825 bdwaodpo
760 2741 952 2828 tdrpydbaa.
971 2741 1066 2805 1346.

133 2897 288 2966 Clemens
320 2899 502 2982 Episcopus
532 2906 591 2964 etc.
622 2898 860 2965 venerabilibus
890 2897 1048 2966 fratribus
1071 2901 1158 2967 Ilde-

42 2999 186 3076 brandino
201 3005 376 3084 Paduam,
392 3012 425 3070 et
441 3001 619 3070 Guiliclmo
645 3003 815 3072 Casinensi
831 3006 1005 3090 Episcopis
1022 3007 1159 3074 salutem

43 3111 198 3179 delicet
213 3133 277 3196 per
295 3111 380 3178 alias
395 3117 526 3178 nostras
551 3118 700 3196 patentes
725 3112 865 3193 litteras,
883 3134 962 3196 quas
979 3115 1071 3180 robis
1088 3137 1160 3180 cum

44 3221 233 3300 presentibus
250 3219 420 3300 mittimus,
435 3225 635 3304 potestatem
666 3219 866 3286 concedendi
897 3221 1026 3286 nomine
1048 3229 1160 3290 nostro

45 3328 194 3394 carissime
210 3329 248 3393 in
265 3325 399 3394 Christo
424 3325 489 3392 filis
515 3335 627 3394 nostre
642 3327 795 3394 Johanne
819 3327 945 3410 Regine
962 3325 1073 3396 Sicilie
1089 3331 1163 3395 illu-

46 3435 96 3499 sui
109 3456 205 3518 super
222 3434 448 3501 contrahendo
464 3434 673 3502 matrimonio
698 3434 872 3515 licentiam,
889 3435 957 3502 sine
973 3458 1038 3520 qua
1054 3458 1163 3503 secuu-

48 3538 110 3606 dum
125 3543 356 3609 conventiones
373 3548 405 3608 et
436 3549 534 3625 pacta
559 3543 639 3608 inita
655 3548 689 3607 et
704 3543 812 3626 posita
827 3545 860 3607 iu
877 3545 1083 3610 concessione
1099 3543 1164 3610 Re·

48 3650 92 3728 gni
113 3647 227 3716 Sicilie
253 3649 331 3714 olim
357 3648 445 3715 clare
468 3649 623 3714 memorie
649 3645 771 3714 Oarolo
790 3649 876 3733 Regi
893 3649 1004 3716 Sicilia
1020 3673 1079 3736 per
1110 3650 1165 3718 Se-

50 3755 110 3822 dem
124 3757 357 3842 Apostolicam
381 3755 480 3840 facte,
495 3755 530 3822 id
544 3756 653 3822 facere
669 3755 799 3841 Regina
815 3778 880 3824 non
895 3765 1012 3842 potest,
1027 3779 1087 3826 nec
1102 3782 1167 3826 non

50 3862 255 3948 dispensandi,
286 3865 374 3949 quod
405 3887 478 3930 cum
509 3885 701 3950 quocunque
726 3867 794 3930 viro
826 3863 1007 3948 Catholieo,
1023 3866 1116 3933 nobis
1134 3874 1167 3931 et

51 3967 183 4040 Ecclesia
209 3973 360 4040 Romane
384 3972 476 4039 fideli
502 3981 535 4038 et
560 3973 691 4053 deuote,
707 3973 740 4038 in
766 3974 1012 4060 quibuscunque
1029 3981 1062 4041 ct
1077 3982 1170 4059 quot-

52 4099 162 4165 cunque
176 4082 337 4166 gradibus
369 4080 681 4165 consanguineitetis
698 4102 754 4146 seu
771 4080 944 4148 affinitatis
959 4083 1030 4148 iure
1046 4083 1170 4168 Diuino

53 4207 108 4254 non
121 4191 317 4274 prohibitis,
341 4189 448 4272 possit
472 4189 716 4255 matrimonium
741 4190 944 4275 contrahere,
968 4190 1059 4257 uobis
1075 4213 1172 4275 super

54 4303 135 4363 certa
149 4298 256 4365 forma
271 4299 306 4363 in
331 4298 454 4364 eisdem
479 4304 634 4364 contenta
659 4296 779 4364 litteris
804 4299 1037 4366 concedamus:
1062 4307 1173 4366 nostre

55 4407 155 4472 tamen
170 4407 362 4474 intentionis
378 4407 490 4474 existit
515 4414 549 4473 et
574 4407 729 4489 volumus,
754 4408 843 4490 quod
859 4429 931 4474 cum
947 4429 1006 4474 nos
1023 4409 1124 4473 simus
1140 4410 1174 4472 in

57 4513 192 4579 bacatu
207 4537 281 4581 cum
296 4515 462 4582 carissimo
487 4515 554 4580 filio
580 4521 691 4580 nostro
721 4515 888 4580 Ludovico
920 4515 1011 4598 Rege
1027 4513 1175 4598 Vagarie

97 4651 193 4688 aaron.
210 4651 291 4687 auno.
306 4653 372 4689 arsr.
390 4661 433 4671 -
450 4653 516 4688 acra
533 4651 591 4688 uxr.
609 4651 638 4686 rr.
1030 4629 1069 4692 12
