3166 5256
767 342 1004 392 orruounczrnr
1024 332 1191 389 cucuron.

941 595 991 655 51.

398 759 426 823 A
444 749 600 823 celcnczei
616 713 961 839 kormdnytandcanok
978 777 999 815 u
1024 753 1173 818 Sebcnico
1199 754 1383 840 kdrnydkdn
1403 780 1441 820 aa
1456 781 1522 820 caen

397 873 493 930 odron
519 867 657 948 ledzadpe,
683 887 698 926 c
724 862 859 946 Nelipca
876 862 907 924 c'c
924 861 1060 925 Mlodc'o
1075 861 1195 947 qnifok
1212 863 1296 926 kozri
1312 865 1520 950 ettenadpcake·

398 975 491 1038 dccet·
508 970 713 1035 alkulcndvol
746 969 860 1032 torue‘nc
877 968 1081 1032 kdrocttdcok
1106 971 1301 1054 meptdrc‘tdce
1333 973 1517 1058 tdrpydbau,

911 1077 1006 1140 1344.

498 1231 1307 1305 Annooominiuoooxu1v.dieXV.Maii.
1338 1233 1512 1319 Capta:

392 1343 489 1427 Quod
519 1366 616 1429 super
639 1344 780 1429 querelis
811 1342 967 1427 expositis
997 1366 1056 1426 per
1073 1340 1315 1409 Ambaxatores
1332 1344 1512 1409 Communis

390 1450 543 1533 Sibeuici,
560 1461 591 1517 et
606 1453 742 1530 domnia,
759 1461 791 1516 et
807 1451 904 1516 etiam
930 1472 1027 1534 super
1051 1451 1126 1515 aliis
1152 1451 1279 1515 damnis
1303 1453 1459 1515 contentis
1480 1452 1511 1515 in

386 1556 506 1622 litteris
523 1559 659 1624 Comitis
676 1558 837 1624 ItIaladini
852 1559 946 1623 nobis
963 1559 1143 1638 destinatio,
1160 1559 1381 1623 committatur
1397 1556 1509 1623 Comiti

384 1673 496 1731 nostro
512 1665 662 1749 Sibenici,
678 1673 711 1730 et
727 1665 773 1730 sic
789 1666 893 1731 eidem
909 1666 1080 1748 scribatur,
1097 1666 1185 1747 quod
1201 1673 1269 1730 tam
1286 1664 1404 1730 damna
1419 1665 1505 1730 illata

385 1776 505 1838 nostris
522 1774 671 1839 fidelibus
687 1775 720 1838 in
736 1775 813 1839 villa
830 1782 943 1840 vocnt-a
961 1775 1083 1839 Benisa
1099 1773 1279 1838 Districtus
1295 1771 1436 1839 Sibenici
1452 1794 1506 1856 per

384 1877 544 1947 Comitem
562 1879 812 1946 Constantinum
829 1883 946 1948 eteius
962 1889 1085 1964 genten,
1100 1880 1348 1966 quamilla,que
1367 1882 1506 1964 irrogata

382 1986 514 2054 fuerunt
530 1986 650 2054 Comiti
667 1989 816 2055 Mladino
841 1998 874 2054 ct
891 1991 956 2055 suis
972 1991 1123 2072 partibus
1148 2011 1207 2073 per
1222 1989 1384 2055 Comitem
1400 1987 1503 2070 Netip·

381 2095 464 2159 cium
489 2102 522 2161 et
546 2117 639 2161 suum
664 2105 814 2180 nepotem
830 2096 1078 2163 Constantinum
1094 2105 1127 2161 et
1144 2119 1218 2162 anas
1236 2103 1358 2177 gentes,
1374 2095 1502 2178 diligen·

381 2211 431 2266 ter
446 2203 557 2268 audire
574 2211 606 2268 et
622 2206 817 2287 examinare,
843 2207 928 2270 sicut
953 2209 987 2270 in
1014 2227 1094 2288 pace
1110 2205 1192 2269 inita
1212 2205 1298 2268 inter
1314 2209 1424 2286 partes
1440 2204 1500 2285 ple·

378 2311 449 2375 nius
467 2313 655 2396 continetur,
681 2313 893 2377 describendo
919 2334 1015 2396 super
1039 2312 1195 2395 predictis
1213 2309 1335 2376 Comiti
1353 2309 1386 2375 N
1389 2310 1497 2393 elipcio

378 2424 411 2482 et
426 2419 509 2500 aliia,
525 2426 561 2482 ut
577 2441 637 2502 pro
654 2419 739 2484 bono
755 2420 954 2503 agendorum
971 2421 1134 2485 ridebitur
1150 2418 1310 2502 expedire.

484 2581 519 2640 (A
532 2580 641 2629 »Mistic
655 2583 744 2631 czimtt
755 2582 891 2632 relenczei
905 2583 1083 2645 aillamkonyv
1096 2582 1186 2632 XXII.
1199 2581 1360 2642 rocetebol.)

909 2996 960 3056 52.

406 3150 436 3216 A
454 3152 605 3216 vetercczei
619 3121 896 3238 dorcrdnptoudca
911 3155 1073 3240 aepitadpct
1089 3157 1222 3220 hctdroz
1241 3157 1375 3242 Netipca
1387 3151 1463 3242 qrdf
1573 3189 1575 3238 g

473 3417 572 3484 Anno
614 3421 746 3485 Domini
786 3419 1045 3492 MOOOXLIV.
1086 3424 1139 3488 die
1181 3421 1355 3491 XXVIII.
1395 3424 1483 3490 Junii

366 3523 571 3609 Captum:
603 3527 712 3611 Quum
742 3528 829 3593 istud
845 3537 986 3594 castrum
1004 3529 1115 3595 'Pinini
1133 3531 1176 3596 sit
1192 3530 1291 3598 clavis
1309 3531 1482 3606 Sclauonie,

363 3639 396 3697 et
412 3633 511 3699 saciat
528 3655 588 3716 pro
606 3641 717 3699 nostro
735 3634 858 3700 honore
873 3644 906 3701 et
922 3636 1008 3701 bono
1025 3644 1114 3702 statu
1126 3645 1290 3704 terrarum
1302 3648 1480 3706 nostrarum

361 3741 448 3823 puod
465 3749 675 3806 conservatur
690 3744 724 3807 in
740 3765 841 3808 manu
873 3745 1002 3810 domine
1033 3747 1144 3811 uxoris
1178 3750 1318 3814 condam
1351 3747 1479 3814 Oomiris

361 3846 508 3932 Neliptii,
524 3855 697 3932 postquam
714 3850 800 3913 tilius
818 3849 989 3916 defunctus
1006 3859 1072 3917 est:
1097 3854 1188 3919 rodit
1202 3878 1289 3938 pinio,
1307 3857 1392 3940 quod
1410 3858 1478 3922 scri-

359 3955 457 4021 batur
489 3965 521 4031 et
552 3956 726 4021 mandetur
751 3961 869 4023 nostris
896 3958 1093 4024 Rectoribus
1119 3961 1302 4044 Sclauonic,
1334 3965 1475 4044 Sibenici‚

359 4062 511 4146 Tragurii
530 4071 563 4128 et
580 4063 718 4147 Spoleti,
736 4066 822 4149 quod
839 4067 971 4132 domina
1000 4069 1146 4152 predicta
1163 4094 1222 4154 pro
1239 4079 1475 4141 conservatione
1506 4050 1515 4070 ⁰

358 4170 437 4234 dicti
454 4170 564 4235 Casiri
582 4174 685 4236 aiteio
703 4175 981 4256 recommendata,
996 4177 1104 4243 dando
1135 4179 1204 4261 sibi,
1237 4185 1263 4246 si
1289 4187 1474 4266 requisierit,

359 4277 515 4343 auxilium
532 4286 564 4344 et
581 4281 725 4345 fauorem
743 4280 782 4346 de
798 4291 894 4364 geute
911 4291 943 4348 et
960 4286 1032 4350 aliis
1048 4309 1108 4369 pro
1124 4293 1368 4358 conservatione
1383 4294 1475 4359 castri

354 4385 503 4468 predicti.
519 4387 565 4451 Et
580 4387 703 4454 faciant
718 4397 830 4455 notum
855 4392 982 4458 domine
1006 4393 1046 4460 de
1062 4396 1124 4462 isto
1140 4403 1251 4464 nostro
1267 4401 1430 4488 mandato,
1446 4407 1472 4466 et
