3110 5248
576 392 673 474 ima.
1127 398 1189 474 'sor

73 583 154 649 berle
180 587 212 650 et
237 577 310 650 aliis
335 586 529 666 Comitibus,
546 593 579 652 et
597 587 686 669 quod
703 586 848 652 notificet
864 586 920 666 eis,
935 585 1022 684 qnod
1040 587 1104 670 ipsi
1119 609 1190 670 pos-

1 716 2 767 ss
75 692 193 756 suntad
208 713 266 758 nos
282 695 416 759 mittere
432 691 579 760 Nuneios
601 713 676 759 suos
696 691 738 758 ad
756 695 898 778 plenum,
914 694 992 776 quia
1006 695 1115 777 parati
1130 697 1190 760 eri·

72 819 133 863 mus
154 820 207 864 eos
232 801 348 868 andire
375 806 408 867 et
422 800 532 868 facere
547 823 595 882 ea,
612 823 674 886 que
691 801 872 886 respiciant
888 801 1046 867 honorem
1062 807 1095 867 et
1109 810 1189 866 con-¹

71 907 271 974 servationem
287 915 436 974 nostram
451 915 485 976 et
500 930 601 976 suam.

168 1014 231 1081 Die
258 1013 300 1085 V.
315 1015 469 1102 Augusti.
486 1013 647 1102 Capta:
672 1015 771 1102 Quod
789 1018 827 1084 in'
840 1017 927 1084 bona
943 1017 1051 1102 gratia
1065 1014 1190 1084 factum

1 1201 2 1204 Ἴ
70 1121 145 1187 istud
158 1123 280 1191 firmari
297 1132 330 1191 et
345 1127 503 1211 compleri
518 1129 622 1212 possit
636 1147 695 1211 per
711 1126 844 1193 modum
860 1132 893 1192 et
907 1125 1036 1193 forman
1052 1126 1106 1192 hic
1121 1126 1188 1192 lec·

1 1276 2 1290 ι
70 1235 129 1297 tum
152 1254 222 1298 cum
246 1236 386 1300 termino
412 1235 550 1301 duorum
577 1237 736 1301 mensium
764 1234 808 1300 ad
823 1234 1018 1301 firmandum
1033 1235 1116 1302 illud
1131 1253 1190 1319 per

1 1417 2 1434 χ
70 1341 255 1425 principales
279 1363 444 1428 personas,
460 1348 493 1408 et
509 1365 582 1410 cum
599 1343 657 1408 illa
672 1363 765 1427 pena,
781 1365 844 1428 que
859 1343 1022 1410 ridebitur
1038 1344 1190 1410 conveni:

1 1509 2 1568 l

1 1588 5 1647 l

1 1441 2 1491 ἕ
70 1467 126 1513 ena
148 1449 192 1515 lat
218 1451 245 1516 si
271 1449 513 1519 Ambaxatores
538 1451 669 1533 vellent,
694 1453 782 1537 qnod
800 1453 865 1518 alia
881 1451 1031 1518 clausula
1047 1471 1103 1518 seu
1119 1471 1191 1518 ver·

67 1556 134 1622 bum
156 1558 256 1625 aliter
278 1567 463 1627 mutaretur
488 1583 544 1627 sen
568 1567 744 1646 poneretur
767 1563 801 1626 in
818 1566 999 1644 contractu,
1014 1560 1188 1641 Dominus,

1 1669 3 1712 l
68 1661 252 1750 Consiliarii‚
267 1665 390 1753 Capita
406 1676 439 1734 et
454 1667 627 1754 Sapientes
651 1668 795 1736 habeant
811 1669 998 1737 libertatem
1014 1691 1074 1753 per
1089 1667 1189 1733 maio·

1 1787 4 1870 2·
69 1793 126 1839 rem
149 1782 276 1860 partem
294 1797 407 1842 eorum
428 1778 578 1844 mutandi
600 1785 633 1844 et
649 1777 802 1862 ponendi,
818 1777 992 1844 dummodo
1009 1799 1072 1844 non
1089 1783 1190 1843 mute·

1 1913 2 1970 ᾗ
68 1887 115 1947 tur
136 1885 321 1951 substantia
346 1893 531 1953 contractus
555 1890 588 1952 et
605 1883 739 1954 effeetus
763 1887 958 1954 intentionis
982 1892 1102 1966 nostre,
1116 1905 1191 1952 cum

70 1992 194 2058 oonsilio
210 1991 401 2077 Sapientem
418 1993 522 2060 Jnris.

1 2090 5 2171 t

1 2455 3 2476 l

1 2483 5 2500 l

1 2506 2 2523 l

166 2098 292 2184 Capta:
310 2100 397 2187 Quia
412 2103 493 2170 utile
508 2108 541 2169 et
564 2101 684 2169 honum
700 2107 750 2168 est
765 2119 826 2186 pro
841 2101 938 2169 factis
954 2103 1076 2169 nostris
1093 2101 1190 2170 habe-

68 2223 99 2271 re
121 2208 199 2274 istos
224 2206 465 2277 Ambaxatores
489 2209 657 2277 benivolos
682 2216 717 2276 et
740 2209 937 2277 favorabiles
963 2209 1006 2276 ad
1031 2209 1187 2277 honorem

1 2338 2 2367 i
67 2322 206 2383 nostrum
230 2325 300 2384 tam
324 2339 386 2404 pro
413 2320 559 2405 presenti
575 2327 721 2404 tempore
739 2339 837 2403 quam
853 2318 982 2386 futuro:
998 2319 1088 2385 radit
1103 2337 1189 2402 pars,

69 2425 148 2509 qood
172 2429 300 2511 possint
324 2427 447 2495 donare
474 2429 519 2494 eis
539 2427 672 2494 ducenti
687 2427 808 2508 ducati,
824 2427 976 2494 videlicet
992 2425 1019 2493 0
1036 2447 1096 2511 pro
1112 2448 1190 2511 quo·

1 2561 3 2583 ι
68 2533 151 2618 libet,
168 2555 226 2619 per
242 2537 334 2601 illum
344 2538 599 2619 convenientem,
608 2537 780 2603 honestum
790 2543 824 2601 et
834 2543 967 2602 cautum
977 2537 1116 2615 modum,
1133 2535 1191 2617 qui

1 2670 2 2713 ι
68 2639 232 2722 ridebitur,
257 2645 349 2708 etin
374 2644 519 2710 denariis
544 2645 595 2712 vel
626 2643 736 2726 rebus,
755 2645 840 2710 sicut
864 2643 1027 2710 videbitur
1041 2643 1191 2722 Domino,

71 2744 281 2834 Consiliariis
297 2749 468 2836 Capitibus
484 2758 517 2818 et
533 2751 755 2837 Sapientibus.

1 2881 3 2896 t

1 2911 2 2922 i

1 2988 2 3008 l

1 3169 5 3261 i

1 3461 3 3560 l

1 3633 3 3666 l

268 2899 305 2959 (A
320 2899 447 2949 »Secreta
460 2899 574 2951 Consilii
586 2897 846 2964 Rogatorumrbol.
861 2896 917 2952 Lit.
931 2897 974 2962 B.)

69 3064 114 3160 D)
147 3073 178 3143 A
212 3077 449 3144 velenoaei
481 3078 874 3162 ktztarsasagnalr
907 3071 1106 3161 megbiao
1138 3068 1191 3141 le·

164 3184 258 3250 vele
281 3181 733 3271 felhatalmaiottjai
758 3193 970 3252 snamtra.
997 3189 1091 3251 1348.

168 3309 323 3378 Andreas
338 3310 495 3379 Dandnlo
512 3312 575 3378 Dei
592 3313 701 3398 gratia
725 3311 940 3382 Venetiarum
958 3318 1017 3378 etc.
1034 3311 1112 3378 Dux
1128 3318 1189 3380 eto.

1 3427 2 3452 ¹
68 3415 218 3483 uniuersis
244 3425 278 3483 et
302 3419 439 3504 singulis
455 3426 625 3506 presentes
641 3421 770 3486 litteras
795 3420 990 3505 inspecturis
1006 3421 1141 3486 salutem
1158 3424 1191 3482 et

69 3520 269 3592 dilectionem
295 3529 465 3595 sinceram.
491 3525 544 3596 De
569 3529 746 3614 prudentia
771 3535 804 3594 et
820 3528 883 3594 lide
908 3527 1192 3612 infrascriptarum

1 3686 2 3702 ,
72 3637 251 3701 nostrorum
281 3637 438 3703 nobilium
464 3637 611 3722 plenarie
644 3635 854 3718 confidentes,
885 3635 1035 3702 videlicet
1059 3635 1191 3703 Nicolai

69 3734 179 3824 Volpe‚
208 3739 373 3808 ‹lohannis
415 3741 551 3828 Senum,
583 3742 758 3828 Pangratii
802 3743 999 3828 Justiniano,
1031 3741 1192 3826 Stephani

69 3842 232 3934 Bellegno‚
258 3858 293 3916 et
317 3849 477 3937 Raynerii
502 3851 541 3918 de
559 3849 681 3932 blasto,
714 3851 954 3918 honorabilium
971 3850 1087 3916 civium
1103 3856 1192 3916 nost-

1 4003 2 4012 ,
72 3973 185 4036 rorum,
215 3961 304 4041 ipsos
332 3965 368 4025 et
399 3979 510 4026 eorum
543 3960 719 4044 quemlibet
750 3961 785 4025 in
824 3958 973 4040 solidum,
998 3956 1191 4041 opportunis

1 4045 2 4054 i

1 4087 4 4104 t

72 4057 283 4132 Consiliorum
309 4071 494 4133 nostrorum
519 4067 563 4132 ad
591 4067 652 4132 hec
669 4066 855 4151 specialiter
872 4073 1058 4132 vocatorum
1075 4061 1192 4131 consti·

1 4203 3 4228 i
70 4169 184 4238 tnimus
200 4180 232 4239 et
247 4175 392 4258 legitime
408 4176 599 4241 ordinamus
615 4177 649 4240 in
671 4183 801 4241 nostros
816 4179 1023 4256 tractatores,
1038 4195 1192 4258 procura·

70 4281 154 4346 'tores
180 4288 212 4347 et
237 4281 398 4366 syndicos
414 4303 471 4348 seu
488 4302 679 4367 quocunque
696 4283 762 4348 alio
788 4282 883 4349 modo
900 4283 1014 4348 melius
1030 4283 1193 4348 nominari

1 4435 2 4438 η
76 4388 193 4468 possint
208 4391 397 4474 specialiter
414 4397 447 4457 et
463 4393 656 4458 nominatim
674 4391 716 4457 ad
732 4391 965 4459 conferendum
980 4413 1052 4456 cum
1064 4390 1192 4475 quibus·

74 4489 150 4561 libet
173 4496 466 4566 Ambaxiatoribus
492 4507 525 4566 et
559 4501 698 4568 Nunciis
724 4498 930 4566 Serenissimi
948 4499 1070 4566 domiui
1086 4497 1193 4564 Lodo·

1 4588 2 4676 J
76 4600 131 4666 rici
145 4603 208 4672 Dei
226 4608 335 4690 gratia
352 4606 535 4690 Hungsrie,
551 4608 737 4674 Jerusalem
754 4615 789 4674 et
805 4605 917 4674 Sicilie
933 4607 1045 4688 Regis,
1062 4611 1097 4670 et
1120 4619 1193 4672 eunt

1025 4711 1085 4783 20*
