3254 5260
602 411 698 481 1343.
1168 415 1210 484 19

620 614 670 674 18.

109 773 129 833 A
154 775 292 839 odeoczei
324 773 666 858 kormdnytaudcenalr
701 772 849 836 elismerd
879 775 912 836 ds
943 731 1077 840 terreno
1115 775 1209 841 levale

250 861 488 930 Orztrovicziai
504 861 567 924 Pdl
585 861 768 926 dalmatiai
773 862 925 948 storbon.
944 866 1040 928 1343.

188 1021 282 1087 Anno
307 1021 443 1087 Domini
467 1018 727 1087 MOOOXLHL
754 1017 808 1084 die
832 1017 913 1089 VII.
932 1021 1020 1088 Julii
1036 1020 1102 1088 XI.
1121 1021 1211 1088 indic

25 1105 27 1186 5
106 1126 258 1194 tionisOs
266 1135 364 1211 pta:
382 1127 478 1210 Quod
493 1127 690 1192 rescribatur
707 1126 828 1192 Comiti
844 1126 950 1193 Paulo
960 1128 1001 1193 de
1017 1125 1214 1210 Ostrovizis,

25 1233 27 1294 t
107 1235 173 1315 qnod
193 1225 318 1317 semper
344 1236 553 1316 cognovimus
577 1233 700 1298 bonum
725 1255 868 1299 amorem
891 1241 926 1300 et
940 1229 1052 1301 veiam
1066 1235 1213 1301 dilectio·

25 1341 27 1346 ’
106 1361 282 1424 remquam
308 1340 424 1406 habuit
449 1340 491 1405 ad
507 1340 696 1405 Dominium
720 1346 866 1406 nostrum
893 1349 926 1406 et
952 1349 1082 1408 nostros
1097 1341 1212 1407 fideles

25 1469 26 1474 ¹
106 1467 192 1511 onnes
214 1449 254 1514 de
279 1447 428 1530 pertibus
459 1444 640 1528 Solemnis,
673 1468 771 1530 quam
795 1448 900 1513 eciam
922 1469 981 1532 per
1006 1455 1165 1532 tempora,
1181 1453 1215 1513 et

25 1583 26 1590 κ
105 1556 219 1620 maxime
244 1577 327 1620 nune
350 1556 385 1619 in
401 1553 452 1618 his
466 1554 667 1619 novitatibus
684 1561 871 1620 nostrorum
886 1554 1031 1622 fidelium
1048 1555 1088 1620 de
1105 1554 1214 1622 Soibe.

25 1717 26 1748 ἦ
104 1661 180 1724 nieho
201 1663 381 1727 clarissime
406 1661 652 1744 demonstravit,
675 1667 850 1746 propterea
874 1663 963 1746 qnod
979 1684 1090 1728 sumus
1106 1661 1212 1727 eidem

25 1775 26 1814 ³
103 1769 201 1834 nerito
213 1769 371 1853 obligati3
387 1769 542 1853 volentes²
559 1769 647 1851 quod
664 1768 802 1835 firmiter
816 1775 936 1851 teneat,
952 1770 1041 1853 quod
1057 1791 1167 1836 sumus
1183 1777 1216 1834 et

25 1901 27 1922 ³
106 1894 160 1938 esse
174 1876 367 1942 intendimus
380 1878 467 1941 omni
483 1883 627 1960 tempore
637 1876 788 1960 dispositi
804 1877 847 1942 sd
863 1885 990 1959 cuncta,
1005 1899 1068 1962 quo
1083 1877 1148 1942 sint
1163 1877 1214 1942 sui

25 1973 27 2024 ἓ
104 1979 215 2048 honoris
241 1990 275 2048 et
299 1989 416 2063 status,
444 1990 477 2049 et
492 1984 611 2050 habere
627 1985 735 2066 ipsum
752 1989 785 2049 et
799 1991 933 2066 nepotes
949 2005 1025 2049 suos
1041 1991 1074 2050 et
1091 1999 1152 2050 suu'
1165 1983 1214 2050 fn

103 2089 273 2157 vorabiliter
282 2090 520 2174 commendate,
531 2097 564 2157 et
589 2113 662 2155 oum
686 2090 843 2175 predictis
868 2090 975 2157 verbis
999 2098 1033 2157 et
1059 2091 1133 2157 aliis
1157 2091 1216 2158 fist

25 3295 29 3444 t

25 2189 28 2236 5
104 2195 193 2262 eidem
207 2199 327 2264 Comiti
338 2197 446 2263 Paulo
457 2199 631 2281 responsio,
643 2219 706 2280 que
716 2197 872 2263 Dominio
887 2197 1002 2282 pulcre
1016 2203 1051 2263 et
1067 2197 1215 2264 decentio

25 2441 27 2456 ι

25 2469 27 2484 r

25 2539 27 2560 Ι

25 2561 33 2670 Ι,

102 2302 283 2371 ridebuntur.

192 2467 225 2528 (A
240 2465 349 2518 »Hirti«
362 2465 451 2520 criniti
464 2467 974 2535 velenozeidllsmkdnybolXX1.k6t
988 2473 1029 2521 92.
1042 2467 1106 2531 lev.)

576 2629 726 2640 ...-.—-—--—

624 2863 674 2930 19.

100 3024 125 3088 A
140 3009 284 3094 odeoczei
299 3025 642 3113 kormdoytaodcroak
673 3025 880 3108 hotdrozata,
896 3019 978 3115 leopy
994 3051 1016 3092 a
1031 3019 1213 3093 dalmatiai

99 3139 221 3200 udrosok
238 3139 270 3202 ἑο
285 3161 308 3201 a
325 3136 472 3202 dorzoioi
487 3137 637 3200 brielcort
653 3138 807 3223 ezdvetstp
833 3135 1072 3201 eszkozrttmst
1081 3161 1095 3219 ,·
1118 3134 1214 3223 feyp-

246 3243 341 3310 verelr
359 3243 388 3307 is
405 3266 436 3307 ez
452 3243 626 3308 uobttnak
647 3239 940 3330 eop'eddlyeztetnek.
960 3243 1054 3309 1343.

195 3399 290 3466 Anno
315 3399 584 3468 MOOOXLHI.
610 3402 662 3468 die
687 3400 770 3468 VII.
786 3401 880 3470 Julii.
904 3399 1064 3485 Capta:
1080 3398 1164 3470 Visa
1181 3405 1214 3466 et

35 3523 45 3530 ·
97 3501 259 3590 diligenter
283 3510 470 3574 examinato
485 3508 675 3574 Amboxata
694 3511 728 3573 in
745 3509 875 3592 scriptis
891 3508 972 3575 dete
985 3507 1140 3573 Dominio
1156 3523 1216 3590 per

98 3609 347 3681 Ambaxator'em
373 3615 495 3681 domini
512 3614 597 3681 Beni
613 3616 762 3698 Bossine,
778 3623 810 3681 et
825 3615 946 3680 auditis
963 3615 1126 3699 superbis
1143 3612 1215 3678 aliis

96 3722 192 3786 serbis
217 3744 275 3805 per
302 3722 424 3788 dietum
443 3722 703 3788 Ambexutorem
722 3727 873 3788 oretenus
889 3722 1069 3806 explicatis,
1085 3719 1215 3788 videtur
1261 3753 1264 3760 ⁴

97 3823 306 3912 dementibus,
331 3831 478 3914 inspecta
503 3832 650 3914 potentia
661 3831 784 3897 domini
805 3832 907 3896 Beni:
920 3828 1017 3913 Quod
1033 3829 1121 3895 diota
1136 3831 1214 3895 unio

96 3931 206 4000 fuceret
231 3936 367 4002 multum
391 3959 450 4020 pro
476 3936 589 4003 farore
614 3945 801 4003 nostrarum
822 3935 1001 4003 Civitatem
1020 3937 1060 4002 de
1076 3936 1218 4020 Morino,

96 4041 236 4124 ponendo
263 4043 297 4107 in
320 4043 411 4110 diste
435 4045 552 4110 unione
577 4045 703 4129 Regem
730 4044 846 4127 Raris,
872 4047 899 4110 si
924 4066 994 4112 esse
1019 4044 1166 4126 voluerit,
1183 4053 1217 4110 et

98 4147 169 4214 alios
194 4133 344 4217 Berones
370 4151 548 4218 Selavonie.
567 4154 615 4218 Et
631 4152 762 4237 quando
779 4153 886 4219 dietus
901 4150 976 4218 Rex
991 4173 1055 4217 non
1072 4153 1216 4218 attende·

96 4263 140 4320 ret
153 4257 194 4322 ed
210 4257 383 4323 volendum
399 4280 470 4324 esse
485 4260 518 4324 in
535 4262 624 4328 dieta
640 4262 767 4342 unione,
777 4259 926 4326 faciendo
946 4260 1049 4343 ipsam
1066 4264 1100 4324 et
1116 4261 1220 4344 speci·

96 4359 223 4442 fiendo,
251 4365 337 4444 quod
363 4365 452 4431 dicte
475 4368 551 4432 unio
577 4368 781 4450 intelligutur
805 4368 849 4433 ad
864 4367 1084 4433 defensionem
1101 4367 1218 4434 solum-

96 4470 183 4538 nodo
208 4471 352 4536 Bossene
377 4481 410 4538 et
438 4472 586 4540 Partium
612 4476 790 4543 sclavonia.
806 4478 851 4542 nt
866 4477 940 4541 ideo
956 4476 1127 4542 consulunt
1144 4497 1218 4541 oon·

97 4578 240 4660 corditer,
266 4580 349 4659 quod
377 4581 576 4648 coucedatur
602 4583 658 4647 illo
685 4587 781 4648 cuuto
807 4584 912 4664 modo,
933 4604 995 4665 quo
1016 4582 1131 4647 melius
1147 4581 1217 4648 fieri

1060 4692 1100 4756 2*
