3166 5256
380 348 445 409 114
523 349 536 362 ·’
736 331 971 409 nrnnonaozmr
986 346 1153 406 amaran.

432 581 437 590 .
485 523 531 588 Et
555 545 626 590 cum
645 523 766 602 dicant,
780 522 862 588 velle
878 522 927 587 ire
942 521 968 587 J
969 520 1085 588 adram
1100 491 1160 603 pro
1176 517 1371 584 liberatione
1385 533 1484 598 procu-

377 631 481 696 randa
506 651 647 716 suorum,
678 631 780 698 libere
802 636 961 713 quantum
976 650 1034 713 per
1049 648 1109 693 nos
1125 625 1247 693 vadant
1262 625 1305 691 ad
1322 645 1411 691 suum
1424 622 1504 688 libi:

377 746 465 804 tum:
481 760 591 804 verum
608 739 736 806 dicatur
767 741 823 822 eis,
843 736 932 821 quod
946 737 1091 824 habeant
1121 734 1240 802 bonam
1257 732 1432 800 custodiam
1459 735 1486 795 et

375 839 486 916 Curam
502 872 633 916 suarum
643 871 863 934 personarum.

484 980 519 1039 (A
535 981 661 1029 »Secreta
674 980 787 1029 Consilii
801 977 1052 1042 negatorum-bol
1066 976 1121 1026 Lit.
1135 975 1168 1026 A.
1183 977 1236 1026 vol.
1254 977 1290 1036 l.)

901 1157 1023 1165 -----—-·

796 1439 799 1445 ,
904 1392 977 1457 105.

339 1569 343 1577 '
380 1555 435 1619 VI.
453 1553 598 1618 Keleraeu
613 1559 705 1638 pa'pn
722 1551 1210 1640 LLojosmogyarbirdlyboz,
1227 1552 1489 1618 aJdnoscsctc‘s
1553 1583 1558 1618 ·,

376 1664 398 1726 I
399 1665 421 1727 I
422 1664 447 1726 l.
458 1662 611 1727 Kcac'mir
622 1662 744 1749 lcupycl
763 1663 918 1748 tirolyolr
934 1662 1019 1726 tezel
1030 1661 1488 1749 egycacllcasdpektdrpydbua

892 1771 987 1837 1345.

483 1929 633 1997 Clemens
652 1930 839 2016 Episcopus
865 1936 925 1996 etc
951 1930 1120 1998 carissimo
1145 1931 1179 1996 in
1205 1929 1340 1998 Obristo
1356 1928 1489 1996 filiola·
1546 1931 1558 1970 ’ν

377 2037 492 2105 donico
508 2039 594 2124 Regi
610 2040 760 2124 Vngarie
779 2040 900 2106 illustri
926 2041 1065 2106 salutem
1082 2046 1143 2131 etc.
1169 2039 1263 2106 Sicut
1286 2038 1418 2124 Regalis
1433 2038 1489 2103 llx-

361 2146 528 2246 cellentia
544 2170 608 2214 non
625 2153 764 2232 ignorat,
782 2147 905 2214 dudum
919 2149 1006 2214 iuter
1022 2149 1209 2215 carissimos
1225 2148 1259 2213 in
1270 2145 1401 2213 christo
1415 2146 1488 2211 filios
1549 2145 1558 2154 '

376 2261 504 2319 nostros
520 2255 546 2320 J
548 2255 707 2322 ohannem
724 2257 858 2322 Boemie
875 2264 908 2322 et
932 2255 1141 2323 Karimirum
1155 2254 1293 2322 Polonie
1308 2254 1413 2338 Reges
1427 2253 1489 2319 illu·

376 2367 459 2428 stres
476 2365 585 2446 grauis
603 2364 814 2430 dissensionis
830 2364 976 2445 materia,
1000 2385 1060 2447 per
1077 2384 1182 2446 quam,
1197 2363 1292 2430 hoste
1307 2367 1488 2449 procurante
1556 2365 1558 2400 ³

376 2471 510 2536 humani
541 2473 678 2556 generis,
695 2474 737 2538 ad
754 2494 946 2554 guerrarum
963 2479 995 2538 et
1011 2493 1242 2556 congressuum
1257 2473 1422 2539 hostilium
1435 2470 1490 2536 frc-
1556 2513 1558 2518 ,

375 2579 473 2643 mitus
490 2586 716 2663 processerant
731 2581 806 2646 hinc
821 2581 906 2662 inde,
922 2601 982 2648 seu
1000 2569 1215 2648 intendebant
1229 2581 1403 2665 procedere
1418 2579 1489 2664 peri·

375 2684 484 2751 culose
500 2687 634 2753 nimium
657 2692 827 2772 suscitata,
855 2689 990 2755 tandem
1020 2689 1128 2773 Reges
1142 2689 1206 2773 ipsi
1221 2681 1434 2756 mediantibus
1461 2693 1486 2750 et

324 2851 329 2859 .
375 2794 593 2860 tractantibus
609 2796 687 2860 viris
704 2795 849 2878 pacificis
882 2802 1015 2879 treugas
1030 2797 1176 2863 inierunt
1191 2797 1328 2864 invicem
1343 2791 1488 2880 usquead

375 2899 500 2966 instans
519 2901 636 2968 festum
653 2903 752 2969 Beati
777 2905 920 2972 Martini
945 2910 1116 2972 venturum
1141 2905 1287 2988 proximo
1319 2904 1488 2971 duraturas.

376 3007 528 3074 instante
555 3017 653 3075 auten
678 3011 742 3076 fine
767 3019 959 3096 treugarum
983 3014 1128 3097 ipsarum
1154 3034 1213 3080 nos
1237 3016 1399 3095 timentes,
1415 3007 1489 3097 quod

375 3114 438 3197 ipsi
453 3121 527 3198 post
543 3116 666 3183 dictum
681 3123 857 3185 terminum
883 3122 925 3187 ad
950 3142 1145 3205 congressus
1161 3122 1356 3204 huiusmodi,
1379 3143 1418 3188 ex
1432 3119 1489 3206 qui·
1557 3193 1558 3196 Ἴ

374 3221 436 3286 bus
452 3223 563 3306 lapsus
579 3247 695 3309 rerum,
712 3227 837 3294 excidia
863 3249 1084 3314 personarum,
1111 3236 1146 3296 et
1158 3232 1344 3297 animarum
1360 3231 1489 3298 amarius
1556 3275 1558 3328 3

376 3328 580 3412 deploranda
604 3334 759 3415 pericula,
785 3357 844 3401 nec
878 3358 942 3403 non
976 3336 1183 3422 dispendium
1218 3337 1295 3404 fidei
1326 3337 1490 3414 Catholicc,
1556 3411 1558 3424 ι

376 3437 465 3504 cuius
481 3440 590 3506 hostes
606 3440 753 3508 blasfemi
771 3452 804 3510 et
818 3451 1044 3528 persecutores
1060 3446 1128 3512 illis
1143 3448 1294 3530 partibus
1311 3432 1386 3514 sunt
1400 3445 1490 3542 ricini³
1556 3447 1558 3498 ἶ

376 3545 505 3630 aliaque
538 3549 626 3614 mala
656 3551 836 3636 innumera,
864 3537 937 3619 nisi⁴
959 3554 1149 3622 obviaretur
1173 3555 1359 3637 salubriter,
1375 3555 1490 3640 possent
1556 3617 1558 3622 .

377 3653 478 3735 sequi,
502 3665 770 3743 prorumperem
796 3660 901 3725 ateis
927 3682 1097 3728 occurrere
1123 3668 1260 3746 paterne
1291 3659 1490 3759 solicitudinis

376 3761 494 3825 studiis
511 3763 693 3846 cupientes:
710 3765 864 3832 dilectum
889 3766 994 3834 filium
1018 3769 1219 3853 Magistrum
1236 3769 1444 3838 Guillelmum
1459 3768 1490 3833 dc
1557 3761 1558 3778 ³

375 3867 530 3933 Pusterla
546 3869 754 3954 Prepositum
770 3875 917 3942 Ecclesia
944 3877 1156 3944 Posoniensis
1174 3877 1410 3962 Strigoniensis
1425 3879 1492 3944 Dio
1557 3863 1558 3944 ]

375 3974 465 4058 cesis,
482 3975 697 4062 Capellanum
715 3989 872 4066 nostrum,
889 3982 1079 4068 Apostolice
1096 3985 1191 4054 Sedis
1208 3991 1379 4072 Nuntium,
1398 3990 1490 4054 virum
1556 3967 1558 4038 j

375 4085 487 4168 utique
503 4084 690 4154 litterarum
708 4090 843 4157 scientia
859 4093 1032 4176 preditum,
1050 4093 1220 4162 fidelitatis
1238 4103 1272 4163 et
1298 4095 1490 4165 discret-ionis
1557 4087 1558 4090 '

375 4195 565 4259 maturitate
582 4196 798 4281 conspicuum,
830 4202 931 4284 pacis,
956 4202 1114 4286 veritatis,
1131 4212 1167 4272 at
1182 4206 1307 4272 iustitie
1324 4205 1492 4284 zelatorem,

377 4297 420 4362 ad
437 4300 633 4392 eorumdem·
648 4304 776 4389 Regum
801 4309 1003 4393 presentiam
1029 4318 1062 4376 et
1088 4319 1201 4396 partes
1216 4314 1291 4380 illas
1305 4314 1492 4400 providimus
1556 4359 1558 4400 2

376 4413 551 4489 propterea
569 4433 640 4478 oum
656 4417 777 4482 nostris
794 4419 963 4501 oportunis
981 4421 1102 4486 litteris
1128 4423 1318 4507 specialiter
1343 4425 1492 4492 destinan·

378 4515 463 4580 dum.
480 4515 641 4586 Verentes
658 4545 796 4608 quoque,
811 4528 900 4610 quod
925 4527 1012 4594 infra
1041 4533 1217 4598 instantem
1233 4538 1418 4618 treugarum
1433 4549 1492 4616 pre
1556 4519 1558 4634 Ξ

1555 4683 1558 4818 i
