3108 5246
606 361 701 430 1351.

614 677 689 740 331.

1 895 2 900 1
75 850 98 916 I.
114 849 279 916 ιῙοΙιαηηα,
295 853 429 918 sicilici
446 853 601 938 kirrilync‘
616 856 649 918 c'a
667 853 821 918 Tar-auor·
837 853 1009 937 Lojoanak
1025 878 1047 916 o
1055 853 1213 940 florencai

485 963 705 1049 kdatdrsooo'p.
725 964 821 1026 1351.

9 1201 12 1206 Δ
176 1119 314 1203 Regum
329 1120 452 1186 inclite.
468 1117 676 1188 Ambaxator
693 1120 891 1186 Serenitatis
906 1118 1024 1188 Vestra
1040 1122 1082 1190 ad
1098 1127 1211 1206 partes

1 1308 2 1312 Ἰ
71 1225 243 1308 Ungharie
259 1225 390 1311 pridem
406 1225 564 1293 accedens
577 1228 777 1313 presentiam
787 1234 932 1293 nostram
943 1227 1057 1312 adhiit,
1068 1228 1209 1312 quedam

1 1371 2 1374 =
70 1332 239 1402 deuocioni
268 1343 385 1402 nostre
409 1336 553 1403 referens
577 1359 638 1421 pro
663 1345 758 1423 parte
786 1337 983 1404 Serenitatis
999 1337 1108 1403 affata.
1127 1339 1210 1407 Post

1 1519 2 1524 γ
69 1462 127 1523 que
141 1441 183 1507 de
210 1444 377 1527 predictis
404 1446 553 1528 partibus
579 1467 696 1531 gressu
720 1445 810 1511 felici
834 1446 1026 1529 repatrians,
1050 1446 1156 1511 deiruo
1172 1469 1208 1512 se

67 1557 175 1615 nostro
202 1553 399 1635 conspectui
424 1555 638 1636 presentauit,
663 1551 791 1634 dicens3
817 1551 1025 1618 concordiam
1051 1574 1120 1620 esse
1136 1574 1208 1638 per·

1 1667 2 1746 J
67 1656 184 1724 lectam
202 1662 295 1724 inter
312 1658 531 1728 Serenitatem
546 1660 701 1728 Vestram
717 1668 749 1726 et
764 1660 912 1726 inclitum
928 1659 1054 1743 Regem
1070 1660 1206 1743 ngha·

66 1767 119 1830 rie.
134 1765 188 1832 De
207 1768 333 1852 quibus
349 1769 575 1850 consideratis,
591 1769 677 1852 qnod
694 1789 888 1852 guerrarum
914 1767 1154 1834 discriminibus
1171 1775 1205 1834 et

65 1873 186 1956 ceteris
215 1896 284 1958 que
308 1897 368 1959 par
392 1876 591 1943 discordiam
623 1878 830 1956 suscitantur,
845 1867 1021 1961 presertim
1034 1876 1121 1942 inter
1137 1898 1203 1956 eos,

65 1999 144 2060 quos
170 1991 299 2052 natura
324 1985 492 2065 sauguinis
515 1983 698 2068 ydentitate
723 1985 899 2065 coniunxit,
924 1983 998 2048 finis
1014 1984 1202 2068 imponitur,

65 2088 217 2172 quodque
245 2090 453 2174 captivorum
476 2091 653 2176 Regalium
676 2093 827 2158 liberatio
850 2098 900 2157 est
916 2091 1139 2157 verisimiliter
1154 2115 1202 2158 se-

63 2201 186 2280 cutura,
198 2218 269 2280 qne
285 2219 345 2282 pre
356 2198 474 2263 ceteris
486 2197 614 2265 deuotis
624 2198 740 2282 Regiis
750 2198 844 2264 nobis
854 2200 963 2266 extitit
972 2198 1201 2266 molestissima

62 2310 95 2366 et
109 2325 264 2390 grarosa,
290 2305 387 2371 letati
412 2327 523 2372 sumus
547 2305 672 2389 ingenti
696 2305 817 2390 gaudio
844 2311 877 2371 et
893 2305 1091 2372 exultatione
1108 2307 1201 2372 roho·

63 2410 177 2493 menti,
203 2412 291 2492 Dec,
319 2413 371 2478 cui
388 2420 498 2478 omnia
515 2413 670 2494 serviunt,
695 2416 823 2496 gratias
840 2420 1043 2496 peragentes.
1059 2413 1105 2479 Et
1121 2418 1199 2500 quia

62 2515 218 2583 Eiusdem
236 2517 376 2584 Oratori
391 2520 592 2605 expositione
607 2520 769 2604 prudente
786 2520 933 2586 dedimus
953 2523 1196 2606 responsionem

1 2699 2 2702 Ἴ
62 2620 181 2690 Vestra
190 2623 368 2692 Maiestati
389 2635 539 2693 oretenus
550 2626 772 2710 referendam3
791 2628 938 2694 breuiter
948 2627 1065 2694 barum
1075 2631 1196 2712 pagina

61 2739 277 2816 transeuntes,
303 2738 524 2821 supplicamus
548 2735 675 2820 Eidem,
700 2744 862 2821 quatenus
891 2737 1070 2803 devotionis
1086 2745 1196 2803 nostre

62 2843 221 2929 recondes,
253 2845 432 2928 dignemini
463 2843 738 2911 communitatem
765 2844 922 2911 Nostram
952 2852 984 2909 et
1009 2843 1080 2910 Nos
1110 2845 1195 2912 iuter·

1 3013 2 3020 ,
61 2945 192 3016 devotos
218 2951 345 3035 Regios
371 2974 580 3035 conservare;
606 2956 664 3036 qui
690 2961 848 3037 quantum
879 2951 1082 3038 possibilitas
1098 2953 1193 3020 nobis

1 3061 2 3152 J
61 3055 196 3144 adesset,
214 3059 375 3126 habemus
401 3063 526 3127 animos
542 3062 661 3146 Regiis
677 3063 806 3147 placitis
821 3060 1092 3138 irremissibiliter
1108 3083 1192 3127 com·

1 3235 2 3240 ἵ
60 3163 195 3246 placere.
210 3167 305 3234 Data
320 3167 493 3236 Florencie
510 3169 562 3236 die
580 3169 666 3238 ΧΠ.
691 3170 716 3238 J
718 3170 786 3237 unii
801 3169 889 3236 IIII.
906 3169 1102 3236 indictionis.

163 3312 256 3374 (Filza
274 3313 309 3363 X.
335 3315 398 3366 dist.
420 3317 442 3366 Ι.
467 3315 580 3381 Siguori
605 3317 762 3382 Carteggio.
789 3317 901 3369 Misrive
923 3325 963 3369 lo.
979 3317 1193 3382 sz.;alloreuzi

60 3396 252 3464 levtltsrban.)

594 3701 669 3758 332.

62 3847 86 3911 A
104 3851 256 3918 uelenczei
282 3854 626 3941 icor-oro'aytarnicanulc
652 3859 843 3922 kaidrozutu
861 3883 882 3922 a
900 3882 1043 3944 aricrpyar
1059 3858 1185 3943 aii-ets

269 3962 339 4049 lyci
351 3962 486 4028 kdteradc'i
504 3965 647 4051 bekesadp
664 3967 855 4052 tcirpyddan.
874 3968 969 4030 1351.

159 4119 260 4186 Anno
285 4119 471 4188 MCOCLI.
497 4123 550 4188 die
565 4123 681 4189 ultimo
697 4125 800 4192 Junii.
826 4126 985 4208 Capta:
1002 4121 1135 4189 Auditis
1152 4134 1184 4192 et

60 4223 227 4297 intellectis
244 4233 316 4313 hiis,
332 4255 395 4316 que
411 4235 561 4318 exposuit
585 4234 702 4299 nobilis
720 4236 769 4300 vir
786 4259 838 4300 ser
863 4235 997 4300 Marcus
1014 4235 1183 4318 Ceruario,

60 4333 260 4405 Ambaxator
277 4348 398 4420 noster,
424 4351 456 4408 et
482 4345 582 4407 etiarn
599 4343 640 4408 de
657 4343 745 4408 lacto
762 4346 894 4412 Notarii
910 4347 1016 4410 nostri
1032 4347 1121 4410 missi
1140 4345 1182 4410 ad

60 4439 215 4512 domiuum
240 4447 364 4531 Regem
391 4449 581 4533 Hungarie;
597 4451 770 4516 consulunt
795 4454 968 4535 sapientae,
992 4453 1079 4536 quod
1094 4453 1181 4518 idem

60 4569 105 4616 ser
118 4555 253 4622 Marcus
278 4556 387 4624 redire
413 4556 533 4624 debeat
548 4557 678 4625 Artium
705 4560 747 4626 ad
763 4561 867 4626 socios
883 4583 967 4642 suos,
983 4569 1016 4627 et
1032 4584 1090 4649 per
1107 4585 1181 4633 con.
