<?xml version="1.0" encoding="UTF-8"?>
<!DOCTYPE html PUBLIC "-//W3C//DTD XHTML 1.0 Transitional//EN"
    "http://www.w3.org/TR/xhtml1/DTD/xhtml1-transitional.dtd">
<html xmlns="http://www.w3.org/1999/xhtml" xml:lang="en" lang="en">
 <head>
  <title>
</title>
<meta http-equiv="Content-Type" content="text/html;charset=utf-8" />
  <meta name='ocr-system' content='tesseract 3.04.00' />
  <meta name='ocr-capabilities' content='ocr_page ocr_carea ocr_par ocr_line ocrx_word'/>
</head>
<body>
  <div class='ocr_page' id='page_1' title='image "./magyardiplomacz01wenzgoog_0380.png"; bbox 0 0 3108 5246; ppageno 0'>
   <div class='ocr_carea' id='block_1_1' title="bbox 346 336 1128 400">
    <p class='ocr_par' dir='ltr' id='par_1_1' title="bbox 346 336 1128 400">
     <span class='ocr_line' id='line_1_1' title="bbox 346 336 1128 400; baseline -0.006 -1"><span class='ocrx_word' id='word_1_1' title='bbox 346 336 411 400; x_wconf 84' lang='lat'><strong>344</strong></span> <span class='ocrx_word' id='word_1_2' title='bbox 695 351 945 400; x_wconf 74' lang='lat' dir='ltr'><strong>,nrrnouaozmr</strong></span> <span class='ocrx_word' id='word_1_3' title='bbox 961 339 1128 396; x_wconf 68' lang='lat' dir='ltr'><strong>ambram</strong></span> 
     </span>
    </p>
   </div>
   <div class='ocr_carea' id='block_1_2' title="bbox 274 506 1546 4504">
    <p class='ocr_par' dir='ltr' id='par_1_2' title="bbox 274 506 1546 2869">
     <span class='ocr_line' id='line_1_2' title="bbox 344 506 1460 596; baseline -0.004 -18"><span class='ocrx_word' id='word_1_4' title='bbox 344 519 396 578; x_wconf 90' lang='lat' dir='ltr'><strong>ter</strong></span> <span class='ocrx_word' id='word_1_5' title='bbox 421 534 528 592; x_wconf 86' lang='lat' dir='ltr'><strong>orare,</strong></span> <span class='ocrx_word' id='word_1_6' title='bbox 552 519 589 578; x_wconf 92' lang='lat' dir='ltr'><strong>ut</strong></span> <span class='ocrx_word' id='word_1_7' title='bbox 613 533 673 596; x_wconf 90' lang='lat' dir='ltr'><strong>pro</strong></span> <span class='ocrx_word' id='word_1_8' title='bbox 700 512 822 578; x_wconf 89' lang='lat' dir='ltr'><strong>honore</strong></span> <span class='ocrx_word' id='word_1_9' title='bbox 838 509 903 577; x_wconf 86' lang='lat' dir='ltr'><strong>Sue</strong></span> <span class='ocrx_word' id='word_1_10' title='bbox 920 509 1132 578; x_wconf 73' lang='lat' dir='ltr'><strong>serenissime</strong></span> <span class='ocrx_word' id='word_1_11' title='bbox 1147 510 1337 577; x_wconf 73' lang='lat' dir='ltr'><strong>Maiestatis</strong></span> <span class='ocrx_word' id='word_1_12' title='bbox 1354 510 1393 577; x_wconf 87' lang='lat' dir='ltr'><strong>ad</strong></span> <span class='ocrx_word' id='word_1_13' title='bbox 1407 506 1460 574; x_wconf 86' lang='lat' dir='ltr'><strong>ius·</strong></span> 
     </span>
     <span class='ocr_line' id='line_1_3' title="bbox 346 617 1539 704; baseline -0.004 -17"><span class='ocrx_word' id='word_1_14' title='bbox 346 620 421 688; x_wconf 90' lang='lat' dir='ltr'><strong>ticie</strong></span> <span class='ocrx_word' id='word_1_15' title='bbox 445 623 480 684; x_wconf 92' lang='lat' dir='ltr'><strong>et</strong></span> <span class='ocrx_word' id='word_1_16' title='bbox 505 624 617 685; x_wconf 86' lang='lat' dir='ltr'><strong>nostre</strong></span> <span class='ocrx_word' id='word_1_17' title='bbox 641 617 914 686; x_wconf 87' lang='lat' dir='ltr'><strong>consideraciouis</strong></span> <span class='ocrx_word' id='word_1_18' title='bbox 938 619 1102 700; x_wconf 90' lang='lat' dir='ltr'><strong>intuitum,</strong></span> <span class='ocrx_word' id='word_1_19' title='bbox 1119 620 1177 703; x_wconf 92' lang='lat' dir='ltr'><strong>qui</strong></span> <span class='ocrx_word' id='word_1_20' title='bbox 1193 640 1321 704; x_wconf 82' lang='lat' dir='ltr'><strong>semper</strong></span> <span class='ocrx_word' id='word_1_21' title='bbox 1336 626 1369 684; x_wconf 88' lang='lat' dir='ltr'><strong>et</strong></span> <span class='ocrx_word' id='word_1_22' title='bbox 1383 617 1460 685; x_wconf 85' lang='lat' dir='ltr'><strong>omui</strong></span> <span class='ocrx_word' id='word_1_23' title='bbox 1529 676 1539 693; x_wconf 87' lang='grc'><strong>,</strong></span> 
     </span>
     <span class='ocr_line' id='line_1_4' title="bbox 274 726 1464 814; baseline -0.003 -20"><span class='ocrx_word' id='word_1_24' title='bbox 274 729 278 741; x_wconf 91' lang='grc'><strong>’</strong></span> <span class='ocrx_word' id='word_1_25' title='bbox 344 735 490 812; x_wconf 89' lang='lat' dir='ltr'><strong>tempore</strong></span> <span class='ocrx_word' id='word_1_26' title='bbox 514 727 682 793; x_wconf 82' lang='lat' dir='ltr'><strong>reddimur</strong></span> <span class='ocrx_word' id='word_1_27' title='bbox 697 727 740 794; x_wconf 90' lang='lat' dir='ltr'><strong>ad</strong></span> <span class='ocrx_word' id='word_1_28' title='bbox 756 727 825 793; x_wconf 91' lang='lat' dir='ltr'><strong>eius</strong></span> <span class='ocrx_word' id='word_1_29' title='bbox 850 726 1056 811; x_wconf 89' lang='lat' dir='ltr'><strong>beneplacita</strong></span> <span class='ocrx_word' id='word_1_30' title='bbox 1081 732 1115 792; x_wconf 89' lang='lat' dir='ltr'><strong>et</strong></span> <span class='ocrx_word' id='word_1_31' title='bbox 1129 733 1227 812; x_wconf 89' lang='lat' dir='ltr'><strong>grata</strong></span> <span class='ocrx_word' id='word_1_32' title='bbox 1243 727 1391 814; x_wconf 78' lang='lat' dir='ltr'><strong>dispositi</strong></span> <span class='ocrx_word' id='word_1_33' title='bbox 1405 727 1464 791; x_wconf 83' lang='lat' dir='ltr'><strong>leta</strong></span> 
     </span>
     <span class='ocr_line' id='line_1_5' title="bbox 346 832 1465 920; baseline -0.003 -19"><span class='ocrx_word' id='word_1_34' title='bbox 346 841 474 918; x_wconf 87' lang='lat' dir='ltr'><strong>mente;</strong></span> <span class='ocrx_word' id='word_1_35' title='bbox 500 834 653 920; x_wconf 85' lang='lat' dir='ltr'><strong>dignetur</strong></span> <span class='ocrx_word' id='word_1_36' title='bbox 679 841 713 900; x_wconf 90' lang='lat' dir='ltr'><strong>et</strong></span> <span class='ocrx_word' id='word_1_37' title='bbox 737 836 816 901; x_wconf 84' lang='lat' dir='ltr'><strong>uelit</strong></span> <span class='ocrx_word' id='word_1_38' title='bbox 840 835 996 901; x_wconf 89' lang='lat' dir='ltr'><strong>ordinare</strong></span> <span class='ocrx_word' id='word_1_39' title='bbox 1012 832 1196 916; x_wconf 87' lang='lat' dir='ltr'><strong>efficaciter,</strong></span> <span class='ocrx_word' id='word_1_40' title='bbox 1221 839 1256 901; x_wconf 90' lang='lat' dir='ltr'><strong>et</strong></span> <span class='ocrx_word' id='word_1_41' title='bbox 1275 856 1348 900; x_wconf 91' lang='lat' dir='ltr'><strong>cum</strong></span> <span class='ocrx_word' id='word_1_42' title='bbox 1363 833 1465 900; x_wconf 87' lang='lat' dir='ltr'><strong>effectu</strong></span> 
     </span>
     <span class='ocr_line' id='line_1_6' title="bbox 348 943 1546 1080; baseline 0 -72"><span class='ocrx_word' id='word_1_43' title='bbox 348 945 515 1045; x_wconf 67' lang='lat' dir='ltr'><strong>mandare,</strong></span> <span class='ocrx_word' id='word_1_44' title='bbox 541 945 629 1029; x_wconf 91' lang='lat' dir='ltr'><strong>quod</strong></span> <span class='ocrx_word' id='word_1_45' title='bbox 654 945 735 1030; x_wconf 89' lang='lat' dir='ltr'><strong>ipsis</strong></span> <span class='ocrx_word' id='word_1_46' title='bbox 760 945 882 1011; x_wconf 88' lang='lat' dir='ltr'><strong>nostris</strong></span> <span class='ocrx_word' id='word_1_47' title='bbox 906 943 1055 1010; x_wconf 86' lang='lat' dir='ltr'><strong>fidelibus</strong></span> <span class='ocrx_word' id='word_1_48' title='bbox 1079 944 1120 1011; x_wconf 92' lang='lat' dir='ltr'><strong>de</strong></span> <span class='ocrx_word' id='word_1_49' title='bbox 1144 945 1309 1028; x_wconf 80' lang='lat' dir='ltr'><strong>Raguxio,</strong></span> <span class='ocrx_word' id='word_1_50' title='bbox 1343 965 1465 1027; x_wconf 89' lang='lat' dir='ltr'><strong>quorum</strong></span> <span class='ocrx_word' id='word_1_51' title='bbox 1541 975 1546 1080; x_wconf 69' lang='grc'>1</span> 
     </span>
     <span class='ocr_line' id='line_1_7' title="bbox 347 1053 1466 1146; baseline -0.004 -26"><span class='ocrx_word' id='word_1_52' title='bbox 347 1053 516 1122; x_wconf 87' lang='lat' dir='ltr'><strong>commoda</strong></span> <span class='ocrx_word' id='word_1_53' title='bbox 526 1058 559 1120; x_wconf 89' lang='lat' dir='ltr'><strong>ct</strong></span> <span class='ocrx_word' id='word_1_54' title='bbox 569 1059 776 1138; x_wconf 80' lang='lat' dir='ltr'><strong>augmentum</strong></span> <span class='ocrx_word' id='word_1_55' title='bbox 786 1059 955 1137; x_wconf 79' lang='lat' dir='ltr'><strong>tamquam</strong></span> <span class='ocrx_word' id='word_1_56' title='bbox 964 1053 1085 1120; x_wconf 90' lang='lat' dir='ltr'><strong>bouum</strong></span> <span class='ocrx_word' id='word_1_57' title='bbox 1094 1053 1264 1138; x_wconf 91' lang='lat' dir='ltr'><strong>proprium</strong></span> <span class='ocrx_word' id='word_1_58' title='bbox 1279 1057 1466 1146; x_wconf 78' lang='lat' dir='ltr'><strong>reputamus¹</strong></span> 
     </span>
     <span class='ocr_line' id='line_1_8' title="bbox 348 1160 1468 1246; baseline 0 -19"><span class='ocrx_word' id='word_1_59' title='bbox 348 1167 382 1228; x_wconf 88' lang='lat' dir='ltr'><strong>et</strong></span> <span class='ocrx_word' id='word_1_60' title='bbox 407 1163 557 1227; x_wconf 83' lang='lat' dir='ltr'><strong>continue</strong></span> <span class='ocrx_word' id='word_1_61' title='bbox 582 1182 796 1245; x_wconf 86' lang='lat' dir='ltr'><strong>procuramus</strong></span> <span class='ocrx_word' id='word_1_62' title='bbox 820 1161 862 1227; x_wconf 93' lang='lat' dir='ltr'><strong>de</strong></span> <span class='ocrx_word' id='word_1_63' title='bbox 887 1160 958 1244; x_wconf 89' lang='lat' dir='ltr'><strong>hiis,</strong></span> <span class='ocrx_word' id='word_1_64' title='bbox 975 1184 1037 1246; x_wconf 89' lang='lat' dir='ltr'><strong>que</strong></span> <span class='ocrx_word' id='word_1_65' title='bbox 1053 1160 1096 1228; x_wconf 89' lang='lat' dir='ltr'><strong>ab</strong></span> <span class='ocrx_word' id='word_1_66' title='bbox 1112 1162 1159 1228; x_wconf 87' lang='lat' dir='ltr'><strong>eis</strong></span> <span class='ocrx_word' id='word_1_67' title='bbox 1175 1161 1318 1228; x_wconf 85' lang='lat' dir='ltr'><strong>indebite</strong></span> <span class='ocrx_word' id='word_1_68' title='bbox 1335 1161 1468 1227; x_wconf 81' lang='lat' dir='ltr'><strong>suntab</strong></span> 
     </span>
     <span class='ocr_line' id='line_1_9' title="bbox 346 1268 1468 1354; baseline -0.002 -20"><span class='ocrx_word' id='word_1_69' title='bbox 346 1269 426 1350; x_wconf 87' lang='lat' dir='ltr'><strong>lata,</strong></span> <span class='ocrx_word' id='word_1_70' title='bbox 441 1292 479 1335; x_wconf 90' lang='lat' dir='ltr'><strong>ac</strong></span> <span class='ocrx_word' id='word_1_71' title='bbox 495 1270 536 1335; x_wconf 91' lang='lat' dir='ltr'><strong>de</strong></span> <span class='ocrx_word' id='word_1_72' title='bbox 553 1269 703 1354; x_wconf 85' lang='lat' dir='ltr'><strong>dampnis</strong></span> <span class='ocrx_word' id='word_1_73' title='bbox 727 1268 873 1353; x_wconf 89' lang='lat' dir='ltr'><strong>siugulis,</strong></span> <span class='ocrx_word' id='word_1_74' title='bbox 888 1268 1110 1353; x_wconf 75' lang='lat' dir='ltr'><strong>gravitatibus</strong></span> <span class='ocrx_word' id='word_1_75' title='bbox 1126 1274 1160 1335; x_wconf 88' lang='lat' dir='ltr'><strong>et</strong></span> <span class='ocrx_word' id='word_1_76' title='bbox 1174 1269 1343 1351; x_wconf 85' lang='lat' dir='ltr'><strong>molestiis,</strong></span> <span class='ocrx_word' id='word_1_77' title='bbox 1359 1268 1403 1334; x_wconf 89' lang='lat' dir='ltr'><strong>eis</strong></span> <span class='ocrx_word' id='word_1_78' title='bbox 1417 1289 1468 1352; x_wconf 91' lang='lat' dir='ltr'><strong>per</strong></span> 
     </span>
     <span class='ocr_line' id='line_1_10' title="bbox 348 1375 1466 1462; baseline -0.003 -18"><span class='ocrx_word' id='word_1_79' title='bbox 348 1375 516 1444; x_wconf 85' lang='lat' dir='ltr'><strong>Officialcs</strong></span> <span class='ocrx_word' id='word_1_80' title='bbox 541 1378 643 1461; x_wconf 84' lang='lat' dir='ltr'><strong>Regis</strong></span> <span class='ocrx_word' id='word_1_81' title='bbox 666 1376 833 1462; x_wconf 89' lang='lat' dir='ltr'><strong>irrogatis,</strong></span> <span class='ocrx_word' id='word_1_82' title='bbox 848 1377 908 1443; x_wconf 88' lang='lat' dir='ltr'><strong>fiat</strong></span> <span class='ocrx_word' id='word_1_83' title='bbox 925 1376 1111 1444; x_wconf 83' lang='lat' dir='ltr'><strong>satisfaccio</strong></span> <span class='ocrx_word' id='word_1_84' title='bbox 1136 1377 1248 1444; x_wconf 88' lang='lat' dir='ltr'><strong>debita</strong></span> <span class='ocrx_word' id='word_1_85' title='bbox 1265 1382 1299 1444; x_wconf 89' lang='lat' dir='ltr'><strong>et</strong></span> <span class='ocrx_word' id='word_1_86' title='bbox 1314 1376 1466 1460; x_wconf 85' lang='lat' dir='ltr'><strong>condigna</strong></span> 
     </span>
     <span class='ocr_line' id='line_1_11' title="bbox 348 1484 1467 1571; baseline -0.004 -19"><span class='ocrx_word' id='word_1_87' title='bbox 348 1486 469 1567; x_wconf 87' lang='lat' dir='ltr'><strong>taliter,</strong></span> <span class='ocrx_word' id='word_1_88' title='bbox 494 1485 581 1570; x_wconf 88' lang='lat' dir='ltr'><strong>quod</strong></span> <span class='ocrx_word' id='word_1_89' title='bbox 607 1484 752 1562; x_wconf 82' lang='lat' dir='ltr'><strong>habeant</strong></span> <span class='ocrx_word' id='word_1_90' title='bbox 776 1487 892 1553; x_wconf 88' lang='lat' dir='ltr'><strong>merito</strong></span> <span class='ocrx_word' id='word_1_91' title='bbox 909 1488 1105 1570; x_wconf 84' lang='lat' dir='ltr'><strong>contentari,</strong></span> <span class='ocrx_word' id='word_1_92' title='bbox 1121 1488 1217 1553; x_wconf 86' lang='lat' dir='ltr'><strong>ateis</strong></span> <span class='ocrx_word' id='word_1_93' title='bbox 1234 1509 1335 1554; x_wconf 90' lang='lat' dir='ltr'><strong>causa</strong></span> <span class='ocrx_word' id='word_1_94' title='bbox 1347 1484 1467 1571; x_wconf 84' lang='lat' dir='ltr'><strong>querele</strong></span> 
     </span>
     <span class='ocr_line' id='line_1_12' title="bbox 348 1593 1471 1680; baseline 0.002 -22"><span class='ocrx_word' id='word_1_95' title='bbox 348 1594 487 1678; x_wconf 89' lang='lat' dir='ltr'><strong>amplius</strong></span> <span class='ocrx_word' id='word_1_96' title='bbox 503 1615 568 1659; x_wconf 91' lang='lat' dir='ltr'><strong>non</strong></span> <span class='ocrx_word' id='word_1_97' title='bbox 584 1595 733 1678; x_wconf 87' lang='lat' dir='ltr'><strong>supersit</strong></span> <span class='ocrx_word' id='word_1_98' title='bbox 744 1595 883 1662; x_wconf 88' lang='lat' dir='ltr'><strong>Mandet</strong></span> <span class='ocrx_word' id='word_1_99' title='bbox 897 1617 1026 1680; x_wconf 90' lang='lat' dir='ltr'><strong>quoque</strong></span> <span class='ocrx_word' id='word_1_100' title='bbox 1043 1602 1077 1661; x_wconf 90' lang='lat' dir='ltr'><strong>et</strong></span> <span class='ocrx_word' id='word_1_101' title='bbox 1093 1593 1162 1662; x_wconf 85' lang='lat' dir='ltr'><strong>Suc</strong></span> <span class='ocrx_word' id='word_1_102' title='bbox 1179 1593 1283 1661; x_wconf 81' lang='lat' dir='ltr'><strong>Clara</strong></span> <span class='ocrx_word' id='word_1_103' title='bbox 1299 1595 1471 1673; x_wconf 71' lang='lat' dir='ltr'><strong>serenitas,-</strong></span> 
     </span>
     <span class='ocr_line' id='line_1_13' title="bbox 348 1702 1465 1789; baseline 0.001 -22"><span class='ocrx_word' id='word_1_104' title='bbox 348 1707 382 1767; x_wconf 91' lang='lat' dir='ltr'><strong>et</strong></span> <span class='ocrx_word' id='word_1_105' title='bbox 406 1703 535 1768; x_wconf 88' lang='lat' dir='ltr'><strong>ordinet</strong></span> <span class='ocrx_word' id='word_1_106' title='bbox 559 1725 634 1772; x_wconf 92' lang='lat' dir='ltr'><strong>cum</strong></span> <span class='ocrx_word' id='word_1_107' title='bbox 658 1702 784 1786; x_wconf 83' lang='lat' dir='ltr'><strong>effectu,</strong></span> <span class='ocrx_word' id='word_1_108' title='bbox 807 1705 893 1789; x_wconf 94' lang='lat' dir='ltr'><strong>quod</strong></span> <span class='ocrx_word' id='word_1_109' title='bbox 910 1704 973 1787; x_wconf 89' lang='lat' dir='ltr'><strong>ipsi</strong></span> <span class='ocrx_word' id='word_1_110' title='bbox 988 1705 1140 1788; x_wconf 86' lang='lat' dir='ltr'><strong>Raguxie</strong></span> <span class='ocrx_word' id='word_1_111' title='bbox 1155 1704 1340 1788; x_wconf 86' lang='lat' dir='ltr'><strong>privilegiis</strong></span> <span class='ocrx_word' id='word_1_112' title='bbox 1356 1711 1388 1768; x_wconf 91' lang='lat' dir='ltr'><strong>et</strong></span> <span class='ocrx_word' id='word_1_113' title='bbox 1403 1724 1465 1788; x_wconf 88' lang='lat' dir='ltr'><strong>pro·</strong></span> 
     </span>
     <span class='ocr_line' id='line_1_14' title="bbox 349 1809 1468 1895; baseline -0.001 -21"><span class='ocrx_word' id='word_1_114' title='bbox 349 1811 556 1877; x_wconf 89' lang='lat' dir='ltr'><strong>missionibus</strong></span> <span class='ocrx_word' id='word_1_115' title='bbox 572 1811 739 1895; x_wconf 80' lang='lat' dir='ltr'><strong>gaudeant</strong></span> <span class='ocrx_word' id='word_1_116' title='bbox 753 1833 792 1878; x_wconf 90' lang='lat' dir='ltr'><strong>ac</strong></span> <span class='ocrx_word' id='word_1_117' title='bbox 807 1811 1067 1878; x_wconf 88' lang='lat' dir='ltr'><strong>immunitatibus</strong></span> <span class='ocrx_word' id='word_1_118' title='bbox 1082 1819 1116 1878; x_wconf 87' lang='lat' dir='ltr'><strong>et</strong></span> <span class='ocrx_word' id='word_1_119' title='bbox 1131 1810 1299 1877; x_wconf 87' lang='lat' dir='ltr'><strong>beneficiis</strong></span> <span class='ocrx_word' id='word_1_120' title='bbox 1315 1812 1350 1875; x_wconf 90' lang='lat' dir='ltr'><strong>in</strong></span> <span class='ocrx_word' id='word_1_121' title='bbox 1365 1809 1468 1893; x_wconf 86' lang='lat' dir='ltr'><strong>Regno</strong></span> 
     </span>
     <span class='ocr_line' id='line_1_15' title="bbox 351 1917 1468 2003; baseline -0.001 -20"><span class='ocrx_word' id='word_1_122' title='bbox 351 1939 417 2003; x_wconf 90' lang='lat' dir='ltr'><strong>suo,</strong></span> <span class='ocrx_word' id='word_1_123' title='bbox 441 1917 559 2002; x_wconf 91' lang='lat' dir='ltr'><strong>quibus</strong></span> <span class='ocrx_word' id='word_1_124' title='bbox 574 1940 595 1984; x_wconf 89' lang='lat' dir='ltr'><strong>a</strong></span> <span class='ocrx_word' id='word_1_125' title='bbox 610 1917 716 2002; x_wconf 90' lang='lat' dir='ltr'><strong>longis</strong></span> <span class='ocrx_word' id='word_1_126' title='bbox 733 1926 822 1986; x_wconf 90' lang='lat' dir='ltr'><strong>retro</strong></span> <span class='ocrx_word' id='word_1_127' title='bbox 837 1919 1042 2003; x_wconf 91' lang='lat' dir='ltr'><strong>temporibus</strong></span> <span class='ocrx_word' id='word_1_128' title='bbox 1058 1927 1134 1987; x_wconf 90' lang='lat' dir='ltr'><strong>sunt</strong></span> <span class='ocrx_word' id='word_1_129' title='bbox 1151 1919 1255 2001; x_wconf 80' lang='lat' dir='ltr'><strong>gavisi</strong></span> <span class='ocrx_word' id='word_1_130' title='bbox 1269 1942 1276 2001; x_wconf 90' lang='lat'>;</span> <span class='ocrx_word' id='word_1_131' title='bbox 1292 1920 1343 1986; x_wconf 85' lang='lat' dir='ltr'><strong>ita</strong></span> <span class='ocrx_word' id='word_1_132' title='bbox 1358 1923 1394 1983; x_wconf 88' lang='lat' dir='ltr'><strong>ut</strong></span> <span class='ocrx_word' id='word_1_133' title='bbox 1408 1939 1468 1982; x_wconf 87' lang='lat' dir='ltr'><strong>res·</strong></span> 
     </span>
     <span class='ocr_line' id='line_1_16' title="bbox 353 2025 1539 2112; baseline -0.004 -17"><span class='ocrx_word' id='word_1_134' title='bbox 353 2026 464 2095; x_wconf 84' lang='lat' dir='ltr'><strong>titutis</strong></span> <span class='ocrx_word' id='word_1_135' title='bbox 489 2032 523 2093; x_wconf 92' lang='lat' dir='ltr'><strong>et</strong></span> <span class='ocrx_word' id='word_1_136' title='bbox 548 2026 725 2094; x_wconf 84' lang='lat' dir='ltr'><strong>satisfactis</strong></span> <span class='ocrx_word' id='word_1_137' title='bbox 751 2028 900 2112; x_wconf 83' lang='lat' dir='ltr'><strong>dampnis</strong></span> <span class='ocrx_word' id='word_1_138' title='bbox 926 2026 1138 2109; x_wconf 88' lang='lat' dir='ltr'><strong>quibuslibet,</strong></span> <span class='ocrx_word' id='word_1_139' title='bbox 1154 2032 1188 2092; x_wconf 91' lang='lat' dir='ltr'><strong>et</strong></span> <span class='ocrx_word' id='word_1_140' title='bbox 1204 2028 1356 2094; x_wconf 87' lang='lat' dir='ltr'><strong>ammotis</strong></span> <span class='ocrx_word' id='word_1_141' title='bbox 1370 2025 1467 2109; x_wconf 80' lang='lat' dir='ltr'><strong>gravi·</strong></span> <span class='ocrx_word' id='word_1_142' title='bbox 1538 2051 1539 2056; x_wconf 43' lang='lat'>¹</span> 
     </span>
     <span class='ocr_line' id='line_1_17' title="bbox 351 2134 1466 2222; baseline -0.007 -19"><span class='ocrx_word' id='word_1_143' title='bbox 351 2134 476 2203; x_wconf 89' lang='lat' dir='ltr'><strong>tatibus</strong></span> <span class='ocrx_word' id='word_1_144' title='bbox 498 2142 532 2201; x_wconf 89' lang='lat' dir='ltr'><strong>et</strong></span> <span class='ocrx_word' id='word_1_145' title='bbox 556 2135 715 2202; x_wconf 89' lang='lat' dir='ltr'><strong>molestiis</strong></span> <span class='ocrx_word' id='word_1_146' title='bbox 740 2135 881 2203; x_wconf 89' lang='lat' dir='ltr'><strong>insolitis</strong></span> <span class='ocrx_word' id='word_1_147' title='bbox 907 2136 1161 2222; x_wconf 89' lang='lat' dir='ltr'><strong>quibuscunque,</strong></span> <span class='ocrx_word' id='word_1_148' title='bbox 1176 2137 1240 2221; x_wconf 90' lang='lat' dir='ltr'><strong>ipsi</strong></span> <span class='ocrx_word' id='word_1_149' title='bbox 1264 2134 1425 2219; x_wconf 84' lang='lat' dir='ltr'><strong>Raguxini</strong></span> <span class='ocrx_word' id='word_1_150' title='bbox 1438 2135 1466 2199; x_wconf 87' lang='lat' dir='ltr'><strong>in</strong></span> 
     </span>
     <span class='ocr_line' id='line_1_18' title="bbox 351 2243 1539 2327; baseline -0.003 -19"><span class='ocrx_word' id='word_1_151' title='bbox 351 2243 468 2327; x_wconf 86' lang='lat' dir='ltr'><strong>Regno</strong></span> <span class='ocrx_word' id='word_1_152' title='bbox 493 2264 550 2310; x_wconf 88' lang='lat' dir='ltr'><strong>suo</strong></span> <span class='ocrx_word' id='word_1_153' title='bbox 576 2244 761 2311; x_wconf 82' lang='lat' dir='ltr'><strong>conversari</strong></span> <span class='ocrx_word' id='word_1_154' title='bbox 787 2243 915 2327; x_wconf 91' lang='lat' dir='ltr'><strong>possint</strong></span> <span class='ocrx_word' id='word_1_155' title='bbox 930 2250 964 2309; x_wconf 89' lang='lat' dir='ltr'><strong>ct</strong></span> <span class='ocrx_word' id='word_1_156' title='bbox 980 2245 1129 2323; x_wconf 90' lang='lat' dir='ltr'><strong>mercari,</strong></span> <span class='ocrx_word' id='word_1_157' title='bbox 1146 2244 1230 2310; x_wconf 91' lang='lat' dir='ltr'><strong>sicut</strong></span> <span class='ocrx_word' id='word_1_158' title='bbox 1246 2247 1467 2310; x_wconf 76' lang='lat' dir='ltr'><strong>consueverant</strong></span> <span class='ocrx_word' id='word_1_159' title='bbox 1538 2281 1539 2284; x_wconf 59' lang='lat'><em>=</em></span> 
     </span>
     <span class='ocr_line' id='line_1_19' title="bbox 351 2349 1467 2436; baseline -0.002 -20"><span class='ocrx_word' id='word_1_160' title='bbox 351 2355 426 2416; x_wconf 87' lang='lat' dir='ltr'><strong>aute</strong></span> <span class='ocrx_word' id='word_1_161' title='bbox 451 2351 511 2417; x_wconf 89' lang='lat' dir='ltr'><strong>bas</strong></span> <span class='ocrx_word' id='word_1_162' title='bbox 536 2352 694 2418; x_wconf 82' lang='lat' dir='ltr'><strong>novitates</strong></span> <span class='ocrx_word' id='word_1_163' title='bbox 711 2357 744 2418; x_wconf 91' lang='lat' dir='ltr'><strong>ct</strong></span> <span class='ocrx_word' id='word_1_164' title='bbox 759 2351 911 2436; x_wconf 89' lang='lat' dir='ltr'><strong>dampna,</strong></span> <span class='ocrx_word' id='word_1_165' title='bbox 927 2349 990 2418; x_wconf 91' lang='lat' dir='ltr'><strong>hoc</strong></span> <span class='ocrx_word' id='word_1_166' title='bbox 1007 2372 1079 2416; x_wconf 92' lang='lat' dir='ltr'><strong>cum</strong></span> <span class='ocrx_word' id='word_1_167' title='bbox 1097 2349 1164 2418; x_wconf 85' lang='lat' dir='ltr'><strong>Sue</strong></span> <span class='ocrx_word' id='word_1_168' title='bbox 1179 2351 1366 2418; x_wconf 84' lang='lat' dir='ltr'><strong>Maiestatis</strong></span> <span class='ocrx_word' id='word_1_169' title='bbox 1382 2351 1467 2417; x_wconf 80' lang='lat' dir='ltr'><strong>hono</strong></span> 
     </span>
     <span class='ocr_line' id='line_1_20' title="bbox 351 2457 1465 2543; baseline -0.003 -19"><span class='ocrx_word' id='word_1_170' title='bbox 351 2480 419 2526; x_wconf 89' lang='lat' dir='ltr'><strong>rem</strong></span> <span class='ocrx_word' id='word_1_171' title='bbox 445 2464 478 2524; x_wconf 90' lang='lat' dir='ltr'><strong>et</strong></span> <span class='ocrx_word' id='word_1_172' title='bbox 502 2457 600 2524; x_wconf 89' lang='lat' dir='ltr'><strong>decus</strong></span> <span class='ocrx_word' id='word_1_173' title='bbox 625 2459 787 2543; x_wconf 89' lang='lat' dir='ltr'><strong>respiciet,</strong></span> <span class='ocrx_word' id='word_1_174' title='bbox 812 2463 845 2525; x_wconf 88' lang='lat' dir='ltr'><strong>ct</strong></span> <span class='ocrx_word' id='word_1_175' title='bbox 869 2457 995 2524; x_wconf 83' lang='lat' dir='ltr'><strong>fructus</strong></span> <span class='ocrx_word' id='word_1_176' title='bbox 1020 2464 1053 2526; x_wconf 89' lang='lat' dir='ltr'><strong>et</strong></span> <span class='ocrx_word' id='word_1_177' title='bbox 1076 2458 1202 2526; x_wconf 86' lang='lat' dir='ltr'><strong>utilitas</strong></span> <span class='ocrx_word' id='word_1_178' title='bbox 1218 2459 1295 2524; x_wconf 88' lang='lat' dir='ltr'><strong>inde</strong></span> <span class='ocrx_word' id='word_1_179' title='bbox 1310 2458 1465 2543; x_wconf 85' lang='lat' dir='ltr'><strong>parabitm</strong></span> 
     </span>
     <span class='ocr_line' id='line_1_21' title="bbox 351 2565 1466 2651; baseline -0.002 -19"><span class='ocrx_word' id='word_1_180' title='bbox 351 2567 412 2632; x_wconf 88' lang='lat' dir='ltr'><strong>teti</strong></span> <span class='ocrx_word' id='word_1_181' title='bbox 436 2565 570 2650; x_wconf 84' lang='lat' dir='ltr'><strong>Regn03</strong></span> <span class='ocrx_word' id='word_1_182' title='bbox 594 2587 653 2637; x_wconf 87' lang='lat' dir='ltr'><strong>nos</strong></span> <span class='ocrx_word' id='word_1_183' title='bbox 678 2587 808 2650; x_wconf 90' lang='lat' dir='ltr'><strong>quoque</strong></span> <span class='ocrx_word' id='word_1_184' title='bbox 825 2587 925 2651; x_wconf 88' lang='lat' dir='ltr'><strong>quam</strong></span> <span class='ocrx_word' id='word_1_185' title='bbox 940 2567 1017 2634; x_wconf 90' lang='lat' dir='ltr'><strong>licet</strong></span> <span class='ocrx_word' id='word_1_186' title='bbox 1040 2573 1207 2651; x_wconf 88' lang='lat' dir='ltr'><strong>promptos</strong></span> <span class='ocrx_word' id='word_1_187' title='bbox 1231 2566 1354 2634; x_wconf 88' lang='lat' dir='ltr'><strong>dudum</strong></span> <span class='ocrx_word' id='word_1_188' title='bbox 1368 2568 1400 2632; x_wconf 91' lang='lat' dir='ltr'><strong>in</strong></span> <span class='ocrx_word' id='word_1_189' title='bbox 1414 2565 1466 2632; x_wconf 87' lang='lat' dir='ltr'><strong>sin·</strong></span> 
     </span>
     <span class='ocr_line' id='line_1_22' title="bbox 352 2674 1465 2762; baseline 0.001 -22"><span class='ocrx_word' id='word_1_190' title='bbox 352 2675 517 2758; x_wconf 87' lang='lat' dir='ltr'><strong>guliseius</strong></span> <span class='ocrx_word' id='word_1_191' title='bbox 527 2674 742 2760; x_wconf 86' lang='lat' dir='ltr'><strong>beneplacitis</strong></span> <span class='ocrx_word' id='word_1_192' title='bbox 753 2676 898 2762; x_wconf 89' lang='lat' dir='ltr'><strong>reperire</strong></span> <span class='ocrx_word' id='word_1_193' title='bbox 906 2676 1061 2760; x_wconf 88' lang='lat' dir='ltr'><strong>potuerit,</strong></span> <span class='ocrx_word' id='word_1_194' title='bbox 1071 2676 1212 2742; x_wconf 83' lang='lat' dir='ltr'><strong>inveniet</strong></span> <span class='ocrx_word' id='word_1_195' title='bbox 1229 2676 1272 2743; x_wconf 89' lang='lat' dir='ltr'><strong>ad</strong></span> <span class='ocrx_word' id='word_1_196' title='bbox 1288 2676 1400 2742; x_wconf 91' lang='lat' dir='ltr'><strong>eadem</strong></span> <span class='ocrx_word' id='word_1_197' title='bbox 1414 2675 1465 2741; x_wconf 86' lang='lat' dir='ltr'><strong>sin·</strong></span> 
     </span>
     <span class='ocr_line' id='line_1_23' title="bbox 353 2782 896 2869; baseline 0.007 -21"><span class='ocrx_word' id='word_1_198' title='bbox 353 2783 438 2868; x_wconf 90' lang='lat' dir='ltr'><strong>gulis</strong></span> <span class='ocrx_word' id='word_1_199' title='bbox 454 2782 654 2868; x_wconf 88' lang='lat' dir='ltr'><strong>temporibus</strong></span> <span class='ocrx_word' id='word_1_200' title='bbox 669 2784 896 2869; x_wconf 85' lang='lat' dir='ltr'><strong>promptiores.</strong></span> 
     </span>
    </p>

    <p class='ocr_par' dir='ltr' id='par_1_3' title="bbox 354 2889 1538 4504">
     <span class='ocr_line' id='line_1_24' title="bbox 461 2889 1463 2979; baseline -0.002 -21"><span class='ocrx_word' id='word_1_201' title='bbox 461 2891 583 2976; x_wconf 83' lang='lat' dir='ltr'><strong>Capta:</strong></span> <span class='ocrx_word' id='word_1_202' title='bbox 608 2889 733 2960; x_wconf 88' lang='lat' dir='ltr'><strong>Verum</strong></span> <span class='ocrx_word' id='word_1_203' title='bbox 757 2915 829 2959; x_wconf 90' lang='lat' dir='ltr'><strong>cum</strong></span> <span class='ocrx_word' id='word_1_204' title='bbox 846 2890 962 2958; x_wconf 77' lang='lat' dir='ltr'><strong>(lomes</strong></span> <span class='ocrx_word' id='word_1_205' title='bbox 979 2899 1012 2958; x_wconf 89' lang='lat' dir='ltr'><strong>et</strong></span> <span class='ocrx_word' id='word_1_206' title='bbox 1026 2890 1205 2959; x_wconf 79' lang='lat' dir='ltr'><strong>Commune</strong></span> <span class='ocrx_word' id='word_1_207' title='bbox 1220 2894 1362 2979; x_wconf 85' lang='lat' dir='ltr'><strong>Ragusii</strong></span> <span class='ocrx_word' id='word_1_208' title='bbox 1376 2894 1463 2959; x_wconf 86' lang='lat' dir='ltr'><strong>inten-</strong></span> 
     </span>
     <span class='ocr_line' id='line_1_25' title="bbox 354 2998 1466 3094; baseline 0 -30"><span class='ocrx_word' id='word_1_209' title='bbox 354 2999 436 3066; x_wconf 90' lang='lat' dir='ltr'><strong>dant</strong></span> <span class='ocrx_word' id='word_1_210' title='bbox 450 3001 581 3066; x_wconf 88' lang='lat' dir='ltr'><strong>mittere</strong></span> <span class='ocrx_word' id='word_1_211' title='bbox 597 3021 672 3066; x_wconf 85' lang='lat' dir='ltr'><strong>suos</strong></span> <span class='ocrx_word' id='word_1_212' title='bbox 687 2998 928 3094; x_wconf 79' lang='lat' dir='ltr'><strong>Ambasatores</strong></span> <span class='ocrx_word' id='word_1_213' title='bbox 953 3001 1049 3067; x_wconf 88' lang='lat' dir='ltr'><strong>simul</strong></span> <span class='ocrx_word' id='word_1_214' title='bbox 1073 3023 1147 3068; x_wconf 90' lang='lat' dir='ltr'><strong>cum</strong></span> <span class='ocrx_word' id='word_1_215' title='bbox 1162 3007 1284 3084; x_wconf 88' lang='lat' dir='ltr'><strong>nostro,</strong></span> <span class='ocrx_word' id='word_1_216' title='bbox 1302 3008 1334 3069; x_wconf 89' lang='lat' dir='ltr'><strong>et</strong></span> <span class='ocrx_word' id='word_1_217' title='bbox 1347 3021 1466 3068; x_wconf 88' lang='lat' dir='ltr'><strong>munera</strong></span> 
     </span>
     <span class='ocr_line' id='line_1_26' title="bbox 354 3106 1467 3192; baseline 0.001 -19"><span class='ocrx_word' id='word_1_218' title='bbox 354 3107 418 3192; x_wconf 87' lang='lat' dir='ltr'><strong>ipsi</strong></span> <span class='ocrx_word' id='word_1_219' title='bbox 442 3107 651 3192; x_wconf 88' lang='lat' dir='ltr'><strong>Imperatori,</strong></span> <span class='ocrx_word' id='word_1_220' title='bbox 677 3108 762 3175; x_wconf 88' lang='lat' dir='ltr'><strong>sicut</strong></span> <span class='ocrx_word' id='word_1_221' title='bbox 789 3130 902 3176; x_wconf 86' lang='lat' dir='ltr'><strong>corum</strong></span> <span class='ocrx_word' id='word_1_222' title='bbox 926 3106 1168 3176; x_wconf 84' lang='lat' dir='ltr'><strong>Ambaxatores</strong></span> <span class='ocrx_word' id='word_1_223' title='bbox 1186 3109 1361 3191; x_wconf 85' lang='lat' dir='ltr'><strong>affirmant,</strong></span> <span class='ocrx_word' id='word_1_224' title='bbox 1377 3109 1467 3176; x_wconf 82' lang='lat' dir='ltr'><strong>dictus</strong></span> 
     </span>
     <span class='ocr_line' id='line_1_27' title="bbox 355 3213 1469 3303; baseline 0.002 -21"><span class='ocrx_word' id='word_1_225' title='bbox 355 3213 561 3284; x_wconf 82' lang='lat' dir='ltr'><strong>Ambaxator</strong></span> <span class='ocrx_word' id='word_1_226' title='bbox 585 3223 697 3282; x_wconf 89' lang='lat' dir='ltr'><strong>noster</strong></span> <span class='ocrx_word' id='word_1_227' title='bbox 722 3217 837 3300; x_wconf 88' lang='lat' dir='ltr'><strong>eundo,</strong></span> <span class='ocrx_word' id='word_1_228' title='bbox 862 3217 955 3302; x_wconf 88' lang='lat' dir='ltr'><strong>prius</strong></span> <span class='ocrx_word' id='word_1_229' title='bbox 980 3217 1081 3284; x_wconf 86' lang='lat' dir='ltr'><strong>radat</strong></span> <span class='ocrx_word' id='word_1_230' title='bbox 1104 3217 1302 3303; x_wconf 85' lang='lat' dir='ltr'><strong>Raguxium,</strong></span> <span class='ocrx_word' id='word_1_231' title='bbox 1319 3218 1383 3300; x_wconf 92' lang='lat' dir='ltr'><strong>ubi,</strong></span> <span class='ocrx_word' id='word_1_232' title='bbox 1396 3223 1469 3302; x_wconf 80' lang='lat' dir='ltr'><strong>post-</strong></span> 
     </span>
     <span class='ocr_line' id='line_1_28' title="bbox 356 3324 1470 3412; baseline -0.001 -23"><span class='ocrx_word' id='word_1_233' title='bbox 356 3346 453 3408; x_wconf 89' lang='lat' dir='ltr'><strong>quam</strong></span> <span class='ocrx_word' id='word_1_234' title='bbox 481 3325 527 3390; x_wconf 89' lang='lat' dir='ltr'><strong>eis</strong></span> <span class='ocrx_word' id='word_1_235' title='bbox 554 3324 681 3390; x_wconf 88' lang='lat' dir='ltr'><strong>dederit</strong></span> <span class='ocrx_word' id='word_1_236' title='bbox 705 3325 862 3391; x_wconf 88' lang='lat' dir='ltr'><strong>noticiam</strong></span> <span class='ocrx_word' id='word_1_237' title='bbox 881 3327 932 3391; x_wconf 88' lang='lat' dir='ltr'><strong>vie</strong></span> <span class='ocrx_word' id='word_1_238' title='bbox 948 3347 1014 3406; x_wconf 87' lang='lat' dir='ltr'><strong>sue,</strong></span> <span class='ocrx_word' id='word_1_239' title='bbox 1030 3326 1144 3393; x_wconf 86' lang='lat' dir='ltr'><strong>audiat</strong></span> <span class='ocrx_word' id='word_1_240' title='bbox 1159 3326 1312 3412; x_wconf 85' lang='lat' dir='ltr'><strong>querelas</strong></span> <span class='ocrx_word' id='word_1_241' title='bbox 1328 3347 1430 3394; x_wconf 91' lang='lat' dir='ltr'><strong>eorum</strong></span> <span class='ocrx_word' id='word_1_242' title='bbox 1441 3335 1470 3389; x_wconf 89' lang='lat' dir='ltr'><strong>et</strong></span> 
     </span>
     <span class='ocr_line' id='line_1_29' title="bbox 356 3431 1469 3520; baseline -0.002 -24"><span class='ocrx_word' id='word_1_243' title='bbox 356 3432 508 3516; x_wconf 88' lang='lat' dir='ltr'><strong>dampna,</strong></span> <span class='ocrx_word' id='word_1_244' title='bbox 534 3453 597 3517; x_wconf 93' lang='lat' dir='ltr'><strong>que</strong></span> <span class='ocrx_word' id='word_1_245' title='bbox 621 3433 711 3518; x_wconf 87' lang='lat' dir='ltr'><strong>passi</strong></span> <span class='ocrx_word' id='word_1_246' title='bbox 737 3439 814 3500; x_wconf 89' lang='lat' dir='ltr'><strong>sunt</strong></span> <span class='ocrx_word' id='word_1_247' title='bbox 838 3435 873 3502; x_wconf 92' lang='lat' dir='ltr'><strong>in</strong></span> <span class='ocrx_word' id='word_1_248' title='bbox 897 3432 1039 3518; x_wconf 90' lang='lat' dir='ltr'><strong>Imperio</strong></span> <span class='ocrx_word' id='word_1_249' title='bbox 1063 3436 1222 3520; x_wconf 89' lang='lat' dir='ltr'><strong>predicto,</strong></span> <span class='ocrx_word' id='word_1_250' title='bbox 1236 3435 1272 3500; x_wconf 92' lang='lat' dir='ltr'><strong>in</strong></span> <span class='ocrx_word' id='word_1_251' title='bbox 1289 3435 1404 3520; x_wconf 88' lang='lat' dir='ltr'><strong>qulbus</strong></span> <span class='ocrx_word' id='word_1_252' title='bbox 1417 3431 1469 3517; x_wconf 85' lang='lat' dir='ltr'><strong>ipsi</strong></span> 
     </span>
     <span class='ocr_line' id='line_1_30' title="bbox 357 3539 1471 3629; baseline 0.003 -24"><span class='ocrx_word' id='word_1_253' title='bbox 357 3545 475 3625; x_wconf 90' lang='lat' dir='ltr'><strong>petunt</strong></span> <span class='ocrx_word' id='word_1_254' title='bbox 500 3539 767 3622; x_wconf 83' lang='lat' dir='ltr'><strong>satisfactionem,</strong></span> <span class='ocrx_word' id='word_1_255' title='bbox 791 3542 997 3610; x_wconf 80' lang='lat' dir='ltr'><strong>informando</strong></span> <span class='ocrx_word' id='word_1_256' title='bbox 1014 3564 1049 3610; x_wconf 87' lang='lat' dir='ltr'><strong>se</strong></span> <span class='ocrx_word' id='word_1_257' title='bbox 1064 3544 1104 3610; x_wconf 89' lang='lat' dir='ltr'><strong>de</strong></span> <span class='ocrx_word' id='word_1_258' title='bbox 1120 3543 1192 3627; x_wconf 93' lang='lat' dir='ltr'><strong>biis,</strong></span> <span class='ocrx_word' id='word_1_259' title='bbox 1217 3564 1280 3629; x_wconf 91' lang='lat' dir='ltr'><strong>que</strong></span> <span class='ocrx_word' id='word_1_260' title='bbox 1306 3541 1471 3612; x_wconf 86' lang='lat' dir='ltr'><strong>necessaria</strong></span> 
     </span>
     <span class='ocr_line' id='line_1_31' title="bbox 357 3645 1471 3738; baseline 0.002 -25"><span class='ocrx_word' id='word_1_261' title='bbox 357 3670 416 3733; x_wconf 92' lang='lat' dir='ltr'><strong>pro</strong></span> <span class='ocrx_word' id='word_1_262' title='bbox 433 3649 503 3715; x_wconf 82' lang='lat' dir='ltr'><strong>eius</strong></span> <span class='ocrx_word' id='word_1_263' title='bbox 519 3645 711 3716; x_wconf 83' lang='lat' dir='ltr'><strong>Ambaxata</strong></span> <span class='ocrx_word' id='word_1_264' title='bbox 725 3649 856 3733; x_wconf 87' lang='lat' dir='ltr'><strong>luerint,</strong></span> <span class='ocrx_word' id='word_1_265' title='bbox 872 3657 909 3717; x_wconf 91' lang='lat' dir='ltr'><strong>nt</strong></span> <span class='ocrx_word' id='word_1_266' title='bbox 925 3651 1017 3732; x_wconf 86' lang='lat' dir='ltr'><strong>sciat,</strong></span> <span class='ocrx_word' id='word_1_267' title='bbox 1031 3651 1110 3735; x_wconf 92' lang='lat' dir='ltr'><strong>quid</strong></span> <span class='ocrx_word' id='word_1_268' title='bbox 1125 3650 1248 3718; x_wconf 87' lang='lat' dir='ltr'><strong>babeat</strong></span> <span class='ocrx_word' id='word_1_269' title='bbox 1263 3651 1380 3738; x_wconf 82' lang='lat' dir='ltr'><strong>iacere,</strong></span> <span class='ocrx_word' id='word_1_270' title='bbox 1393 3648 1471 3736; x_wconf 91' lang='lat' dir='ltr'><strong>quid·</strong></span> 
     </span>
     <span class='ocr_line' id='line_1_32' title="bbox 357 3755 1470 3844; baseline 0.001 -24"><span class='ocrx_word' id='word_1_271' title='bbox 357 3777 419 3840; x_wconf 90' lang='lat' dir='ltr'><strong>que</strong></span> <span class='ocrx_word' id='word_1_272' title='bbox 443 3759 552 3840; x_wconf 81' lang='lat' dir='ltr'><strong>petat3</strong></span> <span class='ocrx_word' id='word_1_273' title='bbox 578 3762 612 3821; x_wconf 90' lang='lat' dir='ltr'><strong>et</strong></span> <span class='ocrx_word' id='word_1_274' title='bbox 636 3763 749 3843; x_wconf 86' lang='lat' dir='ltr'><strong>postea</strong></span> <span class='ocrx_word' id='word_1_275' title='bbox 767 3763 987 3844; x_wconf 86' lang='lat' dir='ltr'><strong>prosequatur</strong></span> <span class='ocrx_word' id='word_1_276' title='bbox 1012 3757 1161 3824; x_wconf 89' lang='lat' dir='ltr'><strong>celeriter</strong></span> <span class='ocrx_word' id='word_1_277' title='bbox 1185 3756 1250 3824; x_wconf 89' lang='lat' dir='ltr'><strong>iter</strong></span> <span class='ocrx_word' id='word_1_278' title='bbox 1274 3779 1385 3842; x_wconf 88' lang='lat' dir='ltr'><strong>suum;</strong></span> <span class='ocrx_word' id='word_1_279' title='bbox 1407 3755 1470 3824; x_wconf 84' lang='lat' dir='ltr'><strong>etsi</strong></span> 
     </span>
     <span class='ocr_line' id='line_1_33' title="bbox 357 3862 1471 3951; baseline 0.001 -22"><span class='ocrx_word' id='word_1_280' title='bbox 357 3862 506 3932; x_wconf 90' lang='lat' dir='ltr'><strong>dominus</strong></span> <span class='ocrx_word' id='word_1_281' title='bbox 530 3862 720 3950; x_wconf 87' lang='lat' dir='ltr'><strong>Imperator</strong></span> <span class='ocrx_word' id='word_1_282' title='bbox 744 3865 912 3951; x_wconf 88' lang='lat' dir='ltr'><strong>predictus</strong></span> <span class='ocrx_word' id='word_1_283' title='bbox 937 3863 1132 3934; x_wconf 83' lang='lat' dir='ltr'><strong>satisfecerit</strong></span> <span class='ocrx_word' id='word_1_284' title='bbox 1147 3863 1327 3951; x_wconf 83' lang='lat' dir='ltr'><strong>Raguxeis,</strong></span> <span class='ocrx_word' id='word_1_285' title='bbox 1342 3873 1396 3934; x_wconf 87' lang='lat' dir='ltr'><strong>aut</strong></span> <span class='ocrx_word' id='word_1_286' title='bbox 1410 3887 1471 3932; x_wconf 92' lang='lat' dir='ltr'><strong>con·</strong></span> 
     </span>
     <span class='ocr_line' id='line_1_34' title="bbox 357 3973 1538 4060; baseline -0.005 -18"><span class='ocrx_word' id='word_1_287' title='bbox 357 3974 472 4042; x_wconf 88' lang='lat' dir='ltr'><strong>cordia</strong></span> <span class='ocrx_word' id='word_1_288' title='bbox 497 3973 720 4056; x_wconf 84' lang='lat' dir='ltr'><strong>intervenerit,</strong></span> <span class='ocrx_word' id='word_1_289' title='bbox 745 3974 785 4040; x_wconf 89' lang='lat' dir='ltr'><strong>dc</strong></span> <span class='ocrx_word' id='word_1_290' title='bbox 811 3995 877 4060; x_wconf 91' lang='lat' dir='ltr'><strong>qua</strong></span> <span class='ocrx_word' id='word_1_291' title='bbox 900 3974 1055 4058; x_wconf 85' lang='lat' dir='ltr'><strong>Raguxei</strong></span> <span class='ocrx_word' id='word_1_292' title='bbox 1069 3979 1311 4058; x_wconf 88' lang='lat' dir='ltr'><strong>contententur,</strong></span> <span class='ocrx_word' id='word_1_293' title='bbox 1328 3973 1472 4045; x_wconf 81' lang='lat' dir='ltr'><strong>Venecias</strong></span> <span class='ocrx_word' id='word_1_294' title='bbox 1536 3994 1538 3997; x_wconf 50' lang='lat'><strong><em>¹</em></strong></span> 
     </span>
     <span class='ocr_line' id='line_1_35' title="bbox 357 4081 1472 4168; baseline -0.001 -21"><span class='ocrx_word' id='word_1_295' title='bbox 357 4086 560 4164; x_wconf 78' lang='lat' dir='ltr'><strong>revertatur,</strong></span> <span class='ocrx_word' id='word_1_296' title='bbox 587 4081 615 4150; x_wconf 90' lang='lat' dir='ltr'><strong>si</strong></span> <span class='ocrx_word' id='word_1_297' title='bbox 641 4087 749 4150; x_wconf 86' lang='lat' dir='ltr'><strong>autem</strong></span> <span class='ocrx_word' id='word_1_298' title='bbox 770 4083 987 4149; x_wconf 90' lang='lat' dir='ltr'><strong>intencionem</strong></span> <span class='ocrx_word' id='word_1_299' title='bbox 1004 4087 1152 4149; x_wconf 86' lang='lat' dir='ltr'><strong>nostram</strong></span> <span class='ocrx_word' id='word_1_300' title='bbox 1168 4089 1202 4150; x_wconf 90' lang='lat' dir='ltr'><strong>et</strong></span> <span class='ocrx_word' id='word_1_301' title='bbox 1218 4085 1364 4168; x_wconf 87' lang='lat' dir='ltr'><strong>ipsorum</strong></span> <span class='ocrx_word' id='word_1_302' title='bbox 1378 4084 1472 4166; x_wconf 79' lang='lat' dir='ltr'><strong>Regu·</strong></span> 
     </span>
     <span class='ocr_line' id='line_1_36' title="bbox 358 4191 1470 4279; baseline 0 -24"><span class='ocrx_word' id='word_1_303' title='bbox 358 4191 517 4277; x_wconf 79' lang='lat' dir='ltr'><strong>ainornm,</strong></span> <span class='ocrx_word' id='word_1_304' title='bbox 533 4213 616 4276; x_wconf 85' lang='lat' dir='ltr'><strong>quas</strong></span> <span class='ocrx_word' id='word_1_305' title='bbox 633 4215 730 4278; x_wconf 88' lang='lat' dir='ltr'><strong>super</strong></span> <span class='ocrx_word' id='word_1_306' title='bbox 748 4193 899 4276; x_wconf 84' lang='lat' dir='ltr'><strong>diximus,</strong></span> <span class='ocrx_word' id='word_1_307' title='bbox 914 4193 956 4261; x_wconf 87' lang='lat' dir='ltr'><strong>ab</strong></span> <span class='ocrx_word' id='word_1_308' title='bbox 981 4192 1094 4260; x_wconf 89' lang='lat' dir='ltr'><strong>eodem</strong></span> <span class='ocrx_word' id='word_1_309' title='bbox 1111 4193 1243 4260; x_wconf 89' lang='lat' dir='ltr'><strong>domiuo</strong></span> <span class='ocrx_word' id='word_1_310' title='bbox 1259 4194 1351 4279; x_wconf 89' lang='lat' dir='ltr'><strong>Rege</strong></span> <span class='ocrx_word' id='word_1_311' title='bbox 1365 4195 1470 4262; x_wconf 84' lang='lat' dir='ltr'><strong>babere</strong></span> 
     </span>
     <span class='ocr_line' id='line_1_37' title="bbox 358 4299 1467 4386; baseline 0.001 -23"><span class='ocrx_word' id='word_1_312' title='bbox 358 4319 424 4363; x_wconf 90' lang='lat' dir='ltr'><strong>non</strong></span> <span class='ocrx_word' id='word_1_313' title='bbox 440 4300 563 4383; x_wconf 89' lang='lat' dir='ltr'><strong>poterit</strong></span> <span class='ocrx_word' id='word_1_314' title='bbox 579 4299 629 4366; x_wconf 88' lang='lat' dir='ltr'><strong>vel</strong></span> <span class='ocrx_word' id='word_1_315' title='bbox 644 4300 816 4386; x_wconf 86' lang='lat' dir='ltr'><strong>complere,</strong></span> <span class='ocrx_word' id='word_1_316' title='bbox 832 4309 866 4369; x_wconf 89' lang='lat' dir='ltr'><strong>et</strong></span> <span class='ocrx_word' id='word_1_317' title='bbox 888 4306 996 4368; x_wconf 88' lang='lat' dir='ltr'><strong>essent</strong></span> <span class='ocrx_word' id='word_1_318' title='bbox 1012 4301 1121 4385; x_wconf 90' lang='lat' dir='ltr'><strong>alique</strong></span> <span class='ocrx_word' id='word_1_319' title='bbox 1137 4300 1322 4369; x_wconf 83' lang='lat' dir='ltr'><strong>differentia</strong></span> <span class='ocrx_word' id='word_1_320' title='bbox 1337 4304 1417 4368; x_wconf 89' lang='lat' dir='ltr'><strong>inter</strong></span> <span class='ocrx_word' id='word_1_321' title='bbox 1430 4299 1467 4383; x_wconf 86' lang='lat' dir='ltr'><strong>ip</strong></span> 
     </span>
     <span class='ocr_line' id='line_1_38' title="bbox 360 4407 1470 4504; baseline -0.003 -30"><span class='ocrx_word' id='word_1_322' title='bbox 360 4427 430 4482; x_wconf 80' lang='lat' dir='ltr'><strong>eum</strong></span> <span class='ocrx_word' id='word_1_323' title='bbox 455 4407 620 4474; x_wconf 90' lang='lat' dir='ltr'><strong>domiuum</strong></span> <span class='ocrx_word' id='word_1_324' title='bbox 644 4408 885 4504; x_wconf 88' lang='lat' dir='ltr'><strong>Imperatorem</strong></span> <span class='ocrx_word' id='word_1_325' title='bbox 909 4415 943 4478; x_wconf 92' lang='lat' dir='ltr'><strong>et</strong></span> <span class='ocrx_word' id='word_1_326' title='bbox 967 4411 1043 4483; x_wconf 90' lang='lat' dir='ltr'><strong>illos</strong></span> <span class='ocrx_word' id='word_1_327' title='bbox 1067 4409 1107 4479; x_wconf 90' lang='lat' dir='ltr'><strong>de</strong></span> <span class='ocrx_word' id='word_1_328' title='bbox 1122 4410 1283 4500; x_wconf 81' lang='lat' dir='ltr'><strong>Raguxio,</strong></span> <span class='ocrx_word' id='word_1_329' title='bbox 1300 4407 1470 4494; x_wconf 88' lang='lat' dir='ltr'><strong>scribatip·</strong></span> 
     </span>
    </p>
   </div>
   <div class='ocr_carea' id='block_1_3' title="bbox 0 0 1574 5236">
    <p class='ocr_par' dir='ltr' id='par_1_4' title="bbox 0 0 1574 5236">
     <span class='ocr_line' id='line_1_39' title="bbox 0 0 1574 5236; baseline 0 0"><span class='ocrx_word' id='word_1_330' title='bbox 0 0 1574 5236; x_wconf 95' lang='lat' dir='ltr'><strong> </strong></span> 
     </span>
    </p>
   </div>
  </div>
 </body>
</html>
