3108 5246
381 312 445 380 398
738 313 1156 380 omuonnonrnrnnairas.

379 494 488 577 timus,
512 493 696 562 notificetur
720 493 819 560 etiam
844 493 975 560 domino
991 491 1157 560 Ludcriso
1174 499 1208 559 et
1222 491 1352 576 Regino
1366 487 1491 576 (Sicilie)

378 624 437 688 per
468 603 614 689 aliquam
644 623 817 689 personam
849 607 1018 686 secretam,
1049 602 1134 670 siout
1163 601 1329 670 videbitur
1358 600 1491 679 Domino,

379 707 587 782 Conciliariis
618 719 650 779 et
681 711 900 796 sapientibus,
933 712 984 779 tel
1008 712 1126 780 maiori
1149 711 1247 796 parti,
1279 712 1349 778 sine
1380 708 1492 793 scriptis

378 823 498 888 tamen

514 965 551 1028 (A
563 964 702 1018 valoncaai
716 965 971 1018 »monuerimus
989 963 1237 1031 Eupatorem-bol
1260 965 1315 1014 Iait
1329 963 1373 1024 B.)

861 1110 1038 1130 Ἷ-Μ,

377 1413 406 1478 I.
424 1413 524 1499 Lajos
548 1436 692 1502 mappas·
714 1413 839 1510 kirrtlp
853 1413 938 1478 mint
955 1411 1139 1480 Sieilicban
1164 1414 1254 1498 sajet
1269 1411 1403 1477 nwthes
1416 1411 1493 1477 orcl-
1548 1451 1549 1460 κ

500 1529 510 1552 ·
778 1521 861 1588 hodo
883 1519 1116 1609 kirtly-1351.

483 1678 533 1766 A)
549 1679 591 1746 In
607 1681 735 1748 nomine
752 1677 886 1747 Domini
903 1681 1007 1747 nostri
1023 1679 1126 1748 Ihesu
1141 1677 1268 1746 Christi
1279 1675 1493 1746 AmenAnnc

379 1783 601 1852 aNatiuitate
617 1787 761 1854 ciusdem
783 1787 954 1868 millesimo
980 1789 1208 1856 trecentesimo
1232 1785 1492 1871 quinquagesimo
1548 1787 1549 1792 ’

377 1893 491 1976 primo.
507 1891 681 1978 Regnante
698 1893 911 1963 Serenissimo
928 1892 1083 1980 Principe
1107 1894 1237 1961 domino
1262 1891 1427 1959 Lodouioo
1441 1891 1494 1958 Dei
1547 1955 1549 1970 A

377 1999 489 2084 gratia
514 1999 672 2086 lingerio,
695 2002 886 2070 Jerusalem
910 2011 944 2068 et
968 1999 1076 2070 Sicilie
1100 2001 1203 2086 Rege,
1226 1999 1417 2086 Regnorum
1430 2019 1492 2064 vero
1548 2037 1549 2040 =

378 2102 526 2191 Vngarie
542 2129 628 2175 anno
645 2130 739 2194 nono,
761 2109 949 2178 Jerusalem
964 2115 997 2175 et
1012 2107 1124 2178 Sicilie
1139 2130 1225 2175 anno
1241 2109 1352 2190 tertio,
1376 2107 1427 2174 die
1439 2113 1492 2173 ter

375 2213 423 2279 tio
439 2214 566 2282 decimo
581 2219 702 2284 mensis
717 2217 743 2285 J
744 2217 871 2303 anuarij
890 2225 1007 2303 quarte
1022 2218 1219 2303 indictionis,
1234 2213 1269 2283 A
1278 2239 1302 2283 u
1312 2237 1329 2283 e
1340 2237 1358 2282 r
1368 2238 1383 2283 s
1392 2237 1417 2283 e.
1432 2212 1491 2281 n'os
1547 2301 1549 2314 1

375 2322 630 2391 Bartholomeus
657 2324 697 2391 de
723 2323 864 2410 Symone
889 2325 929 2391 de
954 2324 1089 2394 Auersa
1104 2347 1162 2411 per
1179 2324 1373 2391 Prouincias
1388 2330 1443 2389 etc
1456 2320 1491 2388 ad
1548 2347 1549 2414 3

374 2431 475 2496 vitam
498 2427 610 2496 Judex
633 2431 676 2498 ad
702 2431 909 2519 Contractus,
935 2432 1079 2501 Jacobus
1104 2433 1144 2500 de
1169 2432 1275 2501 Cruoe
1299 2431 1340 2499 de
1363 2427 1488 2514 Neapoli
1546 2431 1549 2552 1

373 2535 532 2621 Puplicus
548 2556 608 2621 per
622 2544 727 2604 totum
737 2538 891 2623 Regnum
899 2537 1010 2608 Sicilie
1018 2541 1122 2626 Regia
1131 2543 1331 2608 auctoritate
1340 2536 1488 2618 Notarius
1546 2553 1549 2638 l

375 2651 409 2710 et
425 2642 602 2730 subscripti
617 2650 719 2712 testes
749 2647 793 2714 ad
822 2646 884 2713 hoe
900 2648 1085 2733 specialiter
1100 2649 1209 2716 vocati
1224 2653 1288 2715 etc.
1304 2645 1487 2713 declaremus
1547 2639 1548 2654 ἢ

374 2756 435 2817 etc.
451 2755 512 2816 etc
529 2749 818 2841 (Adomanyozts.)

481 2859 526 2946 Β)
543 2859 585 2925 In
599 2860 730 2928 nomine
745 2861 882 2929 Domini
897 2865 1002 2930 nostri
1019 2863 1120 2931 Ihesu
1130 2861 1256 2931 Christi
1270 2860 1388 2929 Amen.
1402 2859 1484 2925 Anno

374 2966 417 3034 ab
432 2964 669 3034 Incarnatione
685 2971 754 3035 eius
769 2969 956 3038 millessimo
979 2972 1207 3039 trecentesimo
1232 2965 1483 3056 quinquagesimo
1546 2952 1548 3062 ¹

373 3075 488 3159 primo.
504 3073 680 3160 Reguante
702 3073 915 3144 Serenissimo
940 3076 1096 3162 Domino,
1119 3079 1250 3146 domino
1265 3083 1377 3144 nostro
1392 3071 1484 3142 Ludo·
1545 3077 1548 3136 t

372 3181 446 3247 uico
462 3177 527 3248 Dei
543 3183 653 3266 gratia
666 3182 823 3271 Vngarie,
838 3185 1025 3252 Jerusalem
1042 3194 1075 3253 et
1086 3183 1196 3254 Sicilie
1208 3184 1302 3269 Rege
1312 3182 1483 3268 Regnorum

374 3310 450 3358 uero
460 3287 610 3377 Vagarie
625 3314 710 3360 anno
719 3315 814 3379 nono,
823 3295 1012 3364 Jerusalem
1027 3303 1061 3364 et
1071 3293 1181 3364 Sicilie
1197 3316 1285 3362 anno
1300 3281 1414 3381 quarto
1428 3288 1483 3356 ieli-

371 3398 452 3464 citer
466 3395 585 3486 Amen,
601 3421 710 3468 mense
725 3400 854 3487 Aprilis
871 3403 924 3470 die
948 3405 1063 3490 quinto
1080 3402 1204 3472 decimo
1220 3402 1365 3471 eiusdem
1379 3403 1479 3486 quarta

297 3504 300 3510 '
372 3503 561 3582 indictionis
580 3506 668 3594 apud
678 3506 805 3578 Vicum.
816 3509 886 3578 Nos
896 3509 1044 3579 Alterius
1055 3511 1095 3578 de
1112 3509 1217 3580 Ciollo
1233 3509 1376 3578 Annalis
1390 3509 1413 3578 J
1415 3507 1483 3575 udex
1545 3543 1547 3578 ε

371 3614 518 3698 predicte
548 3614 651 3684 Terre
680 3614 758 3685 Vici
788 3627 822 3686 et
845 3619 1002 3688 casalium
1026 3621 1190 3704 eiusdem3
1215 3619 1339 3688 Petrus
1367 3619 1484 3702 Longu
1541 3589 1547 3672 ¹

372 3721 531 3806 Puplious
547 3745 607 3808 per
633 3723 839 3794 Provinciam
849 3728 953 3796 Terre
969 3728 1110 3798 Laboris
1125 3736 1158 3797 et
1173 3728 1361 3797 Comitatus
1376 3722 1481 3804 Molisij
1544 3679 1547 3794 l

372 3837 432 3898 eto.
457 3828 566 3915 Regia
581 3833 780 3901 auctoritate
805 3833 975 3921 Notarius,
998 3845 1030 3903 et
1046 3843 1144 3904 testes
1161 3836 1339 3922 subscripti
1355 3831 1483 3902 illiterati
1545 3805 1547 3896 ¹

371 3940 412 4007 de
436 3939 584 4024 predicte
608 3949 698 4009 terra
714 3941 790 4012 Vici
806 3945 850 4012 ad
866 3945 928 4012 hoc
944 3945 1130 4031 specialiter
1145 3948 1254 4014 vocati
1270 3952 1331 4013 etc
1355 3953 1411 4014 etc
1432 3947 1481 4007 ett-

372 4046 524 4133 (Eladssi
540 4051 734 4138 szerzodes.)
1056 4061 1062 4086 ‘

479 4154 523 4244 C)
538 4154 581 4222 Iu
597 4159 724 4224 nomine
740 4158 873 4226 Domini
887 4164 992 4229 nostri
1007 4163 1107 4230 Ihesu
1123 4163 1247 4232 Christi
1261 4162 1379 4232 Arnen.
1399 4160 1480 4228 Anno
1545 4109 1547 4228 ¹

371 4257 593 4331 aNatiuitate
607 4265 751 4332 eiusdem
775 4266 966 4335 millessimo
990 4272 1215 4338 trecentesimo
1231 4269 1478 4358 quinquagesimo
1545 4263 1547 4332 l

371 4371 486 4456 primo.
502 4369 675 4457 Regnante
692 4372 906 4444 Serenissimo
929 4375 1083 4464 Principe
1099 4378 1230 4445 domino
1255 4379 1415 4460 Ludouico
1428 4373 1478 4443 Dei
1544 4335 1547 4432 ¹

366 4473 483 4576 'gratia
504 4477 667 4566 ,Vngerie
695 4481 880 4551 Jerusalem
905 4493 939 4552 et
964 4483 1075 4554 Sicilie
1090 4485 1201 4574 Bege3
1216 4487 1402 4574 Regnorum
1414 4503 1476 4553 uero
1544 4471 1546 4562 Ξ

1534 4567 1546 5072 l
