3134 5252
1 715 12 810 f

2 3949 6 4074 l

2 4251 5 4400 l

567 343 662 410 1346.

572 649 645 712 157.
719 671 725 688 ·

116 809 218 877 Rndre
232 810 336 879 sedai
351 809 476 876 sicilici
490 809 675 896 kirdlycok
689 811 780 896 slrja
797 810 1003 900 Ndpolydorr.
1020 811 1117 878 1346.

155 969 309 1036 Johsnna
324 977 386 1036 etc.
402 969 571 1038 Presbiter
596 967 729 1054 Sergius
756 967 887 1054 Guytus
903 969 943 1036 de
958 969 1107 1038 Amullio
1120 971 1177 1038 hs·

69 1077 116 1144 bet
126 1078 224 1144 moins
240 1078 316 1146 suri
332 1099 389 1144 sex
403 1098 526 1144 annuas
542 1099 603 1162 pro
628 1077 825 1145 celebrando
842 1078 962 1145 cotidie
976 1077 1101 1146 Diuinu
1117 1078 1178 1147 Of·
1211 1063 1215 1071 ¹

68 1183 127 1251 ficis
140 1186 170 1250 in
185 1186 313 1256 cabells
337 1184 472 1272 muj0ris
497 1183 719 1271 Neapolitane
742 1185 899 1268 Ecclesie,
924 1186 958 1252 in
974 1207 1039 1272 qua
1055 1207 1175 1272 corpus

67 1293 139 1360 clere
152 1295 304 1362 memorie
320 1295 427 1362 incliti
453 1295 558 1380 Regis
582 1291 716 1361 Andree
731 1293 920 1363 Jerusalem
937 1301 971 1363 st
986 1293 1107 1378 Sicilie,
1123 1315 1176 1362 ce-

68 1402 169 1468 rissimi
184 1408 216 1468 et
229 1403 408 1470 reuerendi
423 1403 546 1470 domini
575 1403 637 1471 viri
661 1404 774 1484 nostri,
800 1404 834 1468 in
857 1400 966 1469 Domo
992 1403 1176 1487 requiescit,

65 1529 115 1591 pro
129 1511 231 1579 anima
258 1511 413 1578 videlicet
428 1509 531 1594 ipsius
545 1510 608 1579 viri
632 1512 738 1578 nostri
763 1517 824 1578 etc.
849 1506 1178 1582 mosomense

66 1616 121 1684 IX
134 1620 221 1704 Msij.

131 1765 163 1828 (A
177 1766 262 1832 olleg¹
275 1765 429 1832 Angioinic
444 1766 477 1818 A.
492 1769 551 1819 351.
565 1781 602 1818 su.
616 1781 641 1817 e.
654 1766 714 1831 Beg
726 1767 873 1818 Jolmnnse
884 1766 906 1818 L
919 1765 978 1818 kur.
995 1769 1053 1816 15⁴.
1067 1765 1098 1828 l.)

582 2253 653 2315 158.

65 2408 115 2473 Vr.
130 2411 279 2476 Kolemen
293 2415 389 2498 pdpo
407 2413 436 2475 Ι.
453 2413 554 2498 Lajos
578 2411 703 2498 kirolyr
718 2411 927 2498 felszdllitjo,
942 2414 1023 2500 hopy
1038 2437 1060 2480 a
1075 2411 1181 2482 Junci
1275 2399 1279 2404 ¹

8 2577 14 2587 ,
63 2521 123 2582 coel
137 2521 170 2584 e's
185 2519 250 2582 ΙΙΙ.
268 2518 423 2585 Kazinrr'r
447 2519 570 2607 lenyyrl
595 2520 748 2605 tirolyok
774 2520 859 2586 kdztr'
884 2521 1180 2608 eppenetlenrtpben

443 2627 679 2712 kiizbeojdrjoo.
698 2629 793 2692 1346.

156 2785 311 2853 Clemens
326 2785 509 2870 Episcopus
526 2792 590 2852 etc.
604 2786 773 2853 carissimo
790 2787 824 2850 in
839 2783 973 2855 Christo
988 2785 1056 2854 filio
1073 2785 1181 2852 Ludo·

10 2976 15 2985 Ι
59 2894 119 2958 vico
134 2893 222 2978 Regi
236 2893 387 2978 Vngorie
402 2893 524 2959 illustri
540 2893 681 2959 salntem
696 2899 757 2960 etc.
768 2891 963 2960 Serenitatis
974 2893 1043 2961 Tne
1058 2894 1180 2961 litteris

60 3001 294 3086 responsalibus
311 3001 355 3066 ad
369 3006 518 3086 nostras,
542 3021 625 3084 quas
650 3001 720 3082 tibi,
735 3000 783 3066 fili
799 3002 975 3085 carissime,
992 3018 1091 3086 super
1105 3023 1182 3067 oon·

59 3107 164 3174 cordia
179 3112 270 3176 inter
302 3107 486 3177 carissimos
501 3108 535 3174 in
553 3108 686 3176 Christo
717 3107 803 3174 filios
834 3114 964 3175 nostros
996 3106 1182 3175 Johennem

60 3213 187 3283 Boemie
213 3222 248 3282 et
262 3217 471 3283 Razimirnm
497 3214 633 3282 Polonie
657 3215 767 3300 Reges
791 3215 947 3298 illustres,
972 3237 1011 3282 sc
1035 3216 1181 3283 eiusdem

59 3320 151 3408 Regis
166 3324 305 3391 Boemie
328 3330 430 3407 notos,
454 3323 649 3391 dissidentes
665 3325 812 3407 invicem,
836 3324 1045 3392 reformanda
1062 3325 1183 3392 dudum

48 3433 297 3526 destinavimus,
313 3433 420 3499 animo
437 3433 503 3498 leto
529 3435 678 3517 receptis,
704 3439 738 3500 et
757 3434 918 3500 contentis
934 3435 969 3498 in
985 3432 1031 3500 eis
1048 3433 1184 3518 diligen-

60 3541 117 3606 tins
142 3542 330 3622 intellectis,
356 3541 598 3625 responsionem
628 3547 720 3606 tuem
746 3542 835 3626 piem
860 3549 893 3608 et
908 3540 1099 3626 benivolam,
1124 3562 1185 3607 nec

59 3673 117 3717 non
133 3657 168 3718 et
185 3651 389 3719 affectionem
413 3649 584 3731 sinceram,
609 3670 707 3733 quum
731 3654 767 3716 te
789 3648 911 3716 habere
938 3651 1026 3716 circa
1049 3649 1184 3716 eandem

61 3759 262 3826 concordiem
288 3757 479 3826 describunt
503 3756 589 3824 dicte
613 3756 728 3838 littero,
753 3779 826 3824 cum
846 3758 1026 3844 gratiarum
1051 3757 1185 3824 sotioni-

42 3867 115 3936 .bns
130 3867 360 3953 multipliciter
374 3867 409 3933 in
423 3865 566 3932 Domino
582 3865 852 3932 commendemus.
863 3865 946 3932 (lum
956 3869 1065 3932 summ
1081 3865 1185 3930 eidem

58 3973 141 4062 Regi
157 3974 295 4042 Polonie
313 3974 504 4054 scribamus
519 3975 661 4059 qualiter
675 3973 823 4058 prefatus
839 3973 912 4040 Rex
928 3972 1073 4052 Boemie,
1090 3977 1124 4039 et
1139 3970 1187 4037 di·

59 4082 162 4150 lectus
189 4082 273 4150 filius
289 4083 410 4151 nobilis
436 4084 486 4149 vir
511 4080 651 4149 Carolus
674 4080 913 4168 primogenitus
930 4101 1018 4160 suus,
1033 4101 1136 4164 nuper
1153 4081 1187 4145 iu

58 4199 175 4259 nostra
191 4193 354 4277 presentia
370 4191 552 4274 constituti,
568 4197 602 4258 et
617 4211 676 4275 per
690 4211 749 4257 nos
767 4210 864 4275 super
880 4189 1114 4256 reformatione
1129 4187 1187 4253 hu-

59 4299 202 4367 iusmodi
224 4301 395 4369 concordie
420 4300 579 4383 requisiti,
604 4300 699 4366 nobis
721 4298 871 4366 benivole
894 4296 1138 4386 respondentes,
1154 4318 1188 4363 se

2 4427 3 4438 ¹
60 4405 222 4474 voluntati
248 4417 280 4475 et
305 4409 505 4476 ordinationi
529 4413 641 4474 nostre
666 4427 762 4492 super
786 4407 856 4491 hoc,
881 4405 1011 4472 adiecta
1025 4425 1110 4490 peno
1135 4405 1189 4470 de·

2 4564 3 4586 ,
61 4538 132 4584 cem
147 4517 272 4583 milium
290 4517 500 4586 marcharum
516 4516 598 4600 auri,
616 4521 648 4582 et
662 4515 845 4582 iuramento
868 4514 1007 4599 prestito
1023 4511 1188 4580 summise-

107 4653 210 4690 uonnu.
226 4655 306 4692 nuuc.
322 4654 391 4694 mss.
408 4662 452 4676 ·-
467 4652 536 4692 sorr
552 4653 612 4691 exn.
629 4651 660 4692 11.
1041 4624 1079 4686 11
