3166 5256
442 325 688 402 'nmnousczrar
703 343 872 408 unusne.
1124 339 1186 402 105

75 517 218 599 quatenus
233 513 294 582 stb.
311 513 357 581 ad
373 515 558 584 huiusmodi
574 537 687 600 pacem
712 523 745 584 et
770 514 987 597 concordiam,
1003 515 1191 599 pretermis-
1319 495 1322 505 ¹

74 621 113 687 sis
126 624 250 690 omnino
266 623 498 706 congressibus
512 624 649 704 bellicis,
664 624 808 691 animum
824 622 966 708 Regium
983 621 1138 690 abilitans
1160 631 1193 690 et

74 729 240 816 disponens,
264 737 403 817 treugas
428 733 511 798 inire
536 755 610 799 cum
634 731 726 817 Rege
752 732 901 817 predicto
931 751 1036 814 usque
1052 729 1094 797 ad
1110 731 1193 798 certi

74 839 271 923 competentis
301 840 459 925 temporis
483 843 642 926 spatium,
668 839 755 906 infra
781 838 869 924 quod
901 839 991 925 pacis
1007 835 1195 906 huiusmodi

73 946 240 1030 concordis,
255 948 346 1015 circa
371 969 468 1032 quam
494 969 610 1015 vacare
636 948 789 1015 studiosis
815 947 967 1032 operibus
985 946 1195 1026 intendimus,

73 1055 197 1120 traotmi
211 1061 246 1121 et
260 1054 447 1138 reformari,
471 1055 674 1141 suffragante
699 1057 809 1141 gratia
822 1055 948 1122 Divina
964 1057 1082 1138 valeat,
1098 1053 1198 1120 dura·

16 1195 18 1206 =
74 1167 157 1228 toras
168 1183 346 1246 procures,
375 1171 449 1232 tuos
464 1163 691 1232 nichilominus
717 1161 986 1231 Ambassiatores
1002 1169 1036 1230 et
1051 1162 1195 1232 Nuntios

75 1265 257 1336 snifidenter
273 1274 451 1339 instructos
466 1279 500 1338 et
514 1273 642 1356 ydonea
650 1277 814 1356 potestate
824 1270 982 1352 suffultos,
990 1270 1034 1338 ad
1048 1274 1196 1337 nostram

75 1377 267 1460 presentiam,
285 1379 462 1444 cumidem
487 1379 666 1446 scribamus
682 1378 813 1464 prefato
828 1376 914 1462 Regi
938 1377 1075 1444 Polonie
1100 1398 1197 1462 super

75 1483 140 1564 hiis,
154 1485 416 1552 transmissurus.
441 1484 528 1553 Sane
553 1488 632 1570 quia
646 1487 814 1570 negotium
828 1485 1014 1554 huiusmodi
1030 1507 1070 1552 ex
1086 1485 1195 1552 causis

76 1591 218 1676 predictis
232 1592 358 1658 insidet
373 1593 546 1662 admodum
563 1597 657 1663 nobis
673 1595 784 1676 cordi;
802 1593 956 1660 dilectum
970 1593 1075 1661 filium
1089 1590 1198 1676 Magi-

16 1727 17 1738 *
76 1705 167 1768 strum
182 1699 401 1770 Guillelmum
415 1701 455 1768 de
470 1700 636 1788 Posterla,
661 1703 870 1788 Propositum
896 1701 1046 1770 Ecclesie
1062 1701 1199 1769 Posoni-

16 1807 17 1900 J
77 1809 151 1874 ensis
167 1807 409 1894 Strigoniensis
424 1808 581 1892 Diocesis,
607 1809 823 1897 Oapellanum
838 1818 997 1893 nostrum,
1005 1807 1200 1896 Apostolice

17 1935 18 1938 ’
77 1913 161 1983 Sedis
175 1917 354 1996 Nnncinm,
385 1917 490 1982 virum
520 1919 635 2002 utique
665 1918 852 1987 litterarum
870 1918 1007 1986 scientio
1023 1914 1199 2002 preditum,

16 2109 17 2112 Ἴ
77 2021 237 2108 probitatis
264 2029 301 2090 et
325 2024 625 2109 circumspectionis
649 2027 841 2094 maturitate
856 2023 1076 2110 conspicuum,
1092 2021 1135 2090 ad
1150 2030 1200 2090 tu-

16 2163 17 2168 *
77 2151 124 2196 nn
138 2139 168 2197 et
182 2131 358 2198 memorati
373 2129 478 2216 Regis
503 2135 702 2217 presentiam
716 2155 790 2200 cum
805 2134 880 2200 aliis
895 2133 1015 2199 nostris
1032 2131 1201 2216 oportunis

78 2237 184 2306 litteris
200 2238 406 2323 prouidimus
431 2246 608 2326 propterea
633 2240 882 2324 destinandum
912 2241 1034 2308 nostris
1049 2239 1201 2325 precibus

78 2352 108 2412 et
128 2345 413 2413 exhortationibus
439 2346 619 2414 adicientes
643 2349 810 2434 predictis,
835 2357 872 2416 ut
901 2370 941 2416 ea
966 2369 1029 2432 que
1044 2350 1115 2433 ipse
1131 2345 1202 2412 Tne

16 2441 18 2454 ’
79 2451 267 2522 celsitudini
298 2475 360 2539 pro
391 2461 487 2539 parte
511 2462 626 2524 nostra
651 2459 740 2525 circa
770 2458 930 2542 premissa
955 2456 1088 2523 duxerit
1103 2453 1203 2540 expli-

16 2579 17 2584 ’
79 2561 183 2646 canda,
198 2564 296 2649 plene
312 2563 498 2648 intelligens
514 2573 548 2632 et
572 2567 720 2651 benigne,
736 2568 839 2651 ipsius
854 2565 1133 2652 persuasionibus,
1149 2585 1203 2628 ex-

16 2675 18 2762 2
79 2670 315 2739 hortationibus
331 2677 365 2737 et
380 2673 512 2740 monitis
538 2673 725 2741 salubribus
757 2675 802 2740 sic
818 2675 1009 2759 acquiescas
1025 2671 1203 2740 efficaciter

82 2777 185 2846 inhac
198 2785 315 2864 parte3
330 2779 421 2866 quod
435 2780 530 2863 bona,
548 2802 611 2864 que
627 2787 786 2866 optamus,
800 2782 876 2848 inde
887 2779 1028 2848 Domino
1044 2779 1204 2864 largiente

80 2890 274 2970 proveniant,
290 2890 409 2955 timore
432 2891 594 2956 malorum
621 2889 762 2972 sublato,
786 2890 990 2975 Regalisque
1020 2887 1202 2957 devotionis

79 2994 247 3077 prudentia
264 2995 363 3081 digne
379 2996 486 3063 laudis
503 3003 536 3064 et
552 2998 839 3064 commendationis
849 2999 1010 3083 preconiis
1021 2994 1205 3063 attollatur.

81 3099 197 3168 Datum
222 3101 388 3170 Arinione
413 3101 493 3173 XV.
517 3104 678 3172 kelandas
702 3104 900 3172 Nouembris
917 3103 1135 3172 Pontificatus
1151 3123 1207 3169 no·

83 3212 138 3276 stri
153 3233 241 3278 anno
257 3217 386 3296 quarto.

181 3317 335 3384 Clemens
351 3320 536 3403 Episcopus
553 3327 614 3386 etc.
647 3320 768 3388 dilecto
785 3321 854 3388 filio
870 3320 972 3388 nobili
988 3320 1057 3387 viro
1074 3317 1206 3400 Oarolo,

82 3425 295 3511 primogenito
312 3427 471 3493 carissimi
486 3429 520 3493 in
546 3427 683 3495 Christo
708 3429 768 3496 filii
793 3430 898 3496 nostri
923 3430 948 3496 J
949 3428 1086 3495 ohannis
1102 3425 1207 3510 Regis

83 3529 210 3600 Boemie
227 3533 376 3615 illustris,
398 3535 586 3604 Marchioni
612 3536 763 3604 Morauie
795 3537 934 3603 salutem
950 3545 1010 3604 etc.
1029 3534 1126 3624 (mint
1141 3533 1209 3626 sen-

17 3653 18 3658 ’
82 3638 167 3726 tebb)
182 3639 310 3708 Datum
325 3639 491 3710 Avinione
506 3643 586 3714 XV.
603 3644 762 3712 kalendas
778 3643 973 3712 Novembris
988 3642 1208 3712 Pontificatus

82 3749 178 3814 nostri
195 3771 283 3817 anno
299 3757 428 3836 quarto.

184 3856 337 3926 Clemens
354 3859 539 3946 Episcopus
556 3869 616 3928 etc.
642 3862 812 3930 carissimo
828 3862 862 3928 in
879 3861 1012 3929 Christo
1028 3861 1095 3928 filio
1110 3860 1210 3928 Kasi-

84 3963 160 4032 miro
175 3963 264 4050 Regi
278 3966 416 4034 Polonie
430 3968 553 4035 illustri
570 3969 710 4037 salutem
724 3977 785 4037 etc.
800 3969 897 4056 (mint
912 3967 1069 4055 fentebb.)
1085 3968 1211 4034 Datum

85 4068 244 4140 Asinione
259 4071 339 4146 XV.
353 4075 511 4144 kalendas
528 4075 727 4145 Nouembris
753 4077 972 4146 Pontificatus
1002 4075 1108 4144 nostri
1123 4097 1209 4144 anno

88 4187 209 4266 quarto.
623 4199 626 4207 ’

404 4326 463 4388 (vl.
476 4325 609 4379 Kelemsn
622 4329 694 4395 ptpa
706 4329 895 4396 regesttibdl.)
