3110 5248
1507 91 1519 104 1

1051 159 1056 170 t

1548 231 1550 254 l

1548 272 1550 285 Ι

388 367 452 428 300
744 357 1165 426 ouuomcamrnuutsau.

312 519 314 524 ¹
387 537 544 604 effusione
558 535 734 619 sanguinis,
751 555 790 601 ac
804 531 994 619 perdicione
1004 536 1197 602 facultatum
1207 537 1241 601 in
1252 536 1391 620 siugulis
1408 555 1499 600 neces·

302 707 305 716 .
387 645 520 732 citatum
536 643 677 723 casibus,
692 648 790 727 prout
807 650 953 709 vestrum
969 664 1034 708 non
1050 643 1188 726 ambigit
1212 643 1344 728 aliquis,
1359 643 1449 710 alteri
1462 642 1499 707 al·

387 751 467 818 teris
483 751 609 818 actibus
626 751 747 816 mutuis
770 754 925 834 prompta
949 756 983 816 et
1008 755 1194 835 opportuna
1209 750 1355 818 subsidia
1368 750 1501 835 prestita

387 864 473 938 rum,
487 857 531 925 ad
546 857 839 944 prehemineutiam
855 859 1039 940 signantius
1054 860 1159 942 partis
1170 857 1300 939 Guelfe,
1315 858 1401 926 circa
1416 877 1500 940 quam

390 965 458 1030 illis
475 973 508 1030 et
522 965 613 1031 vobis
628 969 707 1030 trmc
731 963 956 1047 gliscentibus,
981 971 1018 1030 ut
1042 965 1157 1031 auditu
1181 965 1394 1049 concepimus,
1408 965 1500 1030 omnia

388 1072 512 1156 pericla
528 1072 664 1138 sollacia
688 1069 890 1139 videbantur.
916 1070 1001 1138 Cum
1025 1093 1103 1155 ergo
1127 1072 1229 1156 Regis
1245 1073 1349 1157 ipsius
1365 1071 1501 1157 principi·

387 1186 464 1245 ante
480 1180 628 1246 austutia
642 1177 738 1242 multi
754 1177 930 1261 perniciosi
955 1182 1116 1244 tractatus
1132 1179 1175 1245 ad
1191 1179 1415 1246 conluuionem
1430 1178 1501 1242 dicte

387 1287 493 1370 partis
509 1285 645 1352 subdola
660 1285 883 1366 instruantur;
906 1307 979 1351 cum
1005 1285 1247 1353 inimicantibus
1272 1288 1363 1371 parti
1386 1287 1446 1370 ipsi
1458 1307 1501 1348 ne-

389 1392 568 1460 cessarium
584 1391 654 1459 fore
669 1391 894 1475 conspicimus,
910 1394 998 1477 quod
1015 1391 1211 1460 Communia
1221 1393 1501 1461 Ciuitatumrestrc

388 1500 570 1583 Florentie,
595 1497 757 1567 Seuerum
782 1501 882 1566 etiam
907 1505 941 1565 et
965 1499 1096 1565 Perusii
1120 1501 1360 1584 principaliter,
1390 1505 1422 1566 et
1446 1499 1500 1565 alia
1548 1559 1550 1566 .

389 1607 584 1675 Communia
609 1605 731 1674 (duella
754 1627 820 1673 uua
846 1606 1020 1690 vobiscum,
1036 1628 1173 1690 quorum
1190 1607 1286 1672 simul
1302 1603 1499 1673 sollerter'iu·
1548 1689 1550 1702 ί

391 1714 527 1781 tendere
543 1713 586 1780 ad
602 1712 824 1780 defensionem
839 1713 929 1780 illius
945 1715 1143 1799 prospicitur
1166 1715 1333 1796 interesse,
1349 1714 1446 1782 tantis
1460 1733 1501 1776 ne·

388 1821 513 1906 phariis
529 1821 843 1888 macchinationibus
867 1822 901 1887 in
927 1820 1154 1888 obstachulum
1170 1826 1388 1906 opponantur,
1402 1825 1437 1885 ut
1449 1821 1500 1902 ipsi
1548 1875 1550 1884 .

388 1929 463 1997 Rex
478 1937 512 1996 at
527 1929 626 2010 emuli
642 1927 869 1995 conluuionem
884 1930 917 1995 iu
934 1950 991 1995 eos
1007 1931 1152 1996 sentiant
1168 1950 1207 1994 ex
1221 1936 1338 1996 nostra
1361 1927 1500 1995 communi
1549 1945 1550 2004 j

389 2038 576 2104 defensioue
601 2036 698 2115 uirili,
723 2055 805 2119 quos
833 2037 895 2120 ipsi
919 2056 1093 2120 perperam
1119 2035 1317 2102 confundere
1334 2036 1499 2102 monunuu.
1549 2025 1550 2092 ἒ

388 2144 540 2227 Adeptet
556 2143 655 2226 igitur
670 2140 831 2209 Dominus
856 2140 1009 2208 Potentie
1035 2149 1181 2209 nostrum
1199 2163 1367 2210 commuue
1381 2141 1463 2222 uelle,
1475 2145 1501 2205 et
1548 2129 1550 2198 Ξ

394 2259 610 2336 aggregatum
626 2251 661 2316 in
677 2271 778 2316 uuum
792 2257 962 2333 tamquam
977 2250 1096 2316 lortius
1112 2271 1177 2316 nou
1193 2251 1336 2332 ledetur,
1347 2249 1499 2317 sedraleat
1548 2249 1550 2332 Ξ

389 2359 500 2426 ledere
515 2378 575 2424 nos
591 2356 756 2424 offendere
773 2363 970 2444 satagentes
985 2379 1045 2424 nac
1056 2364 1245 2442 superatum
1260 2357 1295 2423 in
1309 2365 1418 2443 partes
1433 2363 1498 2422 tan·
1548 2379 1550 2438 ;

390 2488 488 2551 quam
513 2465 652 2531 debilius
676 2464 866 2533 succumbet
890 2467 1045 2550 potestati
1080 2468 1258 2535 omanorum
1284 2467 1499 2544 communium

389 2575 447 2662 qui
462 2572 604 2653 tandem,
629 2573 656 2637 ai
681 2581 813 2658 possent
839 2582 985 2640 nostram
1010 2574 1142 2642 finalem
1167 2575 1416 2642 destructionem
1430 2593 1498 2640 com-

391 2704 532 2764 munem,
547 2688 646 2767 prout
670 2702 728 2748 vos
758 2683 915 2766 ipsosmet
940 2705 1005 2750 nou
1029 2685 1217 2752 dubitamus
1234 2686 1499 2771 superaddentes
1547 2695 1549 2706 ⁴

390 2789 590 2882 sanguinem,
607 2788 730 2872 absque
746 2789 847 2855 dubio
865 2797 1089 2874 procurarent.
1114 2792 1257 2858 Densum
1272 2794 1316 2859 ad
1331 2791 1497 2859 memoriam

391 2894 550 2962 Amicitia
567 2894 688 2964 Vestra
703 2896 896 2974 reducimus,
913 2897 1010 2981 quod,
1025 2898 1121 2964 sicuti
1137 2899 1218 2966 bene
1236 2900 1335 2981 scitis,
1351 2917 1496 2982 uunquam

390 3003 470 3070 dicti
494 3003 738 3087 predecessores
763 3005 869 3070 nostri
894 3003 1119 3089 Imperatores
1143 3015 1320 3074 tenuerunt
1345 3009 1496 3091 inpetres,

390 3117 490 3194 prout
505 3131 560 3178 eos
576 3133 635 3179 nos
651 3112 803 3178 similiter
827 3134 891 3179 non
915 3119 1072 3196 tenemus,
1097 3115 1155 3182 sed
1179 3116 1290 3199 potius
1306 3117 1340 3181 in
1356 3130 1488 3180 uouercou

392 3217 498 3303 Super
516 3219 633 3304 quibus
650 3219 779 3288 domino
794 3221 820 3289 J
821 3219 923 3288 acobo
940 3220 980 3287 de
997 3221 1193 3306 Piguatario
1208 3222 1303 3289 Juris
1313 3221 1422 3289 Ciuilis
1430 3219 1495 3285 Pro·

389 3323 516 3409 fessori,
531 3335 563 3394 et
579 3327 745 3412 Phylippo
773 3329 814 3395 de
839 3327 952 3413 Spinis
979 3332 1104 3397 conciui
1128 3339 1246 3413 vestro,
1266 3330 1495 3399 Consiliariiset
1545 3325 1547 3408 Ξ

389 3430 607 3500 familiaribus
623 3436 745 3501 nostris
761 3435 901 3519 dilectis,
926 3458 988 3522 per
1011 3459 1072 3504 nos
1101 3439 1144 3505 ad
1162 3440 1360 3523 presentiam
1375 3443 1494 3504 raabam
1538 3437 1547 3532 Ξ

389 3541 506 3622 missis,
521 3541 628 3608 velitis
644 3542 813 3611 indubiam
837 3545 1003 3612 credentia
1018 3547 1098 3613 dare
1112 3545 1217 3614 fidem
1243 3545 1337 3614 Data
1351 3544 1493 3613 Auiniouc
1544 3539 1546 3632 Ξ

389 3649 443 3716 die
458 3649 570 3717 ultimo
587 3650 671 3735 Maij
689 3653 792 3735 prime
807 3652 994 3720 indictionis
1543 3689 1546 3740 l

1064 3762 1253 3832 Lodouicus
1270 3763 1311 3830 de
1328 3761 1458 3830 Tarento
1544 3745 1546 3828 ζ

1108 3867 1226 3937 Comes
1243 3869 1421 3937 Prouincic.
1543 3889 1545 3938 ι

497 4009 549 4072 (Aa
566 4009 646 4061 »Acti
658 4013 765 4075 pucras
787 4013 850 4102 uam
873 4016 1090 4069 uramvroceue
1103 4017 1326 4084 amomacum«
1340 4015 1401 4068 coa.
1416 4009 1490 4064 rau
1543 3987 1545 4078 Ξ

388 4097 437 4150 XI.
452 4097 514 4149 dist.
531 4104 563 4164 1.,
576 4115 594 4150 a
606 4102 735 4156 floreuczi
748 4104 942 4171 levelttrban.)
1542 4087 1545 4182 Ξ
