3134 5252
351 343 416 407 204
698 357 934 406 arraonaczrar
952 345 1119 404 suntuna.

350 525 383 584 et
399 519 594 586 conditionis
620 519 774 598 existant,
800 515 945 584 sandalia
967 516 1063 598 bona,
1088 524 1120 583 ct
1136 524 1242 582 terras
1258 539 1279 583 a
1294 517 1391 584 Curia
1417 539 1476 583 no·

351 633 422 694 stra
434 615 631 706 tenentibus,
656 647 781 692 necnon
806 623 1038 708 Neapolitanis
1055 631 1088 692 et
1102 625 1177 710 alijs
1201 626 1401 709 pronisiones
1418 625 1478 692 ha·

350 734 511 813 bentibus,
535 734 596 800 sub
621 753 705 818 pena
729 733 924 816 priuationis
949 741 982 798 et
1006 735 1223 800 ammissionis
1246 741 1419 818 terrerum,
1445 739 1480 800 et

349 842 509 908 bonorum
533 840 720 921 feudalium,
745 861 783 908 ac
808 841 1031 924 pronisionnm
1055 842 1198 908 omnium
1214 842 1415 922 eorumdem
1444 849 1479 908 et

351 948 560 1016 Officialibns
584 949 705 1015 nostris
729 948 864 1014 ubilibet
887 970 945 1032 per
970 947 1123 1034 Regnum
1147 945 1259 1015 Sicilie
1284 949 1479 1030 constitutis,

350 1077 546 1143 quocunque
561 1060 690 1122 nomine
701 1061 905 1137 censeantur,
920 1057 1141 1140 cuiuscunque
1156 1055 1307 1123 similiter
1323 1061 1428 1124 status
1444 1064 1480 1122 et

351 1165 547 1234 conditionis
562 1167 714 1246 existant,
730 1165 790 1233 sub
806 1187 890 1250 pena
913 1185 1128 1250 personarum
1143 1172 1177 1232 et
1191 1165 1350 1231 bonorum
1367 1186 1480 1232 eorum

351 1273 567 1359 peremptorie
591 1279 624 1338 et
640 1293 791 1358 expresse
806 1274 1011 1356 precipimus,
1026 1273 1116 1358 qnod
1130 1271 1220 1338 dioto
1236 1272 1401 1356 Magistro
1415 1273 1479 1340 Ju-

352 1382 503 1463 stitiario,
519 1381 650 1465 suisque
666 1381 801 1446 statutis
817 1387 851 1446 et
865 1381 1024 1446 ministris
1041 1381 1129 1446 circa
1143 1381 1410 1465 prosequendum,
1426 1401 1479 1446 ca-

352 1489 506 1567 piendum
522 1495 557 1554 et
571 1487 772 1572 puniendum
789 1487 894 1553 dictos
912 1486 1108 1572 proditores,
1123 1493 1157 1554 et
1172 1487 1253 1554 alios
1271 1509 1480 1572 quoscunque

352 1596 567 1664 declarandos
582 1617 655 1662 reos
680 1596 757 1662 dicti
783 1595 934 1676 criminis,
950 1595 1131 1679 complices,
1148 1604 1181 1661 et
1197 1593 1342 1664 fautores
1358 1615 1481 1678 eorum,

352 1711 386 1774 et
403 1706 580 1789 quemlibet
595 1704 781 1784 eorundem,
797 1705 962 1784 assistant,
978 1709 1011 1770 et
1026 1702 1160 1770 fouoant
1179 1704 1334 1789 oonsilijs,
1349 1704 1480 1788 anxilijs

353 1822 387 1883 et
400 1813 569 1882 fauoribus
595 1812 795 1896 opportunis,
819 1817 851 1876 et
870 1833 932 1878 rna
948 1831 1019 1876 cum
1036 1810 1151 1876 eodem
1165 1811 1332 1895 Magistro
1348 1811 1481 1880 Justiti-

352 1923 434 2004 ario,
448 1921 502 1988 nel
518 1918 701 1988 statuendis
726 1918 769 1984 ab
793 1920 866 2002 ipso
882 1918 925 1984 ad
941 1924 1048 1986 terras
1064 1925 1097 1983 et
1111 1918 1193 2000 loca,
1217 1920 1272 1984 rbi
1288 1920 1367 1986 dicti
1383 1921 1481 1988 mele-

353 2031 417 2112 fici,
441 2035 474 2096 et
498 2029 546 2096 rei
570 2027 713 2093 criminis
738 2025 925 2092 Maiestatis
949 2028 982 2092 in
1006 2024 1123 2109 Regno
1148 2032 1260 2092 nostro
1277 2025 1400 2108 Sicilie,
1416 2051 1481 2097 non

354 2141 423 2204 sine
438 2142 626 2219 contemptu
641 2135 744 2200 nostri
760 2131 906 2217 Dominij
931 2134 1053 2200 morari
1069 2133 1231 2218 dicuntur,
1245 2136 1308 2219 ipsi
1325 2133 1482 2220 Comites,

353 2245 511 2327 Berones,
537 2250 570 2310 et
593 2242 779 2327 feudatarij,
804 2248 837 2306 et
861 2239 1067 2325 pronisionee
1091 2241 1250 2309 habentes
1268 2265 1343 2310 curn
1357 2244 1481 2312 feudali

355 2354 492 2422 seruitio
507 2374 566 2439 per
583 2373 637 2418 eos
653 2356 765 2417 nostre
782 2347 882 2416 Ourie
898 2350 1008 2417 debito
1025 2371 1091 2434 pro·
1101 2354 1201 2417 terris
1220 2353 1355 2419 etbonis
1371 2353 1483 2421 lenda-

354 2465 448 2544 libus,
473 2467 507 2528 et
531 2460 782 2546 prouisionibus,
799 2481 862 2543 que
878 2481 899 2524 a
915 2457 1016 2524 Curia
1033 2467 1146 2525 nostra
1161 2465 1275 2526 tenent
1291 2469 1324 2528 et
1339 2462 1482 2544 habent3

355 2571 500 2655 dictique
525 2568 691 2638 Officiales
716 2589 790 2633 cum
815 2587 926 2632 eorum
942 2571 1049 2652 gente,
1064 2589 1103 2632 ac
1120 2568 1237 2634 maiori
1252 2568 1405 2650 exfortio,
1418 2591 1483 2656 quo

355 2685 520 2766 poterunt,
536 2699 570 2744 se
586 2677 803 2761 personaliter
828 2675 999 2741 conferant
1014 2675 1048 2740 in
1064 2677 1298 2761 persecutione,
1323 2679 1482 2763 captione,

354 2796 388 2853 et
411 2788 579 2873 punitione
604 2786 764 2852 dictorum
798 2783 1029 2865 maleficorum,
1059 2784 1150 2850 iuxta
1180 2785 1421 2853 ordinationem
1452 2795 1485 2853 et

354 2896 545 2964 mandatum
570 2893 648 2959 dicti
674 2891 821 2973 Comitis,
845 2899 945 2976 prout
970 2898 1003 2958 et
1028 2893 1168 2974 quando,
1199 2893 1253 2959 vbi
1269 2901 1303 2959 et
1318 2894 1405 2960 sicut
1419 2897 1482 2980 ipsi

355 3004 476 3071 Comiti
491 3002 654 3069 videbitur
679 3000 841 3084 expedire,
865 3006 898 3065 et
922 3001 1006 3067 siout
1030 3002 1101 3083 ipse
1126 2999 1240 3066 Comes
1257 3021 1316 3084 per
1331 3001 1484 3086 edictum,

355 3112 610 3195 requisitionem,
634 3110 688 3176 uel
713 3109 796 3174 alias
822 3108 952 3174 duxerit
968 3107 1194 3191 ordinandum,
1210 3109 1284 3191 ipsa
1300 3111 1438 3178 seruitia
1454 3119 1487 3178 et

356 3221 477 3288 dictum
494 3217 669 3283 anfortium
684 3214 862 3298 prestituri.
878 3213 934 3280 Ita
949 3213 1037 3297 quod
1053 3213 1087 3278 in
1103 3213 1291 3280 testimonio
1311 3219 1486 3284 statuendo

355 3350 414 3414 per
429 3326 567 3392 eundern
592 3323 790 3407 Magistrum
815 3321 1051 3404 Justitiarium,
1067 3322 1131 3404 ipsi
1147 3319 1301 3405 Comites,
1327 3323 1486 3404 Berones,

356 3433 560 3518 Pandatarij,
577 3439 609 3499 et
622 3430 828 3516 pronisiones
843 3428 1012 3508 hebentes,
1023 3450 1062 3495 ac
1073 3427 1241 3496 Oifioiales
1256 3451 1367 3496 coram
1385 3453 1424 3498 eo
1440 3435 1486 3499 in·

357 3543 540 3612 fallibiliter
557 3563 590 3607 se
606 3543 795 3625 presentent
811 3559 883 3604 oum
900 3537 995 3602 dictis
1012 3537 1163 3621 seruitijs,
1179 3544 1285 3622 gente,
1301 3545 1336 3604 et
1351 3541 1488 3608 exfortio

355 3653 414 3721 illo
429 3655 524 3719 iuxta
538 3649 642 3734 ipsius
659 3645 796 3714 Comitis
821 3643 1079 3727 dispositionem,
1094 3651 1127 3710 vt
1143 3646 1355 3729 premittitur,
1374 3651 1489 3731 presti-

356 3761 433 3844 turi,
449 3758 581 3826 stelias
606 3757 638 3820 in
666 3752 834 3819 Comitatu
859 3751 941 3817 dicti
957 3751 1110 3835 Magistri
1127 3752 1151 3818 J
1153 3753 1311 3839 ostitiarij
1328 3755 1489 3826 moraturi

356 3869 562 3955 predicantes
578 3861 700 3930 eisdem
725 3882 764 3925 ex
789 3880 883 3940 nunc,
909 3855 995 3940 quod
1012 3860 1039 3922 si
1055 3858 1167 3924 forsan
1182 3860 1217 3923 in
1234 3858 1324 3926 dioto
1348 3864 1488 3928 termino

358 3993 548 4060 comparere
573 3968 842 4052 contempserint,
866 3965 946 4031 dieti
973 3962 1119 4032 Comites
1134 3971 1168 4030 et
1182 3963 1342 4050 Berones,
1358 3975 1393 4034 et
1407 3969 1490 4037 Fen·

358 4084 480 4169 datarij
498 4086 532 4148 et
547 4078 751 4165 prouisiones
767 4075 935 4155 habentes,
945 4070 1166 4139 Oomitatibus
1176 4072 1333 4159 Baronijs
1343 4076 1490 4144 etfeudis

358 4199 391 4258 et
415 4187 666 4275 prouisionibus,
692 4206 755 4268 qne
780 4189 893 4249 tenent
917 4204 938 4248 a
964 4181 1052 4248 dicte
1076 4185 1190 4246 nostra
1216 4177 1329 4264 Curia,
1346 4183 1491 4269 dictique

359 4296 529 4366 Officiales
545 4295 639 4363 bonis
655 4313 765 4360 eorum
783 4292 855 4376 ipso
870 4291 941 4356 iure
957 4295 991 4354 et
1008 4289 1078 4355 sine
1097 4289 1261 4354 sententia
1276 4290 1345 4355 sint
1359 4292 1494 4375 priuati.

361 4403 463 4471 Cuius
479 4402 676 4489 priuationis
700 4399 842 4470 edictum
868 4419 907 4463 ex
931 4418 1017 4463 nunc
1042 4401 1141 4480 prout
1157 4417 1197 4460 ex
1213 4401 1293 4462 tnnc
1309 4399 1496 4481 specialiter

358 4513 612 4597 promulgamus,
628 4515 662 4576 vt
678 4507 764 4574 idern
781 4508 945 4590 Magister
954 4503 1163 4570 Justitiarius
1181 4523 1219 4568 ex
1235 4504 1276 4570 iis
1292 4507 1417 4573 maiore
1434 4509 1496 4577 sos·
