3108 5246
531 381 625 457 1350.

548 699 620 761 309.

44 857 69 922 Α
85 857 230 923 odoacari
246 859 387 946 deposed·
398 861 655 946 Mcyyarorszcip
665 856 802 944 kiru'lya
812 857 845 920 e‘s
855 857 1045 942 dormdnya.
1065 857 1159 920 1350.

135 1017 261 1083 Littera
276 1017 437 1084 Lndorici
452 1019 555 1101 Regis
565 1017 738 1100 Hungarie
748 1015 789 1081 ad
800 1016 926 1081 Ducem
936 1014 1159 1082 Venetiarum.

138 1123 324 1191 Lndoticus
335 1123 399 1190 Dei
415 1125 525 1209 grstia
540 1125 614 1190 Rex
631 1124 787 1207 Vngarie,
796 1122 985 1190 Jerusalem
1001 1128 1034 1187 et
1049 1119 1160 1188 Sicilie

44 1228 208 1313 Magnifice
226 1240 262 1298 et
278 1233 406 1316 potenti
422 1234 493 1297 viro
507 1229 641 1297 Andree
656 1229 811 1296 Dandulo
835 1227 921 1295 Duci
937 1227 1161 1310 Venetiarum,

44 1338 136 1404 amico
152 1361 210 1406 suo
227 1342 398 1406 carissimo
424 1361 599 1424 prosperos
616 1339 658 1404 ad
674 1345 748 1405 rota
773 1359 923 1404 successu

6 1485 7 1488 =
133 1447 279 1514 Litteras
301 1447 421 1514 Vestre
449 1446 644 1513 Nobilitatis
668 1447 858 1530 recepimus,
881 1465 1058 1531 earumque
1085 1468 1159 1512 con·

41 1558 121 1616 tenta
130 1575 200 1618 curn
211 1554 383 1620 intellectu
398 1554 546 1638 diligenti
557 1555 739 1620 andivimus
750 1552 945 1638 adplenum.
956 1549 1011 1618 Ad
1022 1574 1159 1636 quarum

39 1663 180 1744 tenorem,
195 1661 255 1726 ubi
272 1661 392 1746 dicitis,
406 1660 494 1746 quod
510 1663 621 1746 plnres
637 1661 767 1744 querele
783 1661 968 1745 receperitis
993 1681 1013 1725 a
1039 1660 1161 1728 civibus

43 1759 300 1850 Sihinicensibus,
316 1775 348 1834 et
363 1769 405 1835 ah
422 1769 497 1836 aliis
512 1771 655 1854 partium
672 1769 842 1836 Sclaronie
864 1769 1102 1853 pertinentibus
1117 1768 1160 1832 od

42 1869 118 1956 llum
133 1874 172 1941 de
188 1875 343 1961 dampnis
360 1884 394 1942 et
418 1877 695 1958 derobationibus,
722 1898 784 1962 que
810 1899 868 1962 per
900 1883 1014 1960 gentes
1030 1882 1160 1942 nostras

43 1977 76 2043 de
90 1981 262 2049 Ostroviza
279 1991 313 2050 et
338 1984 378 2050 de
396 1985 515 2051 Tinino
531 1984 771 2052 inanimalibus
787 1991 820 2050 et
835 1983 928 2050 bonis
943 2005 1054 2050 eorum
1070 1985 1161 2050 nulla

43 2107 130 2155 causa
143 2090 293 2175 legitima
308 2093 504 2176 precedente
520 2093 718 2176 receperint;
733 2092 846 2158 taliter
861 2089 980 2159 Vestre
1004 2089 1161 2158 Amicitie

44 2198 283 2277 respondemus:
299 2202 388 2284 quod
405 2201 469 2266 ista
485 2201 614 2282 damna,
630 2221 694 2284 qne
710 2200 902 2285 proponitis,
918 2219 979 2264 nec
994 2221 1034 2264 ex
1049 2199 1160 2265 volun-

44 2305 103 2366 tate
118 2312 239 2386 nostra,
257 2327 317 2372 nec
333 2305 456 2373 domini
473 2306 634 2392 Stephani
651 2305 818 2374 Dalmatis
834 2313 867 2374 et
877 2305 1010 2372 Oroatie
1027 2311 1060 2370 et
1071 2303 1161 2371 Scla-

43 2411 126 2473 ronie
149 2408 254 2478 Ducis
281 2411 404 2497 fratris,
430 2413 479 2480 rel
503 2414 782 2481 Excellentissime
807 2413 1007 2496 Principisse
1033 2412 1160 2478 dominc

6 2561 8 2594 ζ
42 2513 153 2600 Regine
176 2521 347 2604 genitricis
372 2526 557 2588 nostrornm
582 2523 757 2604 carissime,
781 2523 846 2588 sint
862 2521 975 2602 illata;
1001 2526 1035 2587 et
1050 2522 1078 2587 si
1095 2539 1161 2602 qua

41 2627 106 2688 sunt
118 2624 222 2710 illata,
238 2631 276 2692 ut
292 2627 381 2694 vobis
396 2633 511 2695 nostra
525 2630 653 2714 punitus
669 2631 865 2698 observandi
880 2637 1034 2716 treuguas
1059 2632 1160 2702 stabi·

43 2728 109 2797 litas
121 2735 295 2801 manifeste
311 2741 482 2821 appareat,
496 2757 569 2803 ecce
586 2737 739 2805 Nobilem
754 2739 859 2805 virum
875 2738 1017 2808 Paulum
1031 2740 1160 2808 Bannm

45 2837 119 2904 tices
132 2846 300 2909 tenentem
316 2844 419 2927 ipsius
435 2839 596 2930 Stephani
612 2845 715 2913 Ducis
731 2850 765 2914 in
780 2848 937 2934 predictis
967 2848 1161 2930 Dncstibus,

45 2944 268 3014 adsidendum
284 2956 317 3016 et
333 2950 555 3034 indagandum
572 2976 618 3036 ea,
644 2978 707 3038 que
730 2958 875 3025 indebite
892 2965 924 3024 et
949 2959 1068 3044 injuste
1085 2967 1160 3026 sunt

45 3051 149 3120 illaad
164 3058 357 3141 vigesimum
375 3057 461 3126 diem
477 3063 598 3128 mensis
613 3061 699 3146 Maji
715 3065 758 3131 ad
773 3072 885 3149 partes
902 3067 976 3132 illas
991 3066 1160 3151 deputavi-

43 3181 103 3226 mus
117 3167 424 3248 transmittendum
442 3169 495 3251 qui
513 3171 643 3252 quidem
659 3170 771 3238 Bsnus
788 3176 991 3257 investigatis
1008 3175 1160 3260 dampnis

44 3275 72 3331 et
85 3269 207 3354 injuriis
223 3274 299 3339 lesis
315 3275 492 3340 satisfaciet
506 3278 538 3342 in
550 3301 690 3361 persoua
701 3279 805 3346 Ducis
816 3284 996 3366 prenotati,
1009 3283 1051 3349 ad
1064 3306 1160 3368 quem

6 3395 8 3412 *
44 3381 203 3447 terminum
238 3389 377 3448 vestrum
394 3384 553 3450 hominem
571 3389 813 3472 transmittatis,
830 3413 940 3458 eoram
966 3416 1031 3478 quo
1048 3395 1160 3460 eodem

6 3495 8 3500 ’
45 3484 213 3553 satisfactio
230 3489 300 3553 lieri
317 3489 445 3572 debeat,
461 3498 497 3557 nt
513 3495 703 3559 tractaverit
716 3497 812 3579 justis
822 3499 901 3564 ordo
912 3497 1036 3567 Datum
1046 3501 1160 3568 Budae

44 3585 88 3652 die
106 3587 207 3660 XIX.
225 3597 344 3660 mensis
361 3595 497 3681 Aprilis.

143 3699 273 3768 Similes
288 3703 398 3769 littere
415 3707 510 3771 misse
528 3708 656 3775 luerunt
674 3701 735 3794 pro
754 3719 849 3796 parte
868 3715 989 3780 domiui
1001 3715 1158 3800 Stephani

6 3881 8 3888 Ι
48 3800 138 3873 Ducis
154 3807 342 3894 sclavonie;
358 3820 392 3878 et
409 3813 549 3882 Domine
565 3818 692 3902 Regina
709 3819 856 3904 Vngarie
871 3823 942 3906 ejus
969 3827 1092 3890 matris

50 4034 64 4084 k
142 3953 176 4015 (A
193 3955 297 4021 »Copia
311 3957 345 4007 de
359 3957 598 4012 commemorialh
614 3965 705 4014 oztmtt
717 3967 855 4017 velencaei
878 3967 1101 4033 tllamkdnythul
1113 3971 1159 4022 lv.

66 4037 316 4108 &tussahm

518 4235 676 4248 ἰ--ψᾯ
