3110 5248
374 348 438 408 248
725 359 959 406 nrrnonncnmr
978 347 1145 408 urrunnun.

375 519 592 604 approbando
610 541 663 585 eos
679 519 712 584 in
729 519 852 584 Maiori
869 518 1014 584 Consilio
1030 519 1073 584 ad
1088 537 1195 600 unum,
1211 526 1244 586 et
1260 520 1316 604 qui
1333 520 1488 588 habuerint
1552 549 1554 566 1

379 627 491 711 plures
501 626 643 692 ballotas
655 626 856 693 transeundo
866 628 1023 692 maiorem
1033 632 1161 710 partem
1178 627 1327 708 Consilii,
1342 631 1407 694 sint
1420 629 1488 693 firmi
1552 631 1554 690 l

377 741 410 800 et
427 734 555 818 possint
571 737 675 820 accipr
666 735 731 801 de
748 756 835 801 omnr
826 735 922 801 'loco
939 742 973 800 et
989 733 1096 800 officio
1122 736 1261 803 existent
1262 759 1296 802 es
1313 738 1346 803 in
1363 735 1488 802 Ciuitate

373 843 529 926 Rinoalti‚
544 864 609 908 non
624 840 793 927 perdendo
809 842 955 926 regimen
970 841 1022 906 vel
1038 841 1180 909 officium
1206 852 1293 910 esset
1309 845 1489 910 continuum
1552 843 1554 928 l

373 951 418 1016 Et
434 950 580 1017 habeant
596 951 636 1016 de
653 950 775 1016 salario
790 950 893 1017 libras
919 951 1085 1016 trecentas
1100 972 1160 1035 pro
1178 951 1351 1034 quolibet'
1342 975 1375 1017 rn
1390 952 1489 1036 prinis
1551 939 1554 1026 ¹3

373 1055 494 1145 tribus3
507 1059 680 1139 mensibus,
705 1065 738 1124 et
754 1057 829 1124 inde
845 1061 942 1124 antea
956 1055 1059 1124 libras
1081 1058 1350 1142 quinquaginta
1340 1082 1375 1124 nn
1393 1081 1489 1125 mense
1552 1061 1554 1078 ²

374 1188 433 1251 pro
459 1165 622 1250 quohbet3
647 1171 681 1233 et
704 1171 880 1231 teneantur
905 1165 1103 1260 respondere
1126 1165 1213 1232 infra
1242 1169 1379 1234 tertiam
1409 1168 1489 1246 dien,
1553 1173 1554 1216 3

374 1279 550 1357 postquam
566 1279 661 1338 eruut
677 1273 779 1354 electi,
796 1281 829 1339 et
844 1273 892 1338 ire
909 1271 952 1338 ad
967 1272 1209 1357 beneplacitum
1219 1273 1377 1356 Dominii,
1393 1282 1423 1340 et
1436 1298 1488 1341 non
1552 1267 1554 1280 ⁴

374 1384 501 1466 possint
516 1381 662 1446 refutare
688 1380 747 1447 sub
774 1402 859 1465 pena
883 1380 1044 1446 librarum
1070 1387 1212 1465 quatuor
1228 1386 1368 1465 centum,
1383 1390 1413 1449 et
1427 1384 1490 1448 huic
1552 1385 1554 1456 j

375 1510 458 1574 pene
475 1488 664 1554 subiaceant
679 1487 827 1571 quilibet,
843 1488 898 1571 qui
926 1487 1100 1552 exivissent
1126 1488 1167 1553 de
1187 1493 1279 1554 terra
1296 1491 1337 1556 ab
1353 1495 1422 1556 octo
1437 1490 1490 1554 die·
1552 1545 1554 1574 ,

376 1597 436 1664 bus
453 1596 545 1677 citra,
562 1595 666 1660 etalii
683 1595 790 1677 etiam,
815 1597 871 1679 qui
897 1600 974 1661 ante
998 1603 1109 1661 essent
1137 1602 1230 1661 extra
1245 1602 1380 1679 terram,
1396 1603 1425 1662 et
1439 1597 1491 1662 sibi
1552 1643 1554 1690 1

377 1703 578 1769 notificatum
596 1702 763 1787 fueritper
774 1702 925 1768 nuntium
942 1701 1089 1768 Dominii
1099 1702 1324 1770 infradictum
1334 1705 1490 1770 terminum

376 1811 476 1874 trium
494 1811 636 1891 dierum3
661 1816 694 1874 et
719 1809 862 1876 habeant
887 1811 1059 1890 notarium,
1079 1810 1340 1894 dispensatorem
1356 1817 1388 1877 et
1404 1812 1490 1878 farnu-
1552 1799 1554 1812 ²

379 1919 446 1983 lum
463 1924 495 1982 et
511 1917 680 2000 familiam,
705 1923 738 1983 et
762 1918 889 2001 possint
914 1918 1095 2001 expendere
1120 1939 1179 2001 per
1204 1918 1346 2000 modum,
1371 1942 1429 2005 quo
1443 1918 1489 1984 alii
1553 1933 1554 1984 ζ

377 2027 481 2090 nostri
508 2023 751 2107 Ambaxatores
776 2024 924 2090 solennes
949 2023 1038 2090 soliti
1064 2031 1140 2090 sunt
1164 2027 1212 2091 ire
1238 2026 1281 2092 ad
1305 2031 1420 2094 testam
1447 2047 1490 2091 co-

377 2141 539 2198 ronatam.

461 2275 497 2339 (A
510 2279 650 2329 velenczei
664 2279 793 2330 »Secreta
804 2279 918 2330 Consilii
931 2279 1182 2345 Rogatorume-bbl
1195 2279 1250 2330 nie.
1263 2278 1298 2330 A.
1312 2281 1365 2329 vol.
1381 2279 1412 2340 1.)

863 2407 937 2414 ——n
950 2405 1022 2412 ----

907 2588 980 2650 230.

378 2745 407 2806 A
425 2745 576 2808 oeleocaei
601 2746 876 2832 leormn'nytana‘es
891 2770 963 2810 eaeo
978 2747 1171 2832 kduetsdprb'l
1198 2748 1357 2831 taddae'tjo
1373 2740 1489 2828 adpolyi

723 2855 754 2916 e's
772 2855 881 2918 rdman'
898 2855 1039 2919 bdveter't.
1067 2856 1161 2918 1347.

486 3008 584 3075 Anno
610 3011 883 3081 MOCOXLVII.
909 3013 961 3078 die
988 3012 1074 3079 XX.
1102 3011 1307 3080 Novembris.
1340 3013 1488 3095 Capta:

379 3118 476 3202 Quod
493 3120 657 3185 scribatur
672 3127 785 3187 nostro
802 3121 938 3187 Consuli
954 3123 988 3187 in
1004 3120 1149 3204 Neapoli
1164 3128 1198 3186 ct
1212 3119 1429 3188 Ambaxatori
1445 3139 1489 3183 no·
1552 3129 1554 3180 ἶ

379 3233 459 3308 stro,
476 3225 529 3307 qui
547 3233 595 3291 est
610 3226 666 3308 ibi,
683 3227 770 3310 quod
785 3249 845 3312 pro
862 3227 1024 3312 aliquibus
1037 3226 1242 3309 differentiis,
1258 3250 1321 3311 que
1338 3228 1489 3294 suntinter

381 3334 547 3398 dominum
564 3333 689 3418 Regem
706 3335 878 3420 Hungarie
904 3343 938 3402 et
958 3344 1106 3402 nostrum
1123 3333 1302 3402 Commune
1319 3334 1489 3400 deliberari·
1552 3341 1554 3422 ζ

378 3463 449 3506 mus
466 3443 594 3508 mittere
620 3450 749 3509 nostros
775 3445 932 3510 solemnes
958 3443 1205 3514 Ambaxatores
1222 3445 1388 3530 adipsum
1406 3441 1489 3510 doni·
1552 3437 1554 3524 ᾗ

378 3570 456 3614 num
470 3548 595 3634 Regem
611 3552 779 3618 occasione
794 3552 962 3618 tractandi
978 3553 1184 3618 concordiam
1201 3555 1363 3637 cumipse
1379 3551 1488 3617 domino
1552 3589 1554 3626 3

379 3656 478 3741 Rege.
505 3655 571 3723 Sed
597 3658 758 3743 nolumus
782 3661 870 3744 quod
887 3661 927 3727 de
944 3662 1004 3726 hoo
1021 3662 1146 3744 aliquid
1163 3684 1182 3726 a
1199 3683 1233 3727 se
1252 3661 1382 3742 dicant;
1405 3659 1454 3726 sed
1469 3657 1489 3722 si

380 3765 542 3831 diceretur
559 3767 605 3832 eis
622 3767 748 3848 aliquid
766 3768 805 3833 de
820 3770 893 3852 ipsa
908 3769 1108 3849 Ambenus,
1123 3771 1347 3854 respondeant
1363 3767 1489 3853 illisqui
1552 3829 1554 3842 ,

379 3873 444 3940 sibi
467 3873 623 3956 dicerent,
648 3874 736 3958 quod
761 3883 811 3942 est
837 3898 958 3960 verum,
984 3876 1070 3960 quod
1096 3899 1167 3944 eam
1193 3879 1355 3946 mittimus
1371 3883 1490 3964 protrn
1553 3867 1554 3870 ¹

380 3982 498 4048 ctando
515 3983 701 4049 acconcium
718 4005 790 4049 oum
807 3984 893 4051 dicto
909 3986 1039 4052 domino
1066 3987 1157 4070 Rege
1174 4007 1246 4052 cum
1262 3994 1374 4052 nostro
1390 3987 1490 4052 honore

380 4097 413 4156 et
429 4093 498 4156 sine
515 4091 636 4156 lesione
653 4092 797 4158 alterius.
813 4095 859 4159 Et
875 4095 952 4178 quia
969 4097 1170 4178 scripserunt
1194 4096 1289 4162 nobis
1306 4097 1411 4162 (lictus
1425 4095 1491 4160 Cou-
1553 4153 1554 4158 ,

381 4199 431 4264 sul
446 4206 479 4264 et
494 4196 701 4266 Ambaxator
725 4203 765 4266 de
791 4203 898 4274 verbis
926 4204 1023 4270 dictis
1048 4226 1106 4289 per
1126 4205 1295 4270 dominum
1310 4205 1491 4272 Ludoricun

380 4304 420 4368 de
447 4306 602 4389 Tarent0,
627 4315 658 4372 et
683 4308 722 4374 de
748 4312 968 4394 responsione,
995 4335 1094 4394 quarn
1119 4311 1273 4393 fecerint,
1297 4313 1422 4380 dicatur
1448 4310 1489 4384 eis
1552 4371 1554 4400 Ξ

382 4409 470 4492 quod
487 4434 544 4476 sua
561 4417 726 4497 responsio
751 4417 813 4482 fuit
838 4419 932 4483 nimis
956 4421 1064 4503 larga,
1079 4426 1112 4485 et
1128 4421 1222 4486 nobis
1247 4442 1312 4487 uon
1328 4421 1452 4505 placuit,
1465 4419 1491 4481 et
1552 4453 1554 4458 ·

383 4517 471 4602 quod
489 4521 628 4603 amplius
652 4523 751 4588 taleni
776 4527 1018 4608 responsionem
1038 4549 1102 4593 non
1118 4528 1244 4595 saciant
1260 4529 1327 4595 ullo
1343 4527 1439 4593 modo.
1453 4523 1490 4602 Et
1552 4561 1554 4620 i
