3134 5252
356 339 420 400 160
714 349 946 398 nmuounczmr
963 333 1129 398 suntrana.
1235 392 1240 400 .

349 515 465 598 ipsam,
481 533 553 578 cum
570 512 612 578 sit
629 515 692 578 situ
709 533 805 596 super
824 511 918 592 mari,
935 509 1070 579 babebit
1086 511 1217 594 navigia
1242 516 1276 575 et
1291 511 1356 576 alia
1370 511 1462 576 omnia
1512 509 1513 512 ’

355 627 541 706 opportuna
565 640 626 704 pro
650 616 917 684 transfretatione
943 618 1011 683 eins
1037 619 1080 684 ad
1111 617 1358 702 acquisitionem
1373 617 1465 702 Regni

353 727 502 814 Apulee;
533 735 565 792 et
580 749 639 812 pro
658 729 723 792 ista
746 724 977 792 informatione
992 727 1129 808 ridetur,
1146 725 1233 810 quod
1250 726 1394 792 dominus
1407 725 1467 792 Rex

354 837 463 903 venire
488 837 649 920 disponat.
665 835 711 900 Et
726 840 893 918 sperantes
908 855 976 918 nos,
991 834 1078 918 quod
1094 835 1128 899 in
1144 834 1217 899 istis
1242 833 1338 900 factis
1353 835 1466 915 nostris,

356 965 419 1030 que
438 950 569 1009 tantum
584 947 724 1024 tangunt
733 942 927 1025 Ecclesiam,
937 942 1088 1008 dominus
1103 941 1302 1010 Patriarcha
1318 945 1466 1027 predictus

357 1051 489 1136 operari
505 1057 538 1114 et
555 1071 730 1134 procurare
747 1051 881 1116 deberet
896 1049 938 1115 ob
955 1053 1171 1116 reverentiam
1189 1047 1379 1135 Apostolice
1389 1049 1467 1118 Sedis

357 1181 452 1226 omne
475 1159 596 1225 bonum
612 1164 645 1223 et
661 1157 865 1224 commodum
889 1165 1046 1241 nostrum,
1071 1159 1203 1242 publica
1220 1157 1310 1226 fama
1325 1165 1381 1240 est,
1395 1160 1467 1244 quod

321 1333 329 1340 ,
357 1269 426 1352 ipse
451 1274 520 1333 tam
543 1287 644 1351 penes
669 1266 797 1351 Regem
821 1263 969 1350 Vngarie
1001 1287 1099 1352 quam
1131 1266 1213 1334 alios
1243 1269 1423 1351 procuravit
1443 1273 1469 1332 et

359 1381 515 1460 procurat
540 1379 646 1441 totum
672 1373 882 1454 contrarium,
908 1373 1060 1441 uidelicet
1085 1373 1252 1442 sinistrum
1277 1381 1310 1443 et
1334 1377 1469 1442 damnum

359 1490 506 1550 nostrum
532 1490 565 1548 et
587 1481 787 1566 agendorum
812 1488 1016 1565 nostrorum;
1040 1503 1123 1567 ym0‚
1148 1482 1237 1566 quod
1261 1482 1334 1566 plus
1358 1491 1412 1564 est
1432 1486 1470 1552 di·
1498 1493 1502 1500 '

360 1595 445 1659 citur
475 1591 614 1677 publice,
640 1589 728 1675 quod
760 1590 800 1656 de
832 1592 966 1670 conscia
993 1598 1026 1657 et
1056 1613 1214 1658 consensu
1239 1593 1344 1678 ipsius
1367 1594 1472 1660 domini

360 1699 554 1768 Patriarche
572 1705 685 1786 gentes
702 1698 742 1764 de
774 1699 949 1783 Hungeria
975 1707 1009 1766 et
1033 1700 1188 1766 aulinnde
1205 1707 1282 1767 sunt
1299 1702 1474 1770 descensure
1524 1730 1527 1738 ·

361 1831 420 1895 per
436 1811 506 1874 eius
520 1807 717 1874 Districtum
732 1806 776 1873 ad
793 1805 947 1873 damnum
961 1813 1073 1873 nostre
1090 1813 1238 1875 contrate
1254 1809 1355 1877 Istrie
1370 1819 1399 1877 et
1415 1811 1475 1877 sub·

362 1920 508 1986 diturum
523 1921 706 1983 nostrorum
722 1916 852 1982 ibidem.
870 1913 943 2000 Que
958 1916 1070 2000 itaque
1097 1938 1160 1982 non
1186 1923 1262 1983 sunt
1279 1941 1378 1986 causa
1392 1919 1476 1984 dilec-

363 2027 465 2093 tionis
490 2032 521 2090 et
546 2025 675 2107 amoris,
700 2023 876 2091 secundum
899 2024 1088 2090 mandatum
1120 2021 1185 2090 Sue
1203 2023 1404 2107 sanctitatis,
1416 2047 1477 2112 ymo

364 2140 439 2200 sunt
470 2154 570 2199 cause
594 2133 697 2198 omnis
727 2133 858 2215 erroris,
878 2139 915 2203 et
931 2154 970 2198 ea
986 2131 1161 2216 displicere
1178 2133 1318 2198 firmiter
1334 2133 1477 2200 credimus

365 2240 558 2326 Apostolice
575 2239 764 2307 Sanctitati.
788 2239 834 2305 Et
865 2249 1041 2324 propterea
1056 2239 1274 2324 supplicamus
1291 2241 1400 2324 eidem,
1414 2263 1478 2324 qua·

366 2357 470 2431 tenus,
488 2349 702 2416 consideratis
733 2351 907 2433 premissis,
923 2350 1079 2433 dignetur
1096 2350 1143 2416 sic
1159 2348 1311 2415 celeriter
1326 2349 1364 2415 de
1379 2370 1479 2434 oppor·
1532 2347 1533 2352 ’

367 2465 447 2524 tuno
474 2453 617 2522 remedio
646 2456 818 2539 providere
849 2458 883 2520 in
914 2455 1107 2539 corrigendo
1126 2462 1159 2520 et
1175 2443 1357 2522 amonendo
1373 2455 1479 2521 dictum

368 2567 535 2633 dominum
551 2563 782 2630 Patriarcham
797 2562 905 2630 adbuc
921 2563 1091 2648 efficatius,
1116 2571 1153 2630 ut
1178 2564 1354 2647 expediens
1369 2563 1479 2642 uiderit¹

369 2673 457 2760 quod
474 2673 640 2739 abstineat
656 2695 677 2737 a
693 2672 835 2738 nouitate
851 2678 885 2737 et
901 2671 1032 2736 sinistro
1044 2671 1190 2756 quolibet
1200 2679 1317 2737 contra
1332 2693 1397 2754 nos,
1407 2670 1481 2755 quod
1561 2717 1562 2758 3

370 2803 436 2848 non
452 2780 629 2847 habeamus
645 2801 778 2846 causam
794 2780 985 2864 querelandi
1000 2780 1126 2864 ipsum3
1150 2781 1229 2865 quia
1254 2788 1408 2864 quantum
1430 2799 1480 2864 pro
1560 2847 1562 2852 ,

371 2887 467 2977 parte
476 2896 599 2973 nostra,
608 2910 775 2972 nunquam
785 2889 920 2955 debitur
929 2890 958 2955 ei
969 2910 1068 2955 eausa
1084 2888 1282 2973 procurandi
1292 2889 1390 2970 alind,
1399 2907 1480 2973 qnam
1561 2913 1562 2984 ἐ

371 3003 494 3069 bonum
509 3005 542 3065 et
558 2999 715 3065 honorem
731 3005 888 3065 nostrum.
918 2999 963 3064 Ilt
987 2999 1140 3066 mittatur
1157 2998 1220 3083 ipsi
1236 2995 1386 3065 Amadeo
1401 3003 1481 3063 tenor
1560 2987 1562 3030 3

372 3111 556 3192 ambaxate,
571 3131 669 3194 quem
693 3108 854 3176 mittimus
879 3107 1011 3175 domino
1036 3109 1241 3192 Patriarcbe‚
1273 3116 1311 3175 ut
1326 3108 1482 3174 informare
1561 3111 1562 3142 ³

374 3226 406 3284 et
436 3217 613 3287 iustificare
643 3217 747 3302 possit
769 3216 859 3283 lacta
890 3222 1002 3283 nostra
1026 3217 1113 3301 apud
1139 3216 1306 3284 dominum
1325 3217 1444 3300 Papam
1457 3219 1482 3278 et

375 3326 467 3409 alios,
482 3333 520 3392 ut
535 3324 708 3409 expediens
732 3325 931 3408 cognoverit.
955 3325 1001 3391 Et
1025 3324 1177 3390 mittetur
1194 3323 1222 3389 ei
1238 3323 1350 3390 littera
1365 3321 1483 3388 creduli·
1561 3389 1562 3392 Ἴ

374 3436 453 3502 tatis
469 3457 528 3520 pro
545 3433 702 3518 predictis
728 3416 928 3517 exponendis
954 3431 997 3499 ad
1022 3432 1188 3499 dominum
1214 3432 1359 3518 Papam;
1377 3436 1408 3496 et
1421 3448 1483 3514 que·

376 3565 515 3628 cumque
539 3541 695 3611 habuerit
718 3547 753 3609 et
775 3540 891 3608 lecerit
914 3541 949 3606 in
973 3541 1152 3624 promissis,
1175 3539 1337 3607 rescribat
1351 3535 1445 3620 nobis,
1458 3540 1485 3600 et

378 3659 527 3739 expectet
542 3658 691 3717 nostrum
706 3649 903 3716 mandatnm

540 3815 576 3879 (A
589 3815 718 3868 »Secreta
729 3813 843 3867 Consilii
855 3811 1113 3882 ungarorum-bol.
1133 3810 1180 3867 Idt
1192 3815 1226 3868 A.
1240 3809 1294 3868 vol.
1310 3813 1344 3878 1.)
