3220 5262
399 360 463 422 622
748 375 982 422 oresonncarsr
998 365 1166 424 antenus.

396 535 532 618 pugiles,
557 543 589 600 et
614 534 718 600 eidem
747 535 780 600 in
807 557 922 620 magne
947 537 1152 601 necessitatis
1175 543 1325 620 tempore
1345 535 1500 622 magnifice

397 643 624 724 subvenerunt,
649 665 802 728 guerram
819 651 851 710 et
866 644 1012 728 pericula
1028 645 1201 728 presertim
1218 645 1338 710 iniuste
1354 644 1504 730 preparari
1580 691 1583 704 ,

398 753 563 832 sentimus,
588 752 700 820 dolore
726 753 901 836 pungimur
926 752 1104 836 duplicato.
1132 751 1215 819 Cum
1246 755 1360 836 itaque
1391 753 1431 818 ad
1460 773 1507 816 nos

396 858 560 941 fidedigna
585 860 743 927 relatione
769 862 960 946 pervenerit,
985 859 1071 944 quod
1089 859 1227 926 dilectus
1243 861 1329 927 filius
1344 861 1455 927 nobilis
1469 862 1507 924 sir

397 966 561 1033 Rudollus
585 970 662 1034 Dux
687 967 825 1035 Austrie
843 976 959 1037 contra
974 970 1131 1035 dilectum
1145 969 1249 1035 filium
1265 970 1406 1036 nobilem
1422 971 1507 1034 sirum

398 1073 610 1140 Franciscnm
627 1076 667 1141 de
684 1075 841 1144 Carraria
857 1079 1005 1160 militem,
1022 1079 1056 1143 in
1073 1077 1215 1145 Ciuitate
1232 1077 1393 1144 Paduana
1410 1085 1437 1143 et
1452 1080 1509 1142 eius

397 1181 558 1249 Districtu
584 1181 795 1268 Imperialem
810 1184 990 1266 Vicarium,
1017 1192 1175 1269 tuumque
1201 1185 1361 1267 devotum,
1383 1192 1416 1250 et
1429 1187 1509 1250 servi-

396 1298 500 1358 torem
524 1294 721 1379 precipuum,
745 1315 897 1378 guerram
924 1316 1052 1360 movere
1077 1302 1250 1379 proponat,
1276 1317 1316 1360 ex
1342 1315 1408 1377 qua
1436 1294 1509 1360 idem

395 1399 591 1467 Franciscus
616 1403 767 1486 specialis
799 1401 948 1468 Ecclesie
975 1403 1123 1470 Romane
1150 1404 1286 1470 devotus
1308 1403 1449 1483 attilius,
1464 1402 1508 1485 qui

396 1529 455 1594 pro
472 1531 522 1592 ea,
546 1517 583 1574 ut
606 1509 747 1594 Regiam
772 1511 1040 1594 Magnitudinem
1068 1511 1227 1577 audivisse
1243 1517 1407 1596 putemne,
1422 1510 1509 1576 multa

397 1621 538 1702 grandia
563 1626 596 1684 et
620 1619 786 1686 fructuosa
810 1621 983 1704 magnifice
999 1627 1153 1706 operatus
1172 1621 1291 1704 extitit,
1307 1629 1472 1687 vexaretur
1485 1625 1511 1683 et

396 1726 623 1793 debilitaretur
646 1748 711 1793 non
727 1728 901 1810 modicum,
918 1729 1011 1794 etad
1028 1729 1249 1795 defensionem
1265 1730 1366 1814 ipsius
1383 1727 1511 1794 Ecclesia

396 1837 431 1901 in
459 1837 630 1921 oportunis
655 1836 785 1902 casibus
811 1835 929 1903 debilis
960 1835 1162 1922 redderetur,
1194 1839 1352 1920 quiesque
1384 1839 1512 1922 partium

396 1941 594 2009 Lombardie
620 1944 860 2028 irrumperetur
885 1943 1028 2026 indubie,
1054 1951 1086 2011 et
1116 1967 1239 2030 magna.
1270 1950 1304 2011 in
1336 1947 1382 2012 eis
1414 1953 1511 2031 posset

396 2053 569 2118 commotio
594 2052 733 2117 exoriri:
749 2050 891 2136 Regiam
909 2050 1156 2136 Celsitudinem,
1173 2059 1298 2136 quanto
1316 2053 1512 2120 affectuosius

395 2182 575 2246 possumne,
607 2161 831 2246 deprecamur,
864 2170 1025 2244 quatenus
1056 2161 1098 2228 ob
1130 2164 1350 2229 reverenciam
1380 2161 1445 2226 Dei
1482 2180 1513 2226 ac
1585 2221 1586 2226 ,

395 2266 588 2355 Apostolice
605 2269 701 2336 Sedis
717 2277 750 2336 et
766 2278 922 2352 nostram,
938 2293 998 2357 pro
1015 2271 1151 2355 Tuoque
1169 2269 1389 2338 Sublimitatis
1403 2273 1514 2337 honore

395 2376 579 2444 huiusmodi
606 2378 767 2444 discordie
795 2399 834 2444 ac
857 2381 995 2445 novitati
1012 2381 1107 2444 noxie
1123 2381 1269 2459 nimium,
1285 2381 1345 2445 viis
1361 2389 1394 2445 et
1413 2378 1514 2458 modis,
1586 2433 1587 2436 ,

395 2487 512 2570 quibus
525 2493 579 2551 tue
591 2485 751 2570 pregandi
763 2487 1045 2570 circumspectioni
1065 2488 1227 2554 videbitur
1236 2489 1378 2570 digneris
1389 2489 1515 2554 sollicite

395 2595 543 2660 obviare:
571 2616 668 2674 super
685 2594 810 2678 hiisque
828 2595 1006 2661 venerabili
1023 2595 1120 2661 fratri
1137 2602 1251 2661 nostro
1267 2591 1416 2680 Agapito
1434 2594 1516 2678 Epis·
1583 2659 1588 2672 ,

395 2725 474 2787 copo
498 2704 665 2769 Esculano
691 2699 886 2788 Apostolicc
914 2703 1009 2770 Sedis
1035 2703 1175 2786 Nomio,
1200 2705 1300 2770 latori
1316 2706 1516 2788 presentium,

395 2814 429 2878 in
446 2813 589 2878 dicendis
605 2812 665 2878 tibi
682 2835 719 2878 ex
736 2820 830 2897 parte
846 2821 959 2879 nostra
975 2835 1034 2897 per
1050 2837 1123 2880 eum
1139 2813 1221 2880 velis
1237 2813 1333 2879 fidem
1343 2813 1515 2897 plenariam

395 2924 558 2990 adhibere.
586 2922 711 2989 Datum
736 2921 898 2990 Asinione
915 2924 983 2990 III.
998 2926 1071 2991 idus
1088 2924 1290 3008 Septembris
1308 2925 1513 2991 Pontificatus

395 3032 500 3097 nostri
518 3053 603 3097 anno
620 3032 772 3097 secundo.

504 3140 544 3204 In
562 3140 675 3207 eodem
691 3140 787 3206 modo
804 3139 923 3208 Oarolo
939 3141 1163 3208 Romanorum
1179 3143 1388 3227 Imperatori.

747 3289 790 3349 (V.
804 3290 897 3340 Orbata
912 3291 984 3356 palpa
997 3291 1183 3355 regestaibdl.)

922 3597 996 3662 460.

401 3757 434 3822 l'.
453 3759 561 3823 Orddn
575 3764 667 3846 po'po
686 3760 711 3821 Ῐ.
729 3757 830 3844 Lojos
843 3781 981 3847 moqyar
996 3761 1123 3846 kirntyt
1134 3760 1312 3848 Ιιὲνῌιορῃ
1323 3757 1381 3824 IV.
1401 3755 1521 3844 Rrrdolf

394 3868 556 3934 cessatrioa'
572 3870 700 3953 bercaeg
717 3869 749 3931 ds
767 3870 866 3952 Lnjos
882 3869 1045 3953 aquileine'
1059 3871 1239 3956 patriacha
1256 3870 1325 3934 toa
1336 3895 1356 3934 o
1368 3870 1518 3954 bekesdpet

713 3975 887 4042 caelantur·
904 3978 1096 4064 igyekezze‘k.
1115 3981 1210 4044 1364.

499 4135 654 4206 Vrbanus
679 4137 864 4222 Episcopus
889 4144 948 4204 etc.
975 4137 1142 4205 carissimo
1166 4139 1201 4203 in
1218 4135 1350 4205 Christo
1365 4137 1433 4203 filio
1457 4133 1517 4202 Lu·

392 4245 503 4312 dovico
520 4245 607 4330 Regi
622 4245 770 4328 Vngarie
786 4246 918 4327 illustri,
934 4246 1083 4328 salutem,
1100 4253 1160 4313 etc.
1181 4247 1320 4329 Regiam
1347 4245 1516 4312 Oelsitudi·

392 4379 465 4421 nem
497 4357 658 4422 credimus
689 4377 754 4420 non
782 4355 895 4438 latere,
925 4356 1013 4440 quod
1045 4353 1183 4422 dilectus
1214 4354 1299 4421 lilius
1327 4355 1452 4422 nobiles
1476 4351 1520 4418 sir

392 4465 588 4549 Rudolphus
612 4465 690 4530 Dux
714 4463 848 4530 Austrie
864 4463 1082 4532 venerabilem
1098 4466 1236 4531 fratrem
1253 4473 1398 4531 nostrum
1414 4463 1519 4528 Ludo·

392 4575 496 4641 sicum
528 4574 760 4644 Patriarcham
792 4573 1048 4660 Aquilegensem
1080 4597 1118 4642 ac
1151 4575 1219 4640 eius
1260 4571 1516 4658 Aquilegcnsem
