3254 5260
598 377 694 450 1343.
1169 377 1211 446 1⁷

109 561 279 630 ieroselitis
311 565 355 630 ob
387 585 528 630 amorem
560 564 701 628 filiorum
731 566 919 626 nostrorum
944 558 1151 640 ulteriorem
1178 564 1213 624 ot

108 671 238 754 quidquid
264 671 369 738 luerit
384 693 480 755 super
504 671 565 736 hoo
581 677 687 736 vestre
703 669 906 749 intensionis,
922 668 957 733 id
972 668 1066 734 nobis
1082 665 1134 732 vel
1150 663 1213 731 Oo-

106 779 158 843 niti
177 779 305 864 Duymo
333 778 517 862 significare
532 779 640 843 velitis
655 774 878 842 mediantibus
893 773 1021 840 litteris.
1038 771 1164 838 Datum
1178 773 1212 836 in

105 882 339 970 Ooppernincha‚
355 887 390 949 in
405 891 518 952 octava
535 883 609 951 festi
627 883 785 970 Corporis
800 882 943 947 Domini.

189 1017 518 1095 (Eredetie'borhrtrtytn
533 1047 549 1082 n
562 1031 703 1082 velenczei
717 1045 792 1095 nsgy
802 1026 995 1089 lsvtlttrbsn.)

568 1211 728 1223 —-——-

627 1449 677 1512 14.

121 1604 146 1670 Α
160 1607 304 1673 uelenczei
320 1605 481 1695 kormctny
497 1631 518 1673 a
535 1611 624 1673 szerb
640 1607 807 1696 kirdlylsoz
837 1605 962 1676 toldus
978 1605 1084 1674 ktivets
1100 1603 1192 1704 irrisi

496 1717 690 1782 iotlzkedik.
708 1717 804 1784 1343.

193 1872 290 1940 Anno
316 1874 453 1941 Domini
476 1873 738 1942 MCOCXLHI.
757 1876 808 1942 die
824 1875 920 1942 XIX
936 1875 1039 1943 Junii.
1056 1873 1200 1959 Copta

106 1977 174 2043 (tum
186 1991 322 2067 propter
337 2004 446 2050 casum
464 1985 630 2050 sinistrum
646 2005 817 2050 occursum
832 1980 1053 2051 Ambaxatori
1067 1982 1156 2049 eunti
1175 1983 1218 2048 ad

106 2083 250 2156 dominum
277 2091 404 2174 Regem
430 2092 544 2175 Raris,
569 2093 637 2176 ipso
662 2090 870 2158 Ambaxotor
888 2087 1045 2160 Venetiss
1060 2090 1215 2156 rediverit

105 2199 132 2256 st
151 2195 209 2260 iam
232 2198 439 2282 divulgatum
464 2201 611 2265 extiterit
635 2206 705 2264 tam
728 2201 763 2264 in
779 2199 921 2266 Ciuitate
936 2205 1052 2265 nostra
1066 2195 1218 2268 Venetis·

105 2321 172 2385 rum,
194 2325 292 2386 quam
318 2305 397 2371 alibi
421 2312 516 2372 extra
539 2313 672 2387 terram,
698 2305 784 2390 quod
809 2307 852 2372 ad
878 2306 1000 2373 dictum
1017 2305 1144 2390 Regem
1161 2325 1218 2370 no-

104 2412 192 2473 strum
206 2409 464 2478 Ambaxstorem
480 2415 513 2478 in
524 2415 695 2479 servicium
705 2412 839 2497 Imperii
855 2414 1070 2494 mittebamus,
1085 2417 1220 2498 propter

105 2515 228 2596 quodsi
254 2520 361 2585 solum
388 2520 431 2586 ob
446 2542 557 2586 cusum
581 2521 765 2606 predictum
790 2540 989 2586 oessorsmus
1005 2519 1045 2586 ds
1061 2518 1220 2584 mittendo

104 2617 311 2690 Ambaxotam
326 2632 482 2709 nostram,
499 2635 584 2694 esset
599 2631 704 2694 minus
720 2627 851 2694 honoris
861 2627 957 2694 huius
967 2625 1131 2694 Dominii:
1147 2647 1220 2692 con·

104 2729 200 2796 sulunt
223 2733 427 2799 concorditer
451 2735 625 2818 sopientes,
648 2733 735 2819 quud
760 2755 812 2799 ser
827 2731 978 2799 Marinus
994 2730 1147 2814 Venerio,
1163 2733 1221 2816 qui

104 2833 165 2898 ibat
178 2858 236 2920 pro
248 2838 478 2907 Ambaxotore
487 2842 529 2906 ad
540 2842 644 2907 dictos
659 2847 780 2925 partos,
796 2840 911 2906 redeat
925 2839 959 2904 in
974 2840 1063 2907 bonu
1078 2839 1221 2918 fortuna,

103 2947 131 3004 et
150 2944 246 3010 rodat
272 2945 315 3009 ad
338 2945 523 3014 faciendum
548 2948 758 3014 ambaxotam
782 2967 882 3026 suam,
908 2951 1007 3030 prout
1023 2969 1044 3013 a
1059 2945 1220 3030 principio

105 3046 158 3111 sibi
171 3053 375 3118 commissum
393 3053 510 3122 luerat.

199 3194 235 3253 (A
246 3196 357 3247 »Missi«
373 3200 462 3250 ozimti
475 3201 615 3252 velenczei
629 3200 857 3264 tllsmlronyvbol
871 3198 946 3250 XXI.
959 3198 1018 3249 lot.
1032 3201 1074 3247 85.
1087 3197 1152 3259 lev.)

580 3375 737 3388 -ὰ--ι--ᾷ

635 3615 684 3680 15.

104 3773 294 3841 Aoeleuczei
310 3777 589 3862 kormctoytaoctcs
606 3773 803 3863 eoyede'lyezi
822 3773 1026 3863 Fraoyepdn
1051 3771 1226 3842 Bermion·

433 3883 501 3946 παῖε
518 3907 539 3946 a
557 3883 626 3948 lotrt
641 3885 764 3970 yslym.
783 3886 878 3949 1343.

200 4021 301 4089 Anno
316 4023 450 4088 Domini
467 4021 732 4090 MCOOXLIII.
744 4024 795 4089 die
806 4019 929 4090 XXII.
945 4023 971 4090 J
971 4025 1048 4091 unii.
1064 4021 1226 4108 Copta:

102 4126 191 4210 Quod
206 4130 446 4212 complaosutur
462 4130 591 4196 domino
609 4130 729 4196 Domiti
745 4132 909 4198 Bartholo
928 4129 967 4196 de
984 4129 1101 4215 Vogla,
1117 4153 1228 4217 occep-

102 4235 204 4316 tando,
233 4237 317 4302 sicut
343 4257 401 4319 per
427 4257 500 4303 suas
525 4239 652 4304 litteras
680 4239 884 4323 supplicavit,
901 4237 1052 4304 videlieet
1068 4239 1100 4303 in
1117 4261 1228 4304 conoe·

102 4343 199 4408 dendo
224 4343 288 4408 sibi
312 4346 441 4427 galeam
471 4351 618 4412 nostram
644 4345 770 4429 Ohersi,
795 4368 868 4412 oum
894 4367 959 4429 quo
983 4347 1053 4410 vult
1072 4349 1227 4414 associari

103 4451 262 4516 dominam
279 4449 438 4533 Reginam
455 4448 610 4535 Vngarie,
627 4473 691 4535 que
706 4453 776 4519 vult
790 4453 932 4518 transire
948 4453 982 4518 in
999 4452 1163 4536 Apuliam,
1179 4477 1227 4520 rs-

103 4557 247 4642 oipiendo
273 4553 513 4640 obligsoionem.
531 4581 663 4624 suorum
688 4558 932 4645 bonorumque
949 4562 1050 4627 hubet
1065 4563 1097 4626 in
1114 4561 1230 4626 Insula

202 4675 271 4712 uon.
285 4676 363 4714 uuus.
380 4678 448 4714 uisu.
464 4687 507 4699 -
524 4678 592 4713 nors
609 4679 669 4714 uxr.
684 4681 713 4714 ιι.
1100 4659 1121 4716 2
