3110 5248
574 437 667 502 1348.
1122 438 1185 504 321
1258 446 1260 456 ’

13 601 14 634 ³
76 611 175 696 Regno
193 569 307 682 Sicilie
332 615 376 682 ad
401 623 513 700 partes
539 615 688 702 Vngarie
707 619 739 684 te
756 593 897 702 duxeras
927 614 1184 695 transferendum,

14 729 15 732 ’
75 719 252 804 providimus
278 723 419 789 eundem
443 701 509 789 Pet
495 731 582 789 trum
618 725 816 810 Episcopum
845 705 1078 790 Veronensem
1112 743 1184 788 cum

13 827 17 914 ξ
75 829 168 912 aliquo
190 831 264 912 alio,
290 851 386 914 quem
413 831 475 897 sibi
491 831 670 916 adiungere
694 825 900 916 intendim'ps,
915 829 957 897 ad
973 831 1032 897 te
1022 853 1056 896 m
1072 830 1187 914 Vaga·

73 937 143 1002 riam
163 937 300 1020 mittere,
325 946 359 1006 et
385 938 428 1005 ad
453 939 606 1006 intimata
629 939 870 1049 huiusmodipp¹
874 946 992 1005 reost
978 939 1039 1006 tibi
1054 939 1183 1024 plenius

73 1045 268 1129 respondere3
294 1048 352 1131 qui
367 1053 535 1132 prestante
550 1047 692 1114 Domino
708 1005 863 1115 celeriter
875 1047 1034 1132 arripient
1050 1048 1114 1113 iter
1130 1056 1183 1112 su'-

13 1219 15 1256 !
72 1173 125 1217 um.
146 1153 267 1220 Datum
293 1153 457 1222 Arinione
472 1155 582 1222 idibus
600 1157 696 1240 Julii,
719 1155 960 1223 Pontificantus
976 1155 1080 1221 nostri
1096 1175 1182 1222 anno

71 1260 197 1343 septimo.

161 1369 200 1436 Ιιι
225 1371 341 1437 eodem
365 1371 462 1437 modo
488 1370 663 1439 Elisabeth
688 1371 816 1456 Regius
836 1371 995 1456 Vngarie‚
1013 1369 1182 1466 Stephano

13 1495 15 1538 i
69 1483 136 1544 nato
150 1479 235 1546 clare
251 1482 409 1547 memorie
425 1479 539 1548 Oaroli
554 1481 655 1564 Regis
670 1479 829 1564 Vngarie,
845 1486 879 1545 et
894 1479 977 1544 aliis.

13 1565 15 1590 l

13 1645 15 1664 ι

13 1701 15 1734 ι

13 1827 15 1844 ι

312 1647 318 1660 ·
376 1627 412 1687 (V
413 1627 435 1678 1.
448 1627 580 1678 Kelemen
592 1627 665 1692 papa
677 1625 864 1690 regesttibol.)

584 1938 658 1998 268.

65 2093 90 2157 l.
103 2093 255 2162 Jolronaa
280 2095 413 2160 sicilici
437 2096 591 2184 tirotpne
607 2097 765 2164 Terentii
790 2097 930 2184 Lujosra
956 2097 1185 2163 moderacior

333 2203 463 2270 sicilici
477 2204 605 2292 kirolyi
619 2204 792 2270 bataimat
807 2206 901 2270 1348.

13 2419 14 2422 ,
160 2363 319 2432 Johanna
353 2365 414 2433 stb.
448 2362 575 2430 confert
608 2369 808 2449 potestatem
832 2363 991 2448 Regalem
1015 2363 1185 2430 Ludouico

63 2469 98 2535 de
113 2469 302 2539 Tarento
272 2494 341 2538 mro
357 2470 810 2542 su0.M000XLv1ss.die
826 2471 907 2544 VII.
924 2471 1080 2556 Augusti.

159 2616 196 2682 (A
216 2618 356 2682 »Registri
375 2618 525 2682 Αιιςιιοιιιι
512 2618 573 2668 «A.
588 2621 649 2672 656.
668 2633 705 2668 sz
719 2633 743 2669 a.
758 2619 826 2683 Beg.
846 2618 993 2668 Johannae
1007 2617 1184 2667 ethudoviic

13 2659 15 2732 l
62 2706 598 2769 mkotmebol156.1ev.,azolsszkir.
614 2708 740 2759 »Grande
761 2708 980 2759 Archivior-ban
993 2707 1182 2772 Napolybsn.)
1209 2723 1214 2740 ¹

538 2853 697 2862 ————-—-

582 3016 656 3079 269.

171 3172 371 3279 Astorenozi
386 3175 667 3263 kdztdrsasdpnak
686 3176 840 3242 Tarentoi
856 3175 958 3264 Lajos
976 3179 1074 3242 1348.

159 3332 349 3418 Magnificis
373 3341 406 3401 st
420 3333 634 3420 prudentibus
651 3334 728 3401 viris
753 3329 925 3402 Prioribus
939 3334 1093 3434 artium,
1118 3337 1183 3404 Ve-

56 3438 194 3506 xillilero
209 3442 360 3524 Justitie,
378 3440 534 3525 Consilio,
549 3439 678 3527 Populo
694 3447 728 3509 et
744 3440 918 3509 Communi
934 3442 1088 3512 Civitatis
1104 3445 1182 3512 Flo·

57 3551 166 3630 tentis,
180 3551 359 3617 carissimis
376 3551 488 3617 amicis
503 3550 636 3618 nostris.

159 3655 269 3724 Amici
294 3659 456 3726 carissimi
483 3659 536 3725 stb
538 3696 792 3724 -----
808 3659 920 3748 (Depo
945 3683 1022 3727 aver
1041 3662 1132 3728 detto
1157 3662 1183 3726 il
1227 3667 1244 3696 ²·

57 3784 111 3830 suo
135 3762 228 3832 felice
253 3785 271 3831 e
297 3766 491 3851 applaudito
508 3767 635 3834 ritorno
651 3768 704 3834 nel
720 3767 845 3854 Regno,
861 3770 904 3836 da
918 3769 1083 3835 relacione
1098 3767 1183 3835 delle

13 3861 15 3868 ’
56 3893 110 3937 sue
136 3873 264 3939 littoris
290 3879 403 3940 contro
428 3875 439 3940 i
464 3875 537 3940 suoi
561 3874 680 3956 ribelli,
695 3876 754 3942 che
770 3884 927 3943 tenevano
945 3877 976 3942 le
992 3877 1080 3961 parti
1096 3876 1183 3959 degli

13 3995 17 4004 ·
57 3975 238 4064 Ungberesi
254 4002 271 4046 e
288 3989 403 4048 contro
419 3983 431 4047 i
447 3984 519 4048 suoi
536 3983 653 4049 nemici
669 3983 744 4070 stb.)
756 4025 798 4036 —
811 3985 1017 4051 -Misimus
1032 3989 1184 4070 preterea

57 4109 166 4155 versus
192 4091 409 4156 marittimam
434 4089 609 4158 Sclauonie
634 4092 748 4176 galeas
765 4095 910 4177 quinque
927 4094 970 4160 ad
986 4095 1097 4160 hostes
1112 4093 1183 4159 illa·

56 4217 126 4261 rum
140 4200 283 4282 partium
299 4198 518 4283 offendendos,
533 4207 566 4266 et
582 4199 626 4265 ad
640 4199 879 4283 prohibendum
895 4223 1009 4268 versus
1026 4200 1179 4286 Regnum

55 4303 198 4372 hostibus
232 4309 267 4373 in
293 4306 351 4374 illo
376 4307 579 4375 morantibus
605 4309 707 4374 totius
733 4311 918 4377 assistentia
943 4311 1123 4394 presidium
1149 4318 1182 4376 et

13 4433 15 4464 ς
57 4409 241 4482 fomentum,
287 4415 367 4484 Alie
391 4437 520 4502 quoque
546 4416 637 4501 galee
661 4438 796 4486 numero
822 4427 956 4504 septem,
980 4427 1015 4485 et
1039 4422 1183 4504 quinque

57 4519 162 4602 plures
186 4521 361 4610 Neapolim
385 4531 455 4591 tum
480 4523 524 4591 ad
549 4527 763 4593 artaotionem
787 4527 991 4594 obsessorum
1008 4527 1041 4592 in
1057 4528 1184 4608 castris,

57 4631 125 4694 tum
138 4631 179 4697 ad
194 4632 357 4717 agendum
373 4633 471 4719 aliud,
487 4633 572 4701 sicut
588 4633 677 4701 Deus
692 4633 878 4700 ministrare
895 4633 1041 4718 voluerit,
1056 4655 1182 4699 reman-

106 4766 163 4806 ιιοιι.
177 4769 256 4806 nunc.
271 4769 341 4807 mss.
357 4779 402 4792 ··-
416 4769 485 4806 acra
500 4771 560 4808 exn.
579 4772 608 4807 rr.
1031 4745 1071 4805 21
