3220 5248
768 399 1001 446 orrnouncmsr
1019 386 1184 446 cursurus.

944 905 1019 970 425.

415 1071 445 1133 A
453 1070 611 1158 florenczi
637 1069 865 1154 kerardnynok
893 1068 1050 1132 Torento'i
1075 1067 1175 1152 Lajos
1191 1068 1317 1132 sicilici
1333 1067 1442 1154 kiadp
1455 1070 1484 1131 c‘s
1495 1068 1518 1131 l.
1586 1071 1587 1132 ζ

749 1177 906 1243 Johaaaa
923 1177 1086 1260 kirdlyrte'.
1114 1179 1208 1241 1362.

521 1337 709 1422 Magnificis
725 1342 757 1401 et
773 1333 962 1419 potentibus
978 1334 1065 1416 viris,
1075 1335 1214 1400 dominis
1224 1334 1395 1401 Prioribus
1406 1332 1520 1401 Artium

415 1451 449 1510 et
466 1443 659 1510 Vexillisero
685 1445 710 1510 J
712 1443 824 1508 ustitia
850 1440 968 1526 Populi
986 1449 1019 1508 et
1035 1439 1224 1509 Communis
1240 1437 1414 1526 Florentia,
1428 1463 1520 1526 preca-

415 1554 553 1620 rissimis
570 1554 685 1619 amicis
701 1553 831 1617 nostris.

523 1661 598 1728 Viri
615 1660 783 1744 Magnifici
800 1664 832 1724 et
849 1658 967 1741 devoti,
978 1681 1016 1725 ac
1027 1660 1122 1725 amici
1132 1660 1236 1725 nostri
1247 1658 1434 1724 charissimi.
1449 1653 1519 1741 Quia

416 1768 476 1834 sub
492 1768 657 1835 individue
687 1769 785 1834 sortis
811 1769 1009 1833 connexione
1036 1768 1212 1832 communis
1236 1771 1348 1832 nostre
1373 1771 1519 1847 vestroque

415 1876 544 1941 fortune
561 1881 711 1941 versatur
727 1877 761 1940 in
778 1875 916 1956 singulis
932 1874 1062 1940 casibus
1079 1875 1217 1952 occasio,
1234 1880 1267 1937 et
1284 1873 1326 1938 ad
1344 1871 1472 1936 eundem
1485 1873 1520 1936 in·

414 1984 571 2048 tentionis
586 1983 684 2048 finem
699 1983 870 2065 utriusque
886 1981 992 2046 tendit
1018 1981 1163 2062 effectus
1189 2002 1259 2045 cum
1281 1979 1423 2046 amicitia
1438 1985 1468 2044 et
1481 1978 1522 2044 de-

414 2093 543 2156 votione
558 2098 676 2170 vestra,
693 2111 756 2172 que
773 2088 894 2153 Nostro
910 2088 1084 2154 Maiestati
1100 2095 1278 2172 emergunt,
1294 2095 1328 2154 et
1344 2108 1401 2172 per
1416 2095 1520 2169 tempo

414 2220 486 2262 rum
502 2219 666 2264 successus
683 2203 859 2263 occurrunt
874 2199 962 2263 circa
971 2199 1045 2281 ipsa
1055 2195 1087 2262 N
1090 2203 1176 2264 ostro
1186 2197 1356 2263 Maiestati
1366 2196 1522 2282 presentia·
1585 2231 1587 2244 ·

415 2306 491 2372 liter
508 2305 740 2385 incumbentia,
757 2307 931 2371 caritativa
955 2306 1206 2390 participatione
1222 2306 1352 2388 singula
1367 2302 1521 2370 communi-

415 2433 491 2478 care
516 2414 725 2478 decrevimus.
751 2413 838 2477 Hinc
865 2419 922 2491 est,
949 2413 1037 2496 quod
1063 2412 1305 2495 Magnificentie
1330 2419 1363 2477 et
1379 2409 1522 2477 devotioni

414 2529 520 2587 vestre
546 2521 751 2605 presentibus
777 2520 1005 2604 significamus,
1031 2523 1118 2606 quod
1143 2523 1216 2604 ipsa
1241 2520 1401 2586 Maiestas
1416 2519 1523 2586 Nostra

415 2637 489 2713 post
513 2631 621 2696 varios
646 2631 909 2714 multiplicesque
934 2636 1105 2696 tractatus
1138 2650 1217 2711 quos
1250 2629 1404 2694 intricata
1434 2646 1521 2692 rerum

415 2738 615 2822 perplexitas
639 2739 825 2820 inducebat,
851 2738 983 2803 habitos
1008 2759 1081 2802 cnm
1106 2737 1285 2817 Hungaris,
1311 2739 1368 2820 qui
1393 2736 1522 2800 videlicet

414 2848 520 2929 primo
537 2845 687 2930 Regnum
705 2847 907 2911 intraverant
923 2867 995 2910 cum
1013 2845 1126 2924 iniqua
1137 2845 1353 2928 complicitate
1367 2840 1523 2910 Auicchiui

416 2954 456 3018 de
474 2953 660 3037 Moagerdo
678 2961 709 3017 et
727 2952 1013 3032 Tlreotonicorum,
1030 2957 1062 3016 ct
1078 2951 1151 3016 aliis
1169 2952 1276 3032 etiam,
1294 2953 1349 3034 qui
1366 2949 1474 3017 deinde
1488 2969 1523 3010 sc·

414 3063 527 3126 rnotinr
554 3083 607 3125 eos
634 3062 761 3142 sequuti
789 3067 880 3138 sunt-3
906 3060 948 3125 ad
965 3067 1071 3124 certes
1088 3061 1317 3124 conventiones
1335 3081 1405 3124 cum
1421 3057 1524 3123 eisdem

414 3167 584 3250 Hungaris
610 3166 794 3232 devenimus
820 3175 930 3231 nostro
955 3167 1124 3248 nostrique
1150 3163 1288 3231 Consilii
1313 3165 1431 3232 iudicio
1465 3167 1524 3231 Ma·

415 3277 525 3339 icstati
542 3275 663 3341 Nostra
688 3273 915 3357 acceptabiles,
931 3281 1044 3357 gratas
1061 3279 1094 3337 ct
1111 3272 1328 3355 expedientes,
1344 3281 1411 3338 tam
1432 3272 1471 3337 ad
1485 3292 1523 3335 re

415 3381 642 3447 formationem
668 3381 793 3464 pacifici
820 3389 925 3447 status
950 3381 1057 3465 Regni
1078 3378 1524 3464 nost1·i,quamipsinsAnic·

415 3490 501 3553 chini
526 3492 691 3572 totiusque
717 3490 859 3554 cohortis
887 3510 942 3554 sue
968 3489 1156 3572 predonum,
1182 3489 1390 3572 complicium
1413 3507 1524 3552 suorum

415 3597 689 3663 conculcationem
720 3605 752 3662 et
783 3597 1018 3662 exterminium.
1051 3595 1198 3679 Quarum
1230 3597 1473 3661 conventionum
1499 3604 1522 3656 ct

414 3711 584 3788 pactorum
601 3713 633 3772 et
649 3705 933 3788 confederationis,
949 3713 985 3771 ut
1001 3707 1104 3771 totius
1130 3707 1267 3771 materie
1285 3706 1385 3772 series
1401 3705 1524 3790 particu-

414 3815 530 3880 lariter
546 3814 638 3881 vobis
654 3815 846 3898 innotescat,
863 3820 896 3880 ct
912 3814 1039 3880 devotio
1057 3822 1162 3880 vestra
1177 3815 1211 3879 in
1228 3815 1366 3898 singulis
1383 3835 1453 3880 curn
1466 3809 1524 3876 Ma-

412 3923 531 3988 iestate
546 3920 668 3987 Nostra
685 3924 801 3987 votivis
828 3922 1030 3988 successibus
1046 3922 1228 4007 participet,
1245 3943 1317 3988 ecce
1332 3919 1521 4006 presentibus

414 4030 541 4114 copiam
566 4029 629 4113 ipsi
655 4030 900 4113 Magnificentie
928 4029 1046 4097 Vestre
1080 4031 1280 4097 destinamus
1311 4029 1523 4104 interclusam
1586 4059 1587 4066 κ

414 4148 581 4223 sperantes
598 4163 667 4206 cum
686 4141 818 4207 dextere
835 4162 973 4224 superne
991 4141 1121 4225 auxilio,
1135 4143 1227 4207 cuius
1244 4147 1293 4206 est
1309 4141 1349 4206 de
1365 4147 1460 4223 gente
1474 4155 1524 4203 non
1586 4211 1587 4226 χ

414 4255 527 4315 sancta
552 4271 682 4315 causam
707 4254 852 4315 nostram
876 4245 1065 4328 diiudicare,
1091 4248 1178 4314 infra
1193 4270 1314 4334 paucos
1330 4249 1399 4314 dies
1415 4247 1523 4314 felicem

413 4359 446 4416 et
462 4356 602 4420 votivam
629 4357 790 4421 dictorum
815 4361 1018 4422 tractatuum
1034 4357 1282 4441 exequutionem
1300 4357 1523 4439 subsequutum,
1585 4331 1587 4382 ἓ

415 4462 578 4543 prosperis
595 4464 693 4528 etiarm
710 4464 865 4548 auspiciis
883 4463 986 4530 eidem
1012 4471 1117 4530 vestre
1137 4464 1304 4531 devotioni
1320 4465 1440 4531 nostris
1455 4463 1524 4527 litte·
