3110 5248
382 323 447 388 314
734 337 972 385 ureconnczmr
989 324 1157 383 emeres.

1548 215 1551 300 l

1546 313 1551 404 l

380 501 523 588 prestari
547 497 721 567 videndum
746 499 895 584 quelibet
920 503 1128 566 sacramenta
1144 497 1244 577 lacta,
1261 496 1313 562 vel
1328 493 1430 561 fienda
1441 515 1488 578 per
1550 489 1551 498 ³

381 609 541 694 Regalem
557 608 795 676 Excellentiam
820 608 1020 676 antedictam
1046 628 1103 674 seu
1129 608 1199 674 eius
1223 603 1388 672 Nunnium
1410 624 1489 687 super

381 717 465 784 inde.
481 718 716 784 Promittentes
742 717 873 783 firmum
896 717 1028 798 habere,
1044 714 1200 801 quioquid
1214 736 1273 798 per
1289 713 1407 780 dictum
1422 717 1490 778 non·

380 846 453 891 rum
478 824 642 896 Nuucinm
667 825 791 892 factum
817 824 973 891 fueritin
999 823 1166 908 predictis.
1191 823 1318 889 Datum
1343 821 1376 886 in
1398 827 1490 885 nostro
1549 869 1551 912 ,

380 933 503 1002 Ducati
533 933 666 1002 Palatio
706 929 1006 1002 MOCCXLVIII.
1037 930 1214 998 indictione
1245 931 1362 1014 prima,
1390 928 1437 998 die
1458 924 1490 994 l'·

380 1043 499 1112 mensis
514 1039 669 1125 Augusti.

433 1191 436 1197 “
487 1187 681 1248 (›Pactorum‹
703 1185 737 1236 V.
751 1187 807 1236 ket.
824 1189 883 1236 219.
906 1185 948 1235 slr.
962 1186 1022 1245 lov,
1041 1182 1192 1247 »Gopia'de
1206 1181 1442 1234 commemorati
1454 1179 1491 1230 lv.
1549 1185 1551 1228 i

380 1279 437 1328 not.
453 1281 477 1328 2.
492 1289 515 1327 r.
529 1279 590 1326 347.
603 1274 668 1335 lev.)

381 1449 1493 1542 H)I.Iraj0smagyarkirtlyeskdvelerdsitimega
1549 1447 1551 1492 ἶ

585 1560 737 1626 kotott
761 1558 1185 1646 fegyvernyugvtst.
1204 1561 1300 1624 1348.

487 1685 558 1752 Nos
576 1685 760 1752 bodonicus
777 1686 840 1752 Dei
858 1686 967 1768 gratia
992 1684 1177 1769 Hungarie,
1201 1685 1388 1754 Jerusalem
1411 1680 1493 1750 etSi·
1549 1713 1551 1736 ι

383 1795 466 1878 oilie,
482 1793 632 1862 Ducatus
656 1791 789 1878 Apulie,
804 1794 1015 1880 Principatus
1040 1793 1162 1878 Oapue,
1177 1813 1236 1859 nec
1252 1815 1318 1860 non
1333 1790 1494 1868 Dalmacie
1549 1809 1551 1874 j

299 1905 304 1916 '
383 1903 552 1984 Chroaoie,
567 1902 683 1983 Rome,
700 1900 820 1986 Servio,
835 1901 988 1985 Gallicis,
1012 1902 1214 1984 bodomarie,
1240 1900 1406 1984 Cumanie,
1428 1898 1494 1965 Bul·
1549 1881 1551 1950 Ϊ

379 2013 538 2098 garieque
563 2010 645 2092 Rex,
676 2010 857 2095 Princepos
889 2008 1129 2092 Salernitanus,
1160 2015 1194 2076 et
1225 2009 1372 2077 Honoris
1387 2007 1495 2076 Montis

381 2116 496 2184 Sancti
526 2115 652 2203 Angeli
680 2117 841 2184 Dominus
871 2117 1040 2184 uniuersos
1072 2124 1104 2183 et
1119 2117 1265 2200 singulos
1291 2123 1450 2202 presentes
1469 2120 1496 2180 et

380 2227 508 2293 futuros
523 2224 583 2291 hes
600 2232 729 2292 cosmas
745 2231 896 2310 patentes
913 2226 1043 2291 litteras
1060 2225 1265 2309 inspecturos
1282 2225 1425 2292 volumus
1440 2245 1493 2289 non
1549 2215 1551 2294 f

380 2335 501 2401 latere:
528 2331 624 2416 Quod
648 2353 720 2398 cum
746 2333 853 2401 hostis
878 2335 1034 2417 antiquus
1059 2336 1192 2400 humani
1217 2337 1348 2420 generis
1364 2333 1496 2400 inimicus
1549 2331 1551 2408 ς

381 2443 511 2509 assidue
520 2442 640 2509 bonum
648 2443 741 2527 pacis
751 2448 784 2508 et
798 2443 930 2526 amoris,
941 2442 1113 2508 concordie
1124 2448 1156 2508 et
1167 2443 1349 2508 dilectionis
1359 2439 1495 2507 interlin·
1549 2443 1551 2526 j

380 2573 512 2616 manum
530 2571 630 2634 genus
652 2551 804 2616 unionem
820 2571 938 2616 vexare
964 2557 1107 2634 conetur,
1132 2550 1213 2616 etin
1241 2550 1292 2615 bis
1308 2548 1496 2626 Altissimns,
1549 2555 1551 2616 i

380 2663 572 2726 cunctorum
603 2658 762 2724 bonorum
789 2657 962 2740 exhibitor,
979 2656 1126 2723 fidelium
1142 2678 1275 2724 suorum
1290 2657 1400 2726 oculos
1413 2659 1445 2722 in
1458 2655 1496 2721 lu·
1549 2669 1551 2720 ἓ

380 2788 449 2833 cem
465 2766 622 2848 dirigens,
638 2785 693 2831 eos
709 2765 743 2830 in
758 2765 843 2831 riam
858 2765 949 2851 pacis
966 2771 999 2832 et
1012 2765 1265 2848 tranquillitatis
1290 2765 1421 2847 inducit
1435 2782 1496 2830 con·

380 2872 553 2957 fimumque
579 2872 612 2936 in
638 2871 848 2938 dileccionem
875 2879 909 2939 et
934 2871 1140 2938 concordiam
1165 2880 1292 2939 mentes
1310 2889 1394 2939 suas.
1419 2870 1494 2938 Sene
1550 2929 1551 2964 ζ

380 3001 455 3046 cum
472 2984 548 3064 post
563 2999 701 3063 guerras
727 2987 761 3045 et
788 2979 980 3062 discordias,
993 2980 1069 3047 lites
1087 2986 1119 3046 et
1133 2981 1371 3048 controuersias
1385 2979 1495 3046 dudum
1549 3003 1551 3074 ᾗ

379 3093 526 3154 versatas
541 3087 627 3154 inter
642 3086 818 3154 Excelsam
834 3085 993 3154 Nostram
1020 3087 1238 3156 Serenitatem
1255 3110 1296 3154 ex
1320 3111 1387 3156 nna
1400 3093 1493 3172 parte,
1550 3139 1551 3148 ,

381 3201 414 3261 et
428 3195 583 3262 Inclitum
601 3197 726 3263 Ducem
743 3198 947 3266 Venetorum
966 3195 1137 3264 Andream
1148 3197 1302 3263 Daudnlo
1314 3204 1348 3263 et
1359 3197 1494 3264 Commu·
1549 3219 1551 3282 3

380 3303 517 3371 nitatem
534 3305 710 3371 eorundem
726 3328 766 3370 ex
782 3306 889 3372 altera
905 3306 1139 3372 intervenerint
1155 3305 1336 3390 concordie,
1352 3303 1497 3390 composi·
1549 3285 1551 3378 Ξ

378 3411 494 3491 tiones,
511 3417 543 3476 et
558 3419 696 3497 treugue
712 3414 803 3495 inite,
819 3395 1002 3495 terminate,
1017 3413 1112 3494 facte,
1129 3418 1162 3480 et
1171 3412 1300 3480 firmate
1311 3435 1371 3499 per
1381 3419 1497 3480 nostros

380 3519 563 3604 solempnes
575 3518 819 3586 Ambaxatores
836 3528 869 3588 et
879 3521 1033 3606 Nursina,
1049 3529 1082 3589 et
1098 3544 1157 3608 per
1168 3520 1339 3608 Syndicos,
1355 3523 1498 3588 Procum·
1549 3511 1551 3622 j

378 3633 467 3695 tores
483 3635 517 3695 et
531 3627 680 3695 Nunnius
698 3629 842 3695 eiusdem
857 3629 971 3697 Incliti
987 3628 1091 3698 Ducis
1117 3637 1150 3698 et
1165 3630 1419 3698 Communitatis
1436 3649 1498 3714 pre
1548 3627 1551 3718 ⁴,

379 3735 468 3801 dicte
497 3737 532 3801 in
564 3735 705 3803 Ciuitate
736 3737 954 3805 Veneciarum
981 3739 1128 3824 ipsarum
1143 3740 1422 3826 compositionum,
1436 3758 1498 3805 con·

378 3842 565 3910 cordianum
582 3849 615 3910 et
639 3850 854 3930 treuguarum
868 3852 1014 3912 tenorem
1045 3853 1078 3913 et
1102 3839 1243 3914 formam
1258 3847 1293 3912 in
1309 3846 1500 3933 presentibus
1549 3837 1551 3922 l

379 3950 499 4018 nostris
523 3951 644 4018 litteris
670 3953 805 4019 fecimus
831 3957 994 4036 annotari,
1019 3957 1195 4022 secundum
1220 3956 1310 4041 quod
1334 3958 1369 4022 in
1383 3954 1499 4041 publicu

375 4060 591 4127 instrumento
607 4081 646 4124 ex
661 4069 756 4144 perte
767 4062 879 4128 Incliti
888 4063 992 4130 Ducis
1002 4069 1034 4128 et
1050 4063 1305 4131 Commuuitatis
1313 4065 1458 4151 predicte
1468 4061 1500 4128 de-
1549 4047 1551 4108 l

377 4168 440 4234 hiis
456 4169 602 4253 trenguis
618 4175 650 4234 et
668 4170 853 4235 concordiis
863 4167 1041 4236 Serenitati
1052 4169 1185 4255 Nostro,
1207 4172 1356 4240 confecto
1373 4193 1431 4258 per
1444 4171 1501 4238 Ba·

385 4275 553 4361 phaynum
570 4276 610 4341 de
627 4274 812 4343 Caressinis
829 4278 1002 4344 Publioum
1013 4277 1184 4364 Imperiali
1204 4279 1503 4347 auctoritateNotu·

383 4382 470 4448 rium
487 4387 519 4448 et
535 4384 680 4451 eiusdem
712 4386 862 4454 Ducatus
888 4389 1038 4456 Scribam
1064 4389 1204 4455 vidimus
1231 4390 1406 4472 contineti;
1422 4388 1501 4476 cujus
1549 4437 1551 4442 .

378 4489 591 4557 instrumenti
608 4497 701 4572 tenor
720 4514 779 4580 per
796 4495 905 4562 omnia
921 4495 998 4562 talis
1015 4502 1082 4564 est:

1549 4469 1551 4500 1
