3166 5256
16 461 21 554 t

602 350 697 414 1345.
855 427 857 432 ,
1155 353 1215 416 mr

16 557 18 600 ς
107 527 196 608 gunt3
226 524 501 608 Magnificentiam
518 533 609 592 tuam
626 527 764 612 Regiam
789 549 942 612 rogamus
957 530 1115 598 attentius
1132 537 1167 598 et
1182 533 1215 597 in

16 621 19 682 i
106 633 232 699 Domino
253 635 468 715 exhortamur,
486 642 657 719 quatenus,
673 643 709 702 ut
733 638 795 722 ipsi
812 659 833 702 a
848 637 1077 721 congressibus
1092 637 1222 704 hostili·
1297 709 1306 724 ,

16 795 17 800 ,
107 740 160 806 bns
183 751 212 808 et
236 743 465 812 offensionibus
490 748 612 811 mutuis
636 747 767 829 penitus
792 744 991 832 abstineant,
1022 753 1055 812 et
1071 745 1114 812 ad
1130 745 1217 813 viam

16 847 18 886 ²
103 847 255 933 pacificam
270 852 361 916 iuxta
376 853 501 918 monita
516 860 629 919 nostra
654 851 799 920 salubria
831 853 1043 921 effectualiter
1060 876 1093 920 se
1110 855 1218 940 dispo·

16 959 17 1012 ἶ
104 963 183 1040 nant,
204 958 352 1026 laborare
378 961 535 1028 studiosis
560 962 845 1046 sollicitudinibus,
860 969 897 1029 ut
921 965 1033 1046 gaudii
1058 965 1215 1030 merearis

16 1103 17 1106 π
103 1085 163 1134 esse
177 1070 347 1152 particeps,
372 1069 462 1152 quod
480 1071 643 1153 promittit
668 1069 807 1156 Sapiens
832 1071 1018 1139 ineuntibus
1038 1073 1128 1157 pacis
1145 1093 1216 1138 con-

104 1173 176 1252 silis,
190 1195 253 1239 non
266 1183 451 1260 postponas
466 1175 591 1242 Datum
607 1174 771 1245 Arinionc
787 1177 867 1246 XV.
900 1179 1057 1246 kalendas
1072 1178 1214 1246 Nouem·

16 1325 17 1328 κ
102 1279 161 1349 bris
174 1280 384 1352 Pontificatus
400 1285 503 1350 nostri
521 1306 606 1351 anno
622 1292 750 1369 quarto.

406 1447 465 1511 (VI.
479 1447 609 1498 Kelemen
622 1447 694 1514 ptps
706 1448 894 1514 regestdibbl.)

612 1920 683 1980 too.

103 2073 152 2136 Vl.
169 2075 310 2140 Kalamon
321 2081 418 2163 pcipe
434 2077 602 2142 Pastoriai
624 2079 758 2142 Vilmost
773 2080 926 2166 pozsouyi
940 2080 1102 2164 prepostot
1118 2103 1210 2164 apos·

100 2181 151 2244 toli
165 2185 370 2248 tarracinensis
397 2185 503 2264 solui,
528 2187 609 2272 doyy
633 2186 739 2251 Jduos
763 2189 833 2250 cseb
848 2187 880 2249 c's
899 2187 962 2251 111.
979 2185 1131 2250 Karimir
1145 2185 1211 2250 len·

216 2293 285 2378 pyel
301 2293 455 2380 kiralyelc
471 2295 540 2359 ledat
557 2319 578 2358 a
604 2293 774 2379 dc'kesse'pet
791 2293 968 2380 eeakdzdlja
986 2295 1082 2359 1345.

195 2450 343 2518 Clemens
359 2454 541 2538 Episcopus
559 2460 618 2519 etc.
635 2453 756 2520 dilecto
771 2453 839 2520 filio
855 2451 1018 2538 Magistro
1036 2449 1210 2519 Guillelmo

98 2555 132 2621 de
160 2559 307 2626 Pusterla
338 2559 514 2645 Preposito
555 2561 701 2628 Ecclesia
731 2560 941 2628 Posoniensis
975 2559 1210 2643 strigoniensis

98 2663 243 2750 DiocesiS,
259 2668 440 2754 capellano
456 2677 577 2752 nostro,
608 2669 800 2754 Apostolice
818 2667 912 2736 Sedis
929 2667 1057 2735 Nunnio
1073 2668 1211 2733 salutem

17 2853 18 2856 Ἴ
98 2779 150 2838 etc
177 2777 247 2842 Etsi
264 2777 357 2842 iuxta
372 2779 550 2860 pastoralis
581 2777 677 2862 officij
704 2776 850 2844 debitum
875 2776 917 2842 ad
943 2777 1085 2843 omnium
1111 2773 1223 2842 corda·

97 2878 226 2949 fidelium
242 2885 274 2949 in
291 2883 463 2951 concordie
479 2888 604 2951 vnitate
630 2884 792 2952 seruanda
818 2889 933 2957 nostra
950 2885 1092 2968 suspiret
1107 2883 1210 2949 inten-

97 2988 144 3073 tio,
154 2996 184 3056 et
197 2993 239 3058 ad
253 2991 316 3080 hoc
332 2993 561 3060 sollicitudinis
572 2990 764 3078 Apostolioe
775 2993 886 3059 studia
895 2992 1098 3075 dirigantur:
1116 2990 1211 3057 Prin·

16 3157 18 3186 ᾖ
97 3096 171 3178 cipes
185 3105 302 3181 tamen,
320 3099 466 3184 aliosque
481 3101 656 3184 Magnetes
683 3100 871 3166 Catholicos
896 3106 990 3165 tanto
1006 3099 1111 3182 magis
1128 3099 1211 3164 desi·
1325 3159 1330 3169 .

16 3295 18 3304 γ
97 3202 230 3274 daremus
247 3229 380 3274 seruare
397 3207 579 3290 concordes,
596 3216 718 3294 quanto
734 3211 879 3292 ipsorum
890 3207 1071 3297 periculosa
1087 3206 1210 3274 discor·

97 3310 142 3378 dis
153 3317 302 3398 grauiora
317 3317 433 3400 procul
448 3316 546 3384 dubio
571 3319 752 3384 animarum
777 3325 810 3383 et
825 3313 1007 3402 [corporum
1024 3314 1209 3399 germinare
1318 3357 1320 3364 ,

16 3437 18 3522 L
95 3423 224 3502 pericula
240 3425 417 3492 consuevit.
435 3424 523 3492 Sane
549 3424 682 3506 dudum,
707 3426 790 3490 sicut
805 3423 1037 3504 intelleximue,
1053 3423 1139 3488 inter
1155 3443 1207 3488 ca-

95 3529 224 3598 rissimos
240 3533 275 3598 in
291 3533 427 3598 Christo
443 3532 527 3600 filios
547 3538 688 3614 nostros,
705 3531 892 3598 Johannem
907 3531 1043 3597 Boemie
1059 3552 1099 3596 ex
1113 3535 1207 3615 parte

16 3617 17 3638 ³
95 3657 158 3720 ima,
171 3647 203 3707 et
216 3640 425 3707 Kazimirum
448 3639 586 3707 Polonie
611 3640 721 3724 Reges
737 3639 882 3706 illustres
898 3660 937 3704 ex
952 3638 1068 3718 ¹altera,
1084 3636 1209 3704 dissen-

95 3747 231 3832 sionibus,
248 3750 441 3818 rancoribus
458 3755 490 3816 ot
506 3750 600 3833 odiis,
616 3750 709 3815 hoste
720 3753 915 3832 procurante
926 3746 1059 3813 humani
1071 3745 1209 3830 generis,

82 3857 254 3940 ‚suscitatis
279 3865 313 3924 et
338 3879 377 3924 ex
408 3857 468 3944 hoe
493 3857 538 3923 ad
566 3878 701 3942 guerras
719 3862 752 3922 et
776 3855 912 3921 hostiles
928 3874 1119 3938 congressus
1133 3853 1209 3919 hino

93 3963 156 4031 iude
171 3966 345 4048 commotis,
370 3964 503 4030 tandem
527 3965 621 4031 bonis
646 3964 725 4030 viris
750 3960 969 4029 mediantibus
988 3963 1021 4028 et
1036 3961 1208 4027 tractanti-

94 4070 143 4139 bus
157 4077 242 4142 iuter
258 4075 369 4158 Reges
385 4076 475 4158 ipsos
490 4080 616 4159 treuge,
630 4073 719 4158 pacis
737 4075 1000 4155 representantes
1015 4067 1208 4154 ymaginem,

94 4184 281 4251 cessantibus
307 4181 576 4248 commotionibus
607 4180 732 4248 bellicis
758 4178 837 4244 inite
868 4177 1001 4243 fuerunt
1031 4175 1207 4242 hincinde

93 4293 237 4376 usquead
252 4290 487 4360 festumBeati
503 4289 646 4360 Martini
670 4293 840 4354 venturum
866 4285 1016 4370 proximo
1041 4282 1206 4351 durature.

16 4439 17 4444 κ
93 4393 226 4466 meante
258 4407 368 4467 autem
399 4419 484 4464 nunc
514 4399 656 4464 termino
671 4395 733 4462 fine
749 4403 940 4480 treugarum
955 4395 1109 4478 ipsarum,
1125 4392 1205 4472 Nos,

94 4505 143 4590 qui
154 4503 257 4591 Reges
272 4505 403 4573 eosdem
428 4506 462 4570 in
477 4505 567 4594 pacis
594 4509 627 4572 et
642 4500 811 4588 concordie
827 4502 951 4568 unitate
966 4498 1137 4568 confecere
1152 4517 1206 4568 eu·
