3220 5262
758 385 993 430 orruonnozrar
1009 373 1176 430 suntuna.

884 703 889 712 ·
930 676 1004 741 458.

403 837 439 902 V.
467 835 580 902 Orode
600 843 695 924 pdpa
720 837 750 901 Ι.
777 838 877 923 Lajos
903 860 1043 924 mopycr
1068 837 1195 925 air-elye
1213 837 1357 923 folkeri,
1372 840 1452 926 hopy
1465 840 1486 902 Ι
1491 839 1519 904 V.
1596 845 1599 936 j

399 944 529 1029 Rttdolf
550 945 699 1010 creatrici
724 946 852 1032 derczep
884 947 916 1011 da
936 969 956 1008 a
972 943 1140 1032 aalzdarpi
1156 946 1261 1026 drach,
1277 969 1294 1010 a
1309 946 1420 1011 Istvdn
1436 948 1520 1034 bojor

400 1055 525 1141 derczeq
551 1055 622 1119 luzo
649 1079 670 1120 α
696 1054 869 1140 ddlcesae'pct
893 1053 1140 1140 helyrcdllitani
1154 1054 1353 1141 ipyrkezze‘d,
1368 1079 1383 1119 s
1400 1057 1521 1120 stedin-
1597 1101 1599 1122 .

403 1163 501 1228 tethea
526 1161 693 1250 Apapr'tur
725 1162 895 1227 &caddoni
922 1163 1052 1249 pdspdlc
1084 1165 1116 1227 e'a
1148 1164 1289 1250 apostoli
1321 1165 1518 1231 nunciarunt
1597 1197 1599 1210 ι

731 1271 917 1336 nullledddac't
934 1276 1127 1358 tdmopasaa.
1143 1271 1236 1338 1364.
1519 1257 1521 1262 ,
1597 1249 1599 1268 Ι

507 1429 662 1498 Vrbanus
676 1430 859 1516 Episcopus
878 1438 937 1496 etc
953 1431 1123 1498 carissimo
1139 1433 1175 1498 in
1190 1430 1325 1498 Christo
1341 1431 1409 1499 filio
1423 1434 1523 1500 Ludo·

400 1538 470 1604 vico
501 1537 586 1623 Regi
617 1536 765 1622 Vngarie
795 1539 925 1624 illustri,
957 1539 1096 1606 salutem
1135 1547 1198 1608 eto.
1239 1540 1347 1626 Super
1385 1541 1522 1609 custodia
1597 1553 1599 1568 ¹

400 1647 583 1714 animarum
607 1646 752 1714 fidelium
777 1647 855 1713 licet
880 1649 1157 1716 insufficientibus
1183 1651 1310 1715 meritis
1339 1673 1360 1716 a
1390 1651 1521 1718 Domino
1597 1679 1599 1716 ι

401 1753 580 1837 constituti,
611 1755 743 1822 illarum
773 1761 922 1824 tenemur
953 1757 1085 1823 obviare
1118 1759 1283 1842 periculis
1316 1767 1350 1825 et
1389 1759 1521 1826 salutem

400 1859 594 1946 Apostolicc
619 1863 849 1930 sollicitudinis
875 1865 984 1930 studio
1010 1861 1196 1950 procurare,
1222 1873 1414 1952 cunctaque,
1432 1875 1522 1952 prout
1597 1869 1599 1948 f

400 1976 510 2036 nostre
535 1971 749 2055 possibilitati
777 1973 980 2052 conceditur,
1014 1974 1054 2040 de
1084 1974 1191 2040 medio
1223 1975 1348 2059 tollere,
1378 1998 1435 2060 per
1468 1997 1523 2061 quc
1597 1965 1599 2024 ῗ

400 2079 510 2144 aditus
536 2077 658 2145 eisdem
675 2080 837 2163 pandatur
862 2081 1027 2165 periculis
1054 2081 1248 2165 prefateque
1275 2083 1391 2149 salutis
1413 2085 1524 2150 semita

400 2186 601 2252 obstruatur.
616 2185 732 2272 Nuper
748 2188 908 2273 siquidem
933 2211 997 2254 non
1030 2191 1154 2275 absque
1185 2191 1405 2258 amaritudine
1423 2181 1547 2258 cordis
1596 2189 1599 2284 l

401 2297 503 2360 nostri
528 2293 704 2362 multorum
729 2295 968 2381 fidedignorum
989 2298 1230 2382 significacione
1246 2299 1427 2383 didicimus,
1445 2299 1525 2384 quod
1597 2313 1599 2374 2

401 2409 475 2468 orta
502 2403 624 2470 dudum
650 2404 812 2472 discordia
827 2408 912 2472 inter
928 2407 1149 2473 venerabilem
1160 2408 1296 2474 fratrem
1312 2414 1459 2476 nostrum
1477 2459 1522 2474 ...
1597 2383 1599 2480 l

400 2507 695 2597 Archiepiscopum
722 2512 1021 2599 Salzcburgentem,
1045 2523 1078 2581 et
1095 2515 1230 2582 dilectos
1246 2517 1330 2583 filios
1346 2518 1471 2586 nobiles
1486 2519 1525 2583 ri-
1597 2481 1599 2534 l

402 2643 457 2686 ros
482 2622 661 2688 Rudollum
686 2624 811 2689 Ducem
837 2619 975 2690 Austris
1001 2647 1039 2689 cx
1065 2647 1130 2689 una
1150 2631 1256 2710 parte,
1272 2647 1311 2692 ac
1328 2623 1525 2710 Stephanum
1597 2687 1599 2720 ζ

402 2731 529 2796 Ducem
554 2731 696 2797 Bavarie
722 2753 761 2796 ex
785 2732 899 2813 altera,
915 2740 1112 2816 procurante
1125 2733 1250 2800 zizanio
1267 2739 1385 2818 satore,
1402 2736 1449 2800 sic
1466 2755 1526 2800 ore·
1597 2793 1599 2852 4

401 2840 455 2922 vit,
482 2841 591 2923 sicque
616 2841 788 2924 utriusque
812 2841 918 2926 partis
934 2841 1059 2906 animos
1075 2841 1297 2920 inflammarit,
1315 2842 1402 2926 quod
1418 2851 1525 2926 partes

401 2949 471 3031 ipse
509 2948 713 3032 propriarum
754 2951 871 3014 virium
911 2950 1067 3015 terminos
1099 2950 1303 3031 excedentes,
1338 2951 1526 3034 consangui-

402 3078 535 3122 neorum
552 3063 585 3121 et
600 3058 776 3124 amicorum
793 3079 890 3143 quam
906 3059 1122 3143 plurimorum
1137 3058 1261 3124 auxilia
1277 3059 1437 3140 invocant,
1453 3061 1527 3124 iam-

403 3183 467 3246 que
491 3166 654 3250 incipiunt
678 3187 896 3253 congregare;
921 3173 954 3234 et
979 3188 1052 3233 cum
1077 3169 1138 3252 ipsi
1170 3168 1280 3234 Duces
1311 3171 1526 3251 generositate
1596 3083 1599 3232 i

401 3275 616 3357 prepolleant,
625 3297 807 3361 magnaque
817 3280 987 3363 potiantur
999 3277 1104 3362 gloria
1119 3277 1324 3363 facultatum,
1334 3285 1437 3343 totam
1447 3298 1526 3362 pene
1597 3345 1599 3390 Ι

326 3393 329 3400 “
402 3380 615 3449 Alamaniam
640 3391 674 3452 et
697 3387 820 3452 vicinas
844 3393 957 3470 partes
977 3387 1020 3452 ad
1035 3387 1140 3452 mutui
1158 3408 1353 3470 congressus
1371 3389 1527 3453 excidium

403 3490 534 3556 trahere
558 3493 747 3577 moliuntur,
773 3516 812 3559 ex
838 3516 904 3579 quo
929 3495 991 3561 nisi
1018 3494 1058 3560 de
1084 3492 1200 3559 festine
1216 3495 1307 3577 pacis
1323 3502 1528 3560 succurratur
1598 3581 1599 3584 Ἴ

402 3599 555 3684 remedio,
570 3621 643 3666 cum
658 3601 791 3668 illarum
800 3603 946 3686 partium
956 3601 1069 3687 populi
1082 3609 1156 3668 sunt
1166 3603 1363 3669 naturaliter
1373 3603 1524 3684 bellicosi,

403 3708 439 3788 si,
472 3708 559 3791 quod
589 3707 685 3794 absit,
716 3716 827 3794 partes
857 3713 929 3796 ipse
956 3711 998 3776 ad
1029 3711 1167 3795 prelium
1184 3710 1355 3777 deveniant
1370 3714 1527 3796 gencrale,
1597 3719 1599 3732 ’

403 3814 586 3883 Christiani
603 3819 769 3900 sanguinis
784 3819 920 3902 grandis
937 3818 1059 3902 effusio,
1075 3827 1109 3884 et
1124 3841 1184 3904 per
1199 3839 1399 3904 consequens
1409 3821 1527 3886 anima-
1597 3856 1599 3869 ·

402 3947 473 3992 rum
488 3925 644 4010 pericula,
661 3926 790 4012 aliaque
806 3926 893 3994 mala
910 3949 1007 4013 quam
1023 3928 1175 4012 plurima,
1190 3927 1239 3992 vel
1257 3927 1418 4022 bellorum
1443 3927 1527 3992 cala·
1597 3913 1599 3990 i

403 4034 501 4100 mitas
518 4034 603 4100 solet
627 4035 815 4119 producere,
840 4037 1057 4121 probabiliter
1083 4036 1311 4102 formidantur.
1343 4036 1413 4102 Nos
1430 4037 1528 4120 igitur
1597 4019 1599 4046 ⁵

404 4142 562 4208 adversus
577 4143 666 4210 mala
681 4143 762 4228 ipsa,
777 4167 817 4209 ne
833 4145 917 4210 vires
933 4151 1063 4210 sumant
1078 4145 1226 4226 ulterius,
1242 4145 1417 4228 cupientes,
1431 4151 1527 4228 prout

404 4258 560 4335 tenemur,
586 4258 781 4336 oportunam
807 4254 1015 4336 diligenciam
1041 4253 1205 4336 adhibere,
1230 4253 1271 4318 do
1295 4260 1416 4336 tuaque
1431 4253 1527 4317 inter-
1597 4255 1599 4326 l

403 4359 563 4444 positione
588 4360 774 4427 adhihenda
797 4360 831 4424 in
857 4360 919 4426 hac
944 4368 1039 4444 parto
1065 4361 1193 4429 solicite
1219 4383 1308 4444 spem
1339 4361 1524 4445 precipuum
1598 4383 1599 4388 ¹

404 4469 597 4553 obtinentes
622 4471 838 4537 venerabilem
863 4469 1003 4536 fratrem
1027 4477 1175 4536 nostrum
1199 4467 1380 4554 Agapitum
1396 4469 1528 4553 Episco·
1597 4497 1599 4564 a

404 4600 481 4666 pum
510 4579 722 4648 Esoulanum-
735 4578 928 4664 Apostolice
945 4577 1040 4646 Sedis
1058 4578 1232 4664 Nuncium,
1248 4579 1366 4645 harum
1382 4578 1526 4656 latorem,
