3166 5256
613 625 665 684 96.

4 831 6 890 Ξ
82 778 108 846 Ι.
124 781 222 867 Lojoe
248 803 390 869 mappas
414 783 597 870 kirdlpnole
621 783 750 866 kdcetcc]
775 785 834 850 aia
859 785 973 852 Eadrc
989 788 1102 875 kirrily
1117 791 1207 857 koro-

4 893 9 984 Ξ
83 893 238 955 samsom
255 891 374 956 killdce
390 891 498 957 coltolc
514 889 690 973 Siciliam,
706 893 808 958 eaaek
826 895 1009 980 meydlele'se
1023 902 1106 962 ιιιάιι
1124 897 1204 963 visa·

334 1001 502 1066 szctdraek
519 999 827 1089 Mopyororsqubo.
845 1004 941 1068 1345.

4 987 6 1028 ι

4 1128 8 1212 Ξ
179 1157 333 1225 Clemens
349 1160 532 1246 Episcopus
548 1167 608 1228 etc.
632 1161 799 1228 carissimo
814 1162 848 1226 in
865 1159 998 1230 Christo
1014 1161 1080 1230 filio
1095 1161 1206 1230 Ludo·

80 1265 142 1332 sico
156 1265 241 1351 Regi
266 1267 417 1355 Vngerie
446 1270 566 1338 illustri
596 1272 737 1338 salntem
770 1278 829 1337 etc.
855 1269 1014 1356 Regalem
1045 1273 1208 1340 voluimus

4 1379 6 1444 ι
79 1374 312 1443 llxcellenciam
327 1397 393 1444 non
406 1377 520 1458 latore,
536 1379 624 1462 quod
639 1386 814 1463 antequam
830 1399 978 1446 rumores
994 1378 1043 1444 illi
1060 1377 1202 1448 dolorosi

4 1535 6 1558 ἰ
79 1487 108 1547 et
120 1480 241 1550 flebiles
272 1485 315 1551 de
331 1507 411 1552 casu
426 1483 576 1553 videlicet
605 1485 695 1554 clare
711 1489 865 1554 memorie
882 1483 1017 1554 Andros
1033 1487 1136 1570 Regis
1154 1484 1205 1552 Si-

77 1588 150 1671 ulie,
158 1594 306 1673 germani
316 1594 429 1676 tui‚ed
444 1603 590 1662 nostram
600 1595 751 1662 notitiam
760 1595 1004 1678 peruenissent;
1024 1593 1201 1678 negotium,

4 1755 5 1758 ,
79 1718 208 1782 proquo
223 1701 423 1768 venerabilis
453 1701 558 1768 frater
573 1709 686 1768 noster
702 1702 883 1786 Gregorius
897 1703 1081 1786 Episcopus
1097 1701 1201 1768 Cena·

4 1843 6 1900 Ξ
78 1804 197 1886 diensis,
213 1814 248 1873 et
264 1807 380 1874 dilecti
393 1808 451 1894 filij
485 1808 609 1891 nobiles
624 1809 685 1875 riri
701 1808 825 1876 Paulus
842 1808 992 1894 symonis
1008 1809 1048 1876 de
1064 1793 1202 1875 Morton¹

76 1911 176 1978 Judex
192 1912 296 1982 Gurie
311 1915 419 2001 Regio
434 1914 591 2000 Vagarie,
607 1923 640 1981 et
655 1915 797 1982 Thomas
807 1915 896 1982 Noui
912 1915 1029 1998 Oestri,
1046 1937 1085 1982 ao
1101 1913 1200 1982 Nico·

4 2023 6 2104 ᾗ
77 2017 142 2084 laus
157 2019 294 2106 (lapelle
310 2023 414 2107 Regia
431 2022 584 2104 Comites
601 2021 720 2108 Nuncij
738 2022 848 2109 Regij,
864 2023 906 2088 ad
922 2021 1041 2089 Sedem
1057 2021 1202 2107 Aposto-

4 2113 7 2182 Ξ
76 2126 162 2193 licem
177 2138 344 2212 venerant,
361 2153 484 2215 nosque
500 2130 720 2198 venerabilem
734 2129 872 2196 fratrem
896 2136 1046 2195 nostrum
1064 2128 1203 2196 Guillel-
1283 2139 1290 2150 “

76 2255 154 2302 mum
168 2238 374 2322 Episcopum
389 2238 633 2320 Carnoteneem‚
650 2235 841 2323 Apostolice
852 2235 946 2303 Sedis
957 2236 1131 2319 Nunnium,
1142 2259 1202 2322 pro

4 2349 6 2420 Ξ
77 2342 236 2428 dirigendo
265 2352 356 2414 statu
379 2347 460 2412 dicti
486 2346 603 2430 Regni,
628 2366 668 2412 ac
692 2345 907 2430 procurandis
933 2350 966 2410 et
981 2345 1199 2430 preparandis

4 2425 6 2550 Ξ
75 2449 132 2516 illis
133 2475 217 2538 ,que
243 2454 289 2522 ad
314 2453 495 2522 feliciorem
525 2454 763 2539 expeditionem
788 2453 869 2519 dicti
894 2453 1015 2538 negotij
1034 2459 1199 2539 oportuna

4 2597 9 2654 Ξ
75 2560 253 2644 existerent,
268 2561 391 2629 dudum
408 2562 451 2628 ad
467 2568 578 2647 partes
593 2561 703 2645 Regni
719 2558 832 2626 Sicilie
848 2561 1049 2645 miseramus,
1075 2559 1196 2627 eisdem

4 2659 6 2734 Ξ
73 2663 201 2761 Nnnciis
216 2669 371 2750 fideliter,
387 2669 527 2754 prudent
528 2690 565 2734 er
590 2675 623 2734 et
648 2668 822 2751 diligenter
836 2668 1079 2770 laborantibus
1085 2669 1197 2750 extite-

4 2773 6 2826 Ξ
73 2779 126 2854 rat,
139 2781 238 2859 prout
263 2775 393 2843 felicius
413 2798 473 2860 per
497 2797 557 2842 nos
587 2776 659 2842 fieri
676 2783 734 2860 pot
720 2775 784 2842 tuit
785 2775 1016 2859 ,expeditum
1032 2777 1116 2842 si'o'ut
1116 2760 1195 2861 ipsi

4 2831 9 2984 Ξ
74 2880 191 2969 Nnncij‚
208 2906 294 2969 quos
309 2905 408 2969 super
424 2885 601 2968 premissis,
624 2883 838 2968 ipsorumque
869 2884 1116 2951 conuersatione
1131 2884 1195 2950 cir·

4 2935 12 3112 Ξ
72 3001 250 3076 conspecta
273 2999 307 3059 et
331 2992 492 3060 laudabili
516 2991 777 3058 commendamus
793 2990 1029 3076 multipliciter,
1038 2987 1117 3056 uuo
1132 2988 1198 3056 Ite·

4 3119 7 3184 Ξ
72 3099 117 3180 gie
130 3099 325 3167 celsitudini
347 3099 470 3166 referre
494 3099 646 3166 seriosius
670 3105 824 3182 poterunt
847 3098 922 3164 vina
937 3119 1023 3165 voce.
1061 3095 1188 3164 Datum

4 3185 8 3300 Ξ
73 3191 220 3276 aunone
238 3207 321 3276 VH.
337 3207 410 3275 idus
427 3205 589 3292 Octobris,
604 3205 782 3273 Pontificat
767 3211 821 3298 tus
836 3208 941 3274 nostri
957 3225 1042 3273 anno
1058 3211 1178 3293 quarto

4 3273 7 3364 Ξ

4 3527 6 3540 ι

4 3549 6 3556 ι

4 3579 6 3596 Ι

4 3597 6 3612 Ι

381 3389 439 3452 (VI.
449 3389 583 3442 Kelemen
595 3388 669 3454 ptpa
681 3389 799 3454 regestdi
790 3388 866 3450 rbol.)

544 3603 703 3612 ..—--—.-.—

598 3856 650 3916 97.

4 4027 31 4102 ζ.
71 4011 94 4080 Α
117 4017 265 4084 ueleuczei
290 4017 633 4104 kormdaytoadcsaok
659 4017 829 4096 condolete,
856 4017 936 4103 kopp
962 4039 983 4079 a
1008 4013 1188 4080 Jad-›abae

169 4127 237 4190 le'vo
252 4125 443 4191 aocoaoc'olc
459 4127 621 4192 archados
637 4125 953 4190 kibocsdttassanalc.
973 4123 1068 4188 1345.

4 4343 6 4384 3
162 4285 259 4354 Anno
275 4283 513 4355 Mecexnv.
525 4287 577 4352 die
593 4285 639 4350 X.
656 4281 820 4352 Octubris.
839 4283 998 4368 Capta:
1015 4281 1100 4349 Cum
1116 4279 1187 4346 An·

4 4403 6 4422 ’
71 4392 197 4458 waltoni
220 4416 280 4460 nos
306 4400 513 4478 rogaverunt,
534 4390 623 4476 quod
638 4391 785 4457 homines
800 4391 948 4471 Ausone,
964 4390 1021 4474 qui
1038 4395 1134 4456 erant
1151 4397 1185 4456 ct

4 4563 6 4596 Ξ
72 4505 135 4566 sunt
156 4502 189 4567 in
206 4499 232 4570 J
232 4503 326 4587 adra,
343 4502 500 4570 eumenis
516 4500 610 4568 bonis
626 4503 753 4586 possint
768 4519 880 4566 secure
897 4498 986 4564 exire
1002 4497 1043 4564 de
1058 4497 1083 4564 J
1085 4497 1185 4564 edre:
