3220 5248
398 361 465 422 534
752 375 987 422 uvrnouaczvnv
1003 364 1170 421 anebsan.
1206 363 1208 368 '

397 534 611 618 preiudicium
636 540 670 602 et
695 533 865 600 iacturam.
891 533 974 600 Cum
990 536 1103 618 itaque
1122 535 1237 601 deceat
1261 533 1512 624 Magnitudinem

396 643 545 726 Regiam,
571 664 606 708 se
630 643 664 708 in
682 642 928 726 recuperatione
944 641 1061 707 iurium
1080 643 1300 709 Ecclesiarum
1318 649 1352 708 et
1374 643 1513 710 eeclesia-

397 751 551 818 sticarnm
567 769 780 834 personarum
788 748 1000 816 favorabilem
1017 750 1181 832 exhibere,
1205 751 1410 834 idemque
1432 751 1514 817 Dur

397 860 439 925 in
472 859 645 942 magnis
677 865 721 924 et
754 857 912 922 arduis
944 860 1150 942 negotiis
1183 859 1398 924 inherere
1431 859 1514 925 tuis

396 965 619 1050 consiliis,
651 966 694 1030 de
720 986 785 1049 quo
820 964 908 1050 apud
942 965 1013 1032 Nos
1046 966 1311 1033 conmendandus
1347 967 1511 1051 plurimum

298 1161 302 1170 Ι
398 1073 558 1155 redditur,
589 1079 773 1140 asseratur:
815 1072 1031 1140 Serenitatem
1065 1073 1169 1140 Tuam
1201 1095 1354 1158 rogamus
1384 1080 1515 1156 attente,

398 1189 558 1264 quatenus
584 1181 707 1248 dictum
731 1181 858 1246 Ducem
881 1180 925 1246 ad
940 1181 1180 1249 restitutionem
1195 1183 1340 1249 locorum
1359 1190 1391 1248 et
1406 1182 1515 1248 iuriam
1585 1205 1589 1212 ’

397 1289 616 1374 predictorum
643 1291 745 1356 eidem
771 1289 966 1357 Patriarche
991 1291 1094 1358 libere
1129 1291 1315 1358 faciendam
1348 1291 1514 1358 salutiferis

397 1397 646 1466 salutationibus
663 1399 726 1464 tuis
741 1397 886 1479 inducas,
902 1404 939 1464 ut
955 1404 1011 1465 tuo
1022 1407 1217 1484 cooperante
1228 1401 1373 1482 consilio,
1389 1407 1422 1466 et
1437 1402 1516 1465 viam

396 1507 523 1572 timoris
539 1505 672 1594 Domini
688 1505 903 1573 laudabiliter
918 1506 1172 1590 demonstrante,
1189 1505 1266 1572 Dux
1281 1509 1352 1591 ipae
1378 1514 1444 1573 tam
1467 1529 1517 1573 sue
1587 1591 1591 1598 .

399 1635 498 1698 quam
524 1614 603 1682 dicti
627 1615 731 1699 patris
756 1615 805 1680 sui
821 1615 926 1680 anime
943 1615 1121 1682 salubriter
1136 1617 1316 1699 provideat,
1343 1622 1378 1682 et
1398 1616 1517 1701 justitie

398 1719 543 1786 debiturn
568 1741 627 1803 pro
652 1721 702 1785 sui
727 1722 851 1786 honore
868 1721 1005 1788 nominis
1021 1723 1055 1786 in
1071 1721 1256 1788 huiusmodi
1284 1729 1352 1788 tam
1378 1730 1518 1807 prompta

398 1850 496 1913 quam
521 1829 626 1896 libera
647 1830 854 1896 restitutione
878 1829 1052 1915 persolvat.
1069 1831 1225 1897 Precibus
1249 1853 1380 1916 quoque
1397 1833 1517 1914 ‚vvodris

399 1936 566 2019 adicimus,
592 1944 628 2002 ut
651 1937 892 2020 Patriarcbam,
918 1960 1014 2022 quem
1032 1939 1125 2004 nobis
1150 1939 1347 2022 multiplicia
1371 1941 1519 2005 virtutum

400 2045 520 2111 merita
545 2051 579 2112 et
604 2045 842 2112 familiaritatis
867 2045 1024 2130 obsequia
1049 2046 1091 2111 ab
1116 2046 1193 2112 olim
1217 2046 1309 2112 nobis
1330 2046 1519 2112 exhibitione.

398 2175 509 2218 earum
526 2152 675 2234 reddunt,
690 2161 724 2220 et
741 2153 924 2221 Ecclesiam
939 2151 1095 2237 prefatos,
1110 2155 1144 2218 in
1161 2174 1273 2220 eorum
1298 2155 1519 2220 conservandis

399 2268 432 2326 et
456 2258 659 2327 defendentis
685 2261 778 2327 bonis
794 2268 828 2327 et
844 2261 980 2342 iuribus,
995 2261 1120 2326 habere
1137 2261 1215 2326 velit
1231 2261 1339 2344 Regia
1359 2260 1517 2327 Celsitudo

399 2388 459 2452 pro
486 2374 599 2434 nostra
625 2375 657 2434 et
682 2366 873 2453 Apostolice
899 2367 994 2434 Sedis
1021 2369 1205 2435 reverentia
1237 2368 1463 2436 favorabiliter
1491 2374 1519 2432 et

400 2475 578 2542 efficaciter
603 2476 856 2544 commendatos.
873 2476 995 2541 Datum
1020 2476 1108 2559 apud
1125 2474 1249 2544 Villam
1269 2473 1399 2541 Novam
1415 2476 1519 2540 Avini·

398 2585 531 2650 onensis
547 2582 696 2651 Diocesis
712 2582 797 2650 XII.
814 2581 971 2650 kalendas
987 2582 1071 2648 Julii
1087 2582 1307 2650 Pontificatus
1324 2588 1428 2651 nostri
1444 2605 1519 2649 anno

400 2693 547 2776 septimo.

751 2838 903 2900 (Vl.1ncze
916 2837 989 2902 pdpa
1002 2833 1188 2902 regeatdibbl.)

931 3143 1006 3205 402.

402 3303 450 3370 Aa
467 3305 605 3370 1358-102·
621 3304 765 3390 be'lceeadp
784 3299 1093 3390 seponatositdsdva
1111 3307 1285 3372 uenatkozo'
1299 3308 1521 3373 lcbvetele'selec

562 3411 718 3477 celencaei
733 3412 942 3498 lcdztdraasdp
957 3413 1102 3478 re‘szve'vdl.
1124 3417 1254 3479 1359a'a
1273 3415 1369 3481 1360.

401 3569 1523 3660 A)Ursi0Bertalanmint'velenczeibiztoslrt'vl·
1599 3569 1601 3634 ἱ

401 3678 709 3763 detilrSzecsy
733 3678 900 3745 nlikles
933 3679 1174 3747 dalmatiai
1208 3681 1291 3748 bau
1323 3690 1367 3748 es
1401 3682 1429 3747 I.
1458 3682 1523 3747 La-
1598 3669 1601 3782 l

627 3789 699 3873 jos
724 3808 903 3871 magyar
927 3787 1177 3872 kirtlyhoz.
1204 3795 1297 3856 1359.
1598 3783 1601 3816 ⁴

509 3911 607 3979 Anno
632 3911 890 3981 MOCCLVIII.
916 3912 969 3977 die
985 3911 1032 3978 ΙΙ.
1050 3912 1260 3997 Septembris.
1278 3913 1363 3982 Cum
1381 3917 1522 3983 dominus
1600 3925 1601 3946 l

402 4021 474 4088 Rex
491 4020 664 4106 Hungarie
680 4020 785 4105 pridie
805 4021 839 4085 in
863 4021 1071 4104 responsione
1087 4021 1175 4088 facta
1190 4043 1249 4106 per
1266 4043 1340 4088 eum
1356 4022 1524 4090 Bartholo

402 4152 473 4197 meo
490 4130 590 4199 Vrsio
605 4129 747 4196 Notario
772 4129 858 4193 inter
877 4134 986 4194 cetera
1002 4131 1205 4213 concluserit,
1222 4132 1311 4213 quod
1327 4137 1396 4197 tam
1412 4133 1451 4198 de
1467 4131 1522 4195 hiis

403 4261 465 4322 que
483 4239 595 4304 Banus
612 4235 786 4304 Solanonie
810 4233 933 4301 faceret
958 4237 1046 4302 circa
1072 4237 1330 4308 observationem
1346 4239 1522 4306 litterarum
1596 4203 1601 4322 l

404 4365 545 4428 suarum,
570 4367 650 4431 quas
675 4347 745 4430 ipse
764 4343 836 4410 Rex
852 4344 914 4410 sibi
930 4345 1032 4411 mittit
1046 4366 1107 4430 pro
1124 4346 1350 4413 observatione
1366 4354 1521 4414 contento·
1600 4343 1601 4350 ’

403 4474 475 4518 rum
491 4453 523 4518 in
539 4476 630 4537 pace,
654 4475 751 4539 quam
767 4453 807 4519 de
823 4452 897 4534 hiis,
914 4473 977 4539 que
993 4453 1163 4538 requisivit
1179 4475 1277 4538 super·
1293 4454 1382 4522 facto
1397 4455 1522 4521 Bertra·
1599 4503 1601 4550 ἑ

402 4560 447 4628 mi
464 4559 504 4626 de
521 4561 640 4628 Tarsia
664 4567 697 4629 et
720 4562 856 4628 aliorum
872 4561 1040 4630 rebellium
1059 4567 1253 4644 nostrorum,
1269 4563 1465 4647 expectabat
1478 4581 1520 4627 re·
1598 4551 1601 4610 l
