3166 5256
322 357 364 417 54
679 349 913 416 urenenncziar
930 358 1101 415 aur-usas.

320 532 515 598 mandamus
531 530 633 609 vobis,
649 535 813 612 quatenus
837 552 895 594 vos
921 549 1048 612 semper
1074 528 1189 594 taliter
1220 526 1365 593 reddatis
1382 525 1464 592 soli-

320 640 402 704 citos
418 644 451 704 et
469 642 624 717 attentos,
650 641 750 720 prout
776 635 802 700 si
828 657 922 702 casus
947 637 1137 702 incursurus
1163 640 1255 715 esset,
1270 635 1364 700 uobis
1380 654 1464 718 sepe

318 753 354 810 et
371 749 478 829 sepius
493 768 533 813 ao
549 745 701 812 continue
718 765 802 810 nova
818 744 1027 811 occurrenoia
1042 742 1240 810 intimantes,

401 960 411 990 ι
429 907 463 969 (Δ
479 907 591 958 ›Missi‹
608 908 698 959 czimtl
711 907 850 959 velencaei
865 907 1092 972 allamkdnyvbol
1105 907 1197 958 XXII.
1212 907 1269 956 ket.
1284 909 1326 954 79.
1339 903 1405 965 lev.)

1011 997 1023 1021 ο

812 1085 971 1095 ——--—-

866 1317 917 1379 56.

356 1477 687 1566 Mapyarorequaak
705 1479 853 1565 [1119911-
870 1480 902 1542 aa
920 1479 1207 1566 Oroazoraedppuli
1225 1478 1431 1543 heracleonitae

698 1587 964 1674 ozabdlyoztutok.
983 1587 1079 1650 1344.

433 1744 502 1810 Nos
519 1745 705 1811 Lodouicus
722 1746 784 1811 stb.
809 1745 981 1826 vuluersis,
1002 1746 1094 1828 ¹quod
1118 1767 1179 1810 uos
1195 1744 1308 1812 fideles
1324 1747 1417 1811 ciues
1433 1751 1466 1810 et

326 1851 471 1935 hospites
502 1857 633 1917 nostros
665 1849 840 1918 Casseuses
871 1852 1005 1935 pietatis
1020 1852 1122 1918 oculis
1139 1853 1377 1936 conspicientes
1396 1851 1463 1917 stb.

327 1959 490 2042 prefatam
517 1957 695 2024 Ciuitatem
719 1965 866 2024 nostram
892 1955 1005 2038 Cassa,
1031 1964 1064 2024 et
1089 1957 1219 2024 eosdem
1245 1958 1333 2023 ciues
1350 1981 1390 2024 ac
1406 1958 1466 2022 ho·

325 2049 425 2132 spites
441 2048 482 2113 de
498 2047 621 2128 eadem,
639 2053 769 2114 nostros
783 2048 905 2127 fideles
922 2069 1097 2131 eorumque
1113 2067 1324 2128 successores,
1350 2047 1465 2112 huius·

328 2154 416 2220 modi
447 2153 612 2220 libertatis
628 2160 661 2220 et
675 2155 788 2238 gracie
820 2154 971 2238 specialis
1001 2155 1213 2237 prerogatiua
1237 2154 1466 2238 perennaliter

329 2262 512 2344 gauisuros,
528 2261 567 2327 de
581 2261 790 2345 beneplacita
815 2261 983 2328 voluntate
1014 2259 1227 2327 Serenissime
1258 2261 1464 2345 Principisse

328 2351 458 2434 domine
473 2367 647 2434 Elisabeth
662 2368 773 2433 inclite
798 2367 927 2450 Regino
952 2367 1135 2452 Huugarie,
1162 2368 1332 2452 genitricis
1348 2373 1466 2433 nostre

326 2473 504 2556 karissime,
520 2497 559 2540 ae
573 2474 709 2541 oonsilio
734 2474 946 2541 Prelatorum
962 2482 996 2540 et
1011 2474 1179 2540 Beronum
1205 2481 1392 2540 nostrorum
1411 2475 1467 2541 de·

326 2582 485 2648 creuimus
515 2580 736 2649 decorandos:
767 2583 854 2667 quod
879 2605 989 2650 omnes
1004 2587 1203 2648 mercatores
1228 2583 1388 2663 extranei,
1416 2582 1460 2648 de

326 2688 452 2772 Regnis
478 2689 602 2756 seilicet
632 2689 767 2772 Russie,
789 2690 935 2770 Polonie,
962 2696 994 2756 et
1019 2690 1208 2775 Prouinoijs
1235 2689 1414 2755 eorundem
1430 2688 1464 2752 in

328 2795 479 2879 Regnum
504 2803 651 2863 nostrum
682 2796 856 2880 Hungarie
887 2798 1061 2881 venientes,
1091 2804 1245 2881 pretextu
1260 2795 1467 2863 vendicionis

328 2926 459 2969 suarum
475 2925 584 2969 rernm
610 2910 642 2968 et
658 2907 814 2970 mercium
830 2905 917 2972 vltra
934 2904 1112 2970 Oiuitatem
1137 2904 1242 2988 ipsam
1269 2902 1467 2970 Oasscnsem

326 3035 398 3079 oum
415 3012 558 3077 vecturis
574 3017 608 3077 et
623 3011 783 3077 mercibus
800 3033 911 3078 eorum
927 3011 1050 3076 nullam
1066 3009 1299 3095 progrediendi
1316 3009 1467 3077 habeant

327 3121 539 3202 facultatem3
557 3120 615 3185 sed
633 3120 741 3185 omnia
758 3143 816 3186 sua
832 3119 1052 3200 mercimonia,
1063 3141 1120 3185 seu
1135 3139 1188 3184 res
1205 3118 1468 3184 mercimoniales

328 3229 547 3310 cuiuscunque
564 3228 693 3312 generis
708 3229 759 3293 vel
775 3229 893 3312 speciei
911 3228 975 3294 sint
1000 3235 1034 3295 et
1059 3229 1212 3306 existant,
1228 3226 1350 3292 ibidem
1368 3227 1469 3311 depo·

330 3343 419 3416 nant,
443 3342 604 3418 reponant
628 3343 728 3420 atque
755 3337 905 3411 vendant,
938 3337 992 3402 Ita
1009 3334 1133 3419 quoda
1148 3334 1246 3399 modo
1263 3338 1296 3399 et
1311 3334 1470 3419 deinceps

330 3445 474 3509 omnium
490 3463 598 3510 rerum
614 3445 903 3511 mercimonialium
917 3465 1030 3509 eorum
1055 3442 1226 3526 deposicio,
1250 3443 1415 3525 reposicio
1433 3447 1466 3506 et

259 3547 262 3552 “
327 3551 476 3617 vendicio
495 3571 533 3616 ac
548 3552 671 3634 empoio
688 3553 850 3634 generalis
875 3573 939 3617 non
971 3551 1061 3631 alias,
1079 3549 1141 3614 nisi
1157 3550 1191 3614 in
1208 3555 1359 3632 pretecta
1377 3547 1468 3614 Ciui-

328 3666 399 3725 tate
416 3665 528 3724 uostra
544 3656 700 3724 Cassensi
717 3660 814 3742 plena
831 3659 899 3740 liat,
924 3681 983 3724 nee
1007 3657 1144 3722 ulterius
1170 3656 1249 3721 dicti
1264 3664 1467 3724 mercatores

330 3766 480 3832 extranei
496 3788 568 3830 cum
585 3766 748 3833 mercibus
779 3767 924 3851 ipsorum
951 3762 1148 3849 procedendi
1175 3770 1208 3828 et
1224 3762 1322 3829 eundi
1337 3767 1470 3846 possint

328 3874 453 3941 habere
483 3872 674 3940 facultatem
706 3874 884 3959 aliqualem
903 3874 964 3940 stb.
989 3873 1115 3940 Datum
1140 3871 1174 3936 in
1190 3869 1288 3938 Zolie
1303 3872 1338 3937 in
1354 3873 1471 3956 vigilia

343 3985 404 4049 esti
420 3982 517 4049 Beati
533 3981 709 4068 Laureneij
731 3985 888 4050 martiris.

436 4145 575 4210 (Eredetie
585 4146 767 4213 btlrhartyaim
782 4162 819 4197 sz.
833 4147 885 4198 kir.
900 4148 988 4198 Kassa
1001 4146 1083 4196 vetros
1097 4145 1310 4206 leveltatrdbsn.)
