3214 5260
549 375 555 380 '
591 365 686 442 tem.
1010 429 1013 436 .
1131 357 1195 438 4'3l

75 549 234 620 Jarmenee
252 555 411 639 habende,
426 551 470 620 ad
486 577 545 618 nos
556 555 796 632 transmissum,
807 551 906 617 vestri
923 551 1198 634 contemplacione

73 669 102 727 et
116 683 170 728 sue
186 662 370 748 legalitatis
385 663 506 727 intuitu
522 661 660 744 benigno
687 660 875 744 recepimus,
891 665 924 724 et
939 659 1123 743 legaciones
1139 680 1198 742 per

72 771 201 838 eundem
217 771 312 838 nobis
327 771 450 837 relatas
466 771 655 854 adplenum
679 767 906 833 intelleximus.
922 765 978 832 Ad
995 788 1136 850 quarum
1151 788 1199 832 se

70 879 143 944 riem
166 900 227 964 per
251 877 477 945 honorabilem
500 877 607 942 vuum
633 876 796 942 dominum
826 873 1026 958 Gregorinm
1050 871 1196 940 (lenoni-

71 1007 134 1052 cnm
150 993 184 1052 et
199 985 459 1052 Thesaurarium
474 983 621 1051 Ecclesie
638 984 863 1066 Voradiensis,
879 983 1060 1048 Doctorem
1079 981 1199 1048 Decre-

71 1101 178 1178 torum,
203 1091 421 1177 Capellennm
437 1099 585 1158 nostrum
609 1091 790 1177 specialem,
806 1112 903 1175 quem
925 1090 969 1160 ad
984 1091 1196 1158 tractandum

72 1207 100 1267 et
120 1199 317 1266 &mendum
342 1200 465 1265 dictam
490 1199 601 1284 ligem,
616 1201 766 1267 unionem
781 1206 815 1265 et
829 1198 1129 1266 confederacionem
1145 1199 1193 1263 iu·

71 1315 117 1374 ter
139 1328 199 1374 nos
223 1315 339 1373 mutuo
364 1307 551 1374 habendam
566 1308 610 1374 ed
632 1305 788 1374 Vestram
802 1305 1087 1390 Magnificeuoiem
1102 1304 1200 1370 desti-

11 1475 13 1478 .
72 1415 224 1497 nouimus,
243 1415 336 1482 vobis
351 1415 501 1480 duximus
516 1413 791 1501 respondendum,
807 1411 932 1480 Datum
942 1413 1037 1479 Bnde
1047 1411 1200 1478 vicesima

73 1520 119 1592 die
135 1524 256 1592 mensis
272 1520 488 1606 Septembris.

11 1743 12 1746 Ἴ
174 1669 317 1733 (Eredetie
331 1684 347 1718 a
359 1669 447 1720 turini
469 1671 543 1720 oleez
556 1669 608 1720 kir.
622 1667 806 1719 levelttrban.
820 1667 897 1717 Melt.
911 1665 980 1717 berb
992 1663 1088 1731 nytry
1102 1665 1201 1716 Albert

77 1759 106 1806 etr
117 1759 318 1824 kmlemenye.)

557 1901 636 1910 ..ou-
654 1901 689 1906 --
707 1899 713 1906 a

601 2084 674 2144 348.

11 2245 12 2248 ’
77 2235 388 2333 AMopyarorezctp
413 2242 446 2307 te
470 2266 493 2307 a
516 2243 638 2330 genosi
663 2241 872 2326 kbztdrsalcty
889 2241 958 2306 lco‘zt
983 2239 1119 2309 kbtooclb'
1136 2248 1202 2308 sao·

399 2351 565 2438 oetsepoek
578 2361 763 2437 pontozata.
783 2351 880 2414 1352.

177 2509 356 2577 Tractatns
372 2509 414 2576 ad
430 2509 595 2575 dominum
611 2509 737 2593 Regem
754 2507 911 2591 Vngarie.

177 2616 300 2686 Sumus
325 2617 471 2684 contenti
497 2617 537 2683 de
562 2615 634 2684 fare
657 2617 760 2699 ligem
784 2637 856 2682 eum
875 2616 907 2681 lo
927 2635 1045 2697 segnor
1061 2613 1133 2698 Rey
1149 2614 1203 2680 alo

11 2731 13 2744 ‘
78 2720 246 2792 offensione
270 2727 312 2791 de
345 2726 379 2791 lo
404 2724 583 2793 Veneciam
620 2723 758 2790 secondo
793 2722 886 2789 lorde
911 2724 1026 2807 parlao
1053 2743 1074 2786 a
1097 2741 1204 2785 mesor

11 2891 12 2894 ,
76 2828 210 2900 Maistro
227 2834 402 2919 Freynego
418 2833 452 2897 in
468 2837 583 2916 questo
599 2832 705 2898 mode.

11 3009 12 3012 ,
177 2942 438 3009 Primeramente
455 2943 515 3009 ebe
529 2942 586 3006 noi
602 2961 637 3007 se
653 2947 835 3007 troneremo
855 2961 876 3004 a
890 2945 1003 3006 nostro
1019 2957 1103 3022 poey
1119 2940 1204 3002 inter

11 3059 13 3136 f
77 3043 107 3110 lo
122 3049 205 3131 golso
220 3051 255 3116 lo
272 3073 317 3134 pu
333 3051 392 3116 che
408 3070 472 3136 noy
487 3056 634 3133 potremo
652 3049 713 3114 der
729 3048 806 3132 ogni
823 3046 1000 3113 offenssion
1016 3046 1056 3110 de
1066 3045 1097 3110 le
1106 3053 1203 3124 terre,

11 3153 13 3236 ἶ
78 3150 105 3217 le
119 3161 213 3240 quale
239 3165 381 3227 tenneno
397 3158 420 3225 li
437 3155 611 3241 Venetiam,
631 3156 768 3225 secondo
787 3157 820 3224 lo
838 3157 910 3224 dico
927 3177 1044 3240 segnor
1059 3153 1130 3239 Rey
1145 3175 1205 3238 per

11 3301 12 3336 3
78 3267 157 3331 terre
181 3287 256 3332 cnm
281 3267 311 3333 le
324 3288 392 3333 soe
409 3268 500 3351 genti
526 3287 585 3350 per
601 3267 657 3332 uio
673 3267 825 3348 ordenaa,
842 3265 972 3348 quando
987 3263 1115 3330 lordem
1131 3281 1205 3326 sera

11 3427 12 3434 ,
77 3366 169 3454 dayto
194 3377 282 3441 inter
307 3395 370 3459 noy
396 3375 461 3439 elo
487 3374 555 3440 dito
572 3395 689 3458 segnor
707 3373 788 3458 Rey,
806 3369 948 3440 abiendo
964 3373 998 3438 in
1012 3372 1043 3438 le
1058 3379 1146 3437 terre
1163 3369 1204 3436 (le

11 3501 12 3504 ¹
77 3474 106 3542 lo
120 3477 187 3546 dito
204 3481 285 3567 Rey,
300 3482 353 3548 chi
369 3504 440 3548 sum
455 3505 476 3548 a
491 3482 524 3548 la
557 3483 683 3550 marina
698 3485 1134 3566 epategeoresteseamento
1147 3499 1205 3562 per

11 3621 13 3654 ;
77 3581 105 3648 le
119 3595 228 3655 nostre
245 3591 348 3674 galee,
364 3611 423 3657 azo
440 3589 499 3656 che
524 3611 582 3674 per
599 3589 726 3656 delecto
751 3589 791 3654 de
807 3587 961 3655 victualia
976 3589 1007 3653 le
1023 3593 1134 3654 nostre
1151 3605 1206 3666 ga·

11 3733 18 3748 -
78 3689 124 3757 lee
148 3717 191 3763 no
218 3696 389 3781 perdesem
413 3697 446 3762 lo
471 3703 590 3780 tempo,
608 3717 626 3760 o
644 3698 702 3761 che
719 3695 754 3761 la
769 3695 821 3762 via
837 3717 854 3761 e
869 3694 903 3761 la
919 3715 1045 3782 speysa,
1063 3693 1116 3759 ehi
1132 3711 1206 3757 sera

77 3810 181 3869 monto
197 3803 389 3889 grandem
407 3802 493 3870 fosse
510 3803 602 3888 layta
620 3804 766 3870 intorno.

181 3910 268 3978 Item
293 3913 352 3978 obe
381 3931 439 3996 per
455 3913 487 3978 lo
512 3933 631 3997 segnor
646 3905 719 3996 Rey
736 3916 969 3978 seeretemente
986 3927 1042 3974 seo
1057 3907 1157 3993 dayto
1173 3905 1206 3970 iu

80 4016 200 4084 trottae
226 4040 246 4084 e
271 4016 303 4082 lo
332 4025 445 4086 nostro
473 4018 599 4086 sindico
624 4025 776 4104 presente
792 4016 824 4084 lo
840 4018 937 4085 modo
953 4039 970 4084 e
986 4017 1019 4082 le
1036 4013 1207 4082 condition

81 4113 117 4188 (le
137 4121 232 4210 quele
256 4131 343 4192 terre
369 4125 421 4193 chi
451 4147 539 4196 seam
565 4148 610 4211 pn
636 4126 790 4196 alehela
815 4127 953 4195 deveuer
978 4123 1205 4210 conquistet,e

11 4315 13 4322 γ
81 4231 158 4301 vnde
174 4233 205 4300 le
221 4235 315 4318 galee
331 4255 480 4320 poessem
495 4235 580 4303 meio
596 4257 679 4302 ouer
694 4236 830 4303 reducto
848 4257 865 4302 e
880 4234 1132 4302 refrescamento
1147 4252 1206 4316 per

11 4429 13 4432 Ι
82 4356 121 4422 pn
145 4349 281 4428 segurta
304 4341 345 4410 de
371 4344 402 4409 le
419 4342 502 4410 diue
518 4344 621 4427 galee.
640 4343 785 4409 lilancor
801 4345 897 4428 quale
913 4363 983 4409 sum
1000 4341 1093 4427 quele
1109 4346 1207 4424 terre,

83 4443 183 4516 dende
210 4449 262 4517 elo
288 4473 308 4516 a
333 4473 377 4535 pu
402 4452 521 4534 emixi;
546 4453 647 4517 etiam
664 4451 704 4516 de
720 4473 786 4536 qua
803 4473 873 4518 enm
890 4450 999 4536 quelle
1013 4450 1045 4515 le
1062 4469 1147 4532 quae
1163 4469 1208 4530 pn

11 4631 13 4638 y
84 4551 317 4640 longeramente
344 4581 377 4624 se
401 4560 546 4644 porriam
571 4558 686 4642 inugir.
711 4558 873 4640 Equesto
889 4559 1021 4642 digamo
1037 4577 1095 4642 per
1110 4575 1208 4642 pnsor
