3108 5246
570 319 665 392 ress.
1007 411 1010 424 Ι
1116 313 1181 396 lit
1308 373 1313 377 -

67 497 90 566 si
104 507 208 568 autem
224 495 349 588 aliquid
365 523 462 588 penes
478 511 512 570 te
528 504 568 568 de
584 505 672 572 dicta
688 505 824 588 pecunia
840 506 978 572 forsitan
988 505 1185 590 contingerit

1 685 2 690 ἵ
65 629 228 692 remanere,
255 611 345 678 illam
371 612 415 677 ad
430 619 577 678 nostram
599 609 773 679 (lanienam
789 611 915 679 deleres
930 614 981 679 vel
995 615 1113 696 mittes,
1128 635 1185 680 seu

65 726 234 800 consertes
261 720 344 785 sicut
374 719 547 802 dirigenda
577 721 639 786 tibi
664 726 777 786 nostra
789 721 945 786 mandata
961 723 1027 788 alia
1042 723 1184 788 contine·

64 823 143 891 bunt
160 821 303 892 (ledulas
331 830 442 891 autem
458 825 621 892 dictarum
637 827 838 910 generalium
855 827 1098 894 subventionum
1116 830 1184 894 sius

1 983 2 986 η
63 931 263 997 collectarum
289 933 324 997 in
347 932 523 999 Provincia
548 933 738 1017 supradicta
763 933 825 999 tibi
852 935 912 1000 snb
929 935 1046 1019 sigillis
1062 937 1184 1001 nostris

1 1043 2 1120 ᾖ
63 1037 183 1105 isumus
215 1041 387 1122 assignari.
419 1040 508 1108 Ecce
531 1041 649 1107 harum
674 1042 756 1106 seria
782 1040 879 1106 dictis
905 1037 1185 1109 Vniuersitatibus

1 1187 2 1195 κ
63 1145 180 1230 promte
203 1148 376 1214 Provincia
401 1156 435 1214 et
460 1150 597 1234 singulis
623 1148 801 1216 earundem
820 1147 936 1215 damus
951 1152 1135 1232 expressius
1150 1152 1185 1216 in

1 1324 2 1339 p
63 1254 224 1337 mandatis,
244 1253 333 1338 quod
358 1256 419 1322 tibi
434 1256 469 1321 in
484 1257 653 1340 premissis
669 1262 816 1340 parcant,
832 1255 1008 1322 efficaciter
1023 1257 1184 1324 obediant.

1 1361 2 1421 ζ
61 1361 173 1430 Datum
182 1362 381 1448 Neapoli—
393 1401 435 1410 —-
447 1403 490 1416 ·-—
506 1402 536 1412 -
556 1362 655 1430 Anno
666 1362 800 1430 Domini
816 1363 1011 1432 MOOOIII.
1027 1364 1080 1430 dis
1097 1364 1183 1430 XII.

61 1467 179 1553 Aprilis
197 1472 341 1536 secunde
366 1472 553 1538 indictionis
570 1471 760 1556 Regnorum
777 1473 881 1536 nostri
896 1471 998 1554 Regis
1013 1493 1098 1538 anno
1113 1471 1184 1555 IV„
1246 1463 1248 1467 ’

60 1581 151 1645 nostri
175 1600 256 1645 uero
275 1578 405 1664 Regina
422 1600 508 1646 anno
522 1580 569 1646 X.

1 1758 2 1800 1
156 1724 192 1786 (Α
207 1723 349 1787 ›Registri
363 1724 512 1788 Angioiui«
526 1725 556 1777 F.
572 1729 631 1778 ³57.
645 1741 682 1776 aa.
696 1739 720 1777 a.
734 1725 794 1790 Reg
804 1721 939 1776 Ludovici
948 1725 966 1775 J
968 1724 1093 1776 ohannae
1104 1723 1183 1774 roce-

1 1805 7 1851 ῐ
59 1812 126 1866 unct
140 1819 198 1866 ras.
212 1815 281 1878 rev.)

580 2121 654 2186 344.

58 2279 193 2368 Major
207 2304 352 2370 mapyar
368 2279 480 2368 kiru‘iy
490 2285 620 2370 aidduy
638 2279 770 2349 sicilici
789 2281 925 2349 bioinck
942 2278 1068 2349 emitte.
1086 2283 1182 2352 1352.

155 2459 204 2549 A)
221 2458 414 2526 Ludouicus
441 2467 473 2526 et
498 2459 656 2527 Johanna
682 2465 741 2528 etc.
766 2460 911 2545 Regenti
935 2457 1034 2528 Ouric
1050 2459 1181 2532 Vicarie

1 2629 3 2641 ἱ
56 2565 163 2652 Regni,
178 2577 213 2634 et
229 2567 404 2633 Judicibus
420 2570 566 2634 eiusdem
592 2566 701 2651 Ourie,
718 2590 841 2634 necnon
858 2569 882 2636 J
884 2570 1060 2653 nstitiarijs
1077 2569 1180 2635 Terre

1 2693 2 2762 ᾗ
56 2673 188 2742 Laboris
205 2681 241 2742 et
257 2673 444 2742 Comitatus
468 2677 604 2760 Molisij,
620 2678 800 2760 ceterisque
817 2674 1022 2743 Officialibus
1038 2677 1121 2761 alijs‚
1138 2677 1181 2742 ad

1 2788 2 2828 ³
56 2803 131 2866 quos
156 2791 290 2869 spectat
319 2791 353 2850 et
379 2792 526 2868 spectare
550 2786 681 2868 poterit,
695 2807 756 2868 per
781 2786 888 2868 ipsum
904 2785 1054 2867 Regnum
1070 2783 1183 2851 Sicilie

56 2892 239 2958 constitutis
255 2891 462 2975 presentibus
478 2898 511 2958 et
527 2891 652 2974 futuris,
663 2892 814 2959 fidelibus
830 2893 952 2958 nostris
968 2893 1109 2976 gratiam
1121 2900 1182 2958 etc.

1 3033 2 3084 3
55 2995 205 3067 Nicolaus
231 2999 271 3065 dc
287 2999 432 3066 Ysernia
446 3000 606 3067 Dominus
623 2997 733 3066 Castri
750 2997 941 3066 Ciuitenoue
959 2999 999 3064 de
1016 2998 1183 3064 Comitatu

1 3089 3 3203 ζ
55 3106 171 3194 Molisij
205 3107 311 3174 fidelis
343 3113 454 3172 noster
479 3108 648 3173 Maiestati
673 3105 796 3173 Nostra
821 3113 1010 3173 reuerentes
1025 3109 1182 3190 exposuit,

1 3211 2 3274 ἶ
55 3217 135 3298 qnod
150 3217 230 3282 olim
255 3237 293 3280 eo
318 3221 437 3296 agente
462 3215 495 3278 in
512 3213 661 3299 predicto
686 3212 806 3280 Castro
822 3235 888 3295 suo,
904 3212 991 3296 quod
1007 3212 1183 3280 inmediatc

55 3331 85 3390 et
107 3326 141 3390 in
165 3323 274 3407 capite
300 3345 320 3389 a
336 3319 438 3390 Curia
463 3329 578 3388 nostra
594 3328 684 3388 tanet
699 3321 760 3387 sub
783 3321 941 3387 fidelitate
955 3343 994 3386 ac
1011 3321 1183 3387 deuotione

1 3427 2 3434 '
55 3435 156 3499 nostri
182 3431 324 3498 nominis
351 3437 384 3498 ct
401 3435 489 3496 statu
504 3431 648 3514 regionis
671 3430 773 3513 ipsius
790 3451 830 3493 ex
845 3429 1026 3494 incursibus
1042 3429 1184 3493 hostium

55 3539 275 3606 discriminose
290 3539 467 3623 languente
483 3537 776 3604 Bertrandus
801 3535 850 3602 dc
873 3538 1027 3603 Mocca
1051 3534 1183 3601 rebellis

55 3655 85 3713 ct
97 3647 240 3714 infidelis
257 3654 371 3714 noster
387 3645 430 3710 ad
447 3643 604 3712 Castrum
620 3627 727 3729 ipsum
744 3665 817 3710 cum
833 3650 930 3728 gente
947 3666 1005 3709 sua
1021 3665 1055 3708 se
1071 3648 1182 3707 contu·

54 3755 99 3838 lit,
114 3763 149 3822 et
163 3757 272 3840 captis
298 3753 459 3820 violenter
483 3761 552 3819 tam
569 3758 660 3818 terra
675 3755 749 3837 ipsa
764 3774 862 3836 qnam
878 3753 947 3817 eius
964 3751 1111 3835 predicto
1128 3751 1182 3814 ‹lo-

1 3876 2 3884 ’
54 3863 146 3946 mino,
161 3861 340 3928 Nicolaum
354 3861 461 3944 ipsum
476 3881 666 3943 percussum
680 3862 714 3924 in
730 3865 806 3924 actu
824 3859 984 3942 captionis
1000 3855 1183 3923 huiusmodi

55 3972 172 4056 caroerj
189 3969 400 4052 mancipauit,
416 3974 529 4051 petens
545 3966 588 4032 ab
605 3987 643 4033 eo
658 3987 810 4052 magnam
828 3973 861 4032 et
886 3964 1029 4048 amplam
1046 3964 1181 4047 pecunie

55 4079 277 4159 quantitatem.
289 4075 479 4142 Setfactum
491 4081 577 4140 esset
587 4076 719 4159 ponitur
736 4080 769 4139 et
780 4081 961 4158 sequutum,
971 4070 1059 4155 quod
1068 4071 1183 4137 eodem

55 4181 191 4252 Nicolao
207 4185 393 4251 carceribus
411 4184 599 4249 subiacente
615 4183 649 4246 in
665 4188 828 4266 potestate
838 4178 981 4248 eiusdem
990 4179 1181 4256 Bertrandi,

55 4290 280 4360 Robertus
297 4292 343 4359 de
353 4292 420 4358 Mo
432 4292 443 4357 l
454 4291 534 4358 isio
550 4291 682 4357 rebellis
691 4297 723 4356 et
733 4289 882 4374 proditor
891 4294 1183 4371 noster‚tractante

58 4397 1182 4468 etordinantaJohannedsEbulomilitecumeoineadem

57 4507 242 4575 rebellionis
258 4509 367 4592 specie
393 4506 547 4573 similiter
564 4514 785 4586 concurrente,
802 4505 865 4572 sibi
880 4505 951 4572 fieri
966 4504 1043 4570 iecit
1057 4523 1116 4586 pro
1133 4525 1182 4567 re·

101 4645 163 4683 uos.
179 4643 261 4682 noso.
277 4643 346 4680 rursu.
363 4651 406 4664 -
421 4643 490 4679 acra
504 4643 565 4679 uxr.
580 4645 608 4678 n.
1031 4613 1072 4676 27
