3214 5260
359 308 424 378 lea
710 321 945 378 bmnomc'zmr
970 305 1136 377 amissa

890 623 964 684 386.

359 784 386 850 Ι.
407 785 505 870 Lojoa
520 804 663 869 mappae·
673 781 855 868 kirdlyoolr
865 781 1019 846 otdlevele
1029 780 1184 868 oprdpoi-
1199 782 1232 844 e's
1248 782 1429 868 uttraberpi
1442 779 1489 844 ke·

698 889 853 953 recteest
869 893 1030 953 szdmdru.
1057 891 1153 954 1357.

469 1047 657 1116 bodonicus
682 1047 748 1114 Dei
775 1049 889 1134 gracia
919 1046 1103 1133 Hungarie,
1134 1047 1314 1129 Dalmacie,
1348 1046 1491 1131 Croucie,

360 1157 476 1238 Rama,
507 1155 632 1239 Seruis,
662 1153 814 1236 Gallicis,
844 1155 1050 1238 Lodomerie,
1082 1152 1238 1220 Comanis
1267 1154 1492 1242 Bulgariequo

361 1267 444 1346 Rex,
459 1264 618 1348 Princeps
635 1261 876 1330 Sallernitanus
893 1269 926 1328 et
940 1263 1085 1328 Honoris
1100 1261 1224 1328 Montis
1240 1260 1357 1329 Sancti
1371 1263 1494 1348 Angeli

361 1374 520 1441 Dominus
536 1372 685 1438 omnibus
713 1369 838 1437 Christi
854 1370 1006 1438 fidelibus
1021 1378 1088 1438 tam
1106 1371 1314 1454 presentibus
1330 1393 1430 1456 quam
1446 1371 1494 1438 fu·

363 1482 448 1547 turis
464 1479 668 1565 presencium
684 1479 840 1544 noticiam
855 1477 1017 1544 habituris
1033 1477 1169 1543 salutem
1184 1481 1218 1543 in
1233 1480 1378 1544 omnium
1388 1481 1507 1546 salua·

362 1596 444 1655 tore.
460 1587 563 1671 Regie
589 1586 785 1654 Serenitatis
811 1584 913 1667 glorie
929 1586 1081 1672 congruit
1095 1589 1129 1650 et
1144 1587 1269 1667 honori,
1283 1588 1416 1671 populis
1430 1609 1492 1653 non

363 1697 466 1761 solum
484 1696 545 1760 sibi
562 1692 726 1775 subiectis,
742 1715 853 1759 verum
864 1695 964 1759 eciam
974 1692 1167 1776 alienigenis
1182 1693 1216 1757 in
1233 1713 1327 1759 suum
1342 1694 1492 1779 Regnum
1588 1743 1592 1750 -

363 1783 669 1887 proficisscentibus,
687 1803 899 1884 antiquorum
915 1800 1044 1884 Regum
1061 1798 1209 1884 exempla
1219 1799 1389 1884 imitando,
1407 1805 1492 1884 quie·

364 1919 432 1975 tum
449 1908 621 1992 disponere
637 1909 810 1974 transitum
827 1915 859 1972 et
875 1929 1032 1989 securum,
1047 1913 1081 1971 vt
1095 1907 1279 1989 prouisione
1295 1910 1494 1976 moderacio-

365 2019 415 2082 nis
438 2016 576 2098 Regalis
601 2036 711 2081 eorum
737 2015 945 2081 incommoda
970 2015 1183 2080 cxcuoiantur
1208 2023 1241 2080 et
1264 2018 1494 2100 tranquilitate

365 2125 538 2207 concupita
563 2124 597 2188 in
622 2145 734 2188 eorum
762 2124 904 2188 transitu
920 2123 1098 2207 pociantur.
1114 2121 1258 2188 Proinde
1273 2124 1317 2189 ad
1331 2128 1498 2194 uniuerso·

365 2252 438 2296 rum
454 2232 610 2295 noticiam
625 2231 743 2295 barum
759 2230 843 2295 serie
859 2228 1007 2296 volumus
1025 2230 1218 2312 peruenire:
1236 2232 1325 2312 quod
1341 2235 1511 2302 uniuersi.

364 2347 418 2404 tas
463 2343 682 2404 mercatorum
730 2335 1027 2420 Pragensium
1073 2342 1106 2401 et
1142 2333 1498 2423 Nerumbergen-

366 2451 486 2526 sium,
506 2447 614 2511 missis
640 2445 682 2511 ad
706 2467 767 2511 nos
790 2444 931 2511 Nicolao
957 2443 1062 2527 Serph
1089 2441 1238 2530 (Scherf)
1261 2451 1296 2510 et
1321 2445 1496 2515 Voliramn

368 2553 538 2638 Strumayr
564 2553 691 2619 nunciis
716 2555 860 2638 ipsorum
880 2551 1004 2617 Nostre
1020 2551 1192 2618 Maiestati
1206 2552 1319 2618 intime
1336 2557 1499 2640 supplica-

366 2668 453 2742 runt,
469 2669 503 2726 vt
519 2661 599 2746 ipsis
624 2661 663 2726 de
687 2659 792 2744 Regie
807 2659 1019 2727 liberalitatis
1035 2659 1270 2744 circumspecta
1284 2663 1500 2745 prouidencia
1524 2669 1526 2671 ’

367 2770 536 2834 libertates
553 2790 675 2852 eorum,
699 2768 864 2853 quondam
880 2791 939 2853 per
955 2768 1112 2833 Inclitum
1127 2768 1314 2853 Principem
1331 2768 1513 2838 dominum*

367 2875 542 2960 Karulum,
566 2876 713 2942 inclitum
739 2875 864 2958 Regem
890 2876 1072 2962 Hungarie,
1088 2882 1216 2960 patrem
1232 2884 1381 2945 nostrum
1396 2879 1500 2946 karis-

369 2987 495 3064 simum,
521 3004 691 3067 supereo,
717 3004 757 3048 ne
783 2984 846 3068 ipsi
872 3005 933 3068 pro
959 2981 1089 3067 debitis,
1114 2982 1248 3049 offensis
1264 2991 1298 3050 et
1313 2987 1500 3053 excessibus

368 3090 506 3158 aliorum
524 3089 644 3155 alicubi
661 3090 693 3155 in
711 3089 828 3174 Regno
845 3097 957 3156 nostro
982 3097 1114 3174 possent
1128 3112 1187 3174 per
1202 3093 1376 3176 quospiam
1391 3095 1499 3178 prohi-

368 3199 448 3278 beri,
464 3198 560 3262 datas
574 3197 726 3280 legaliter
752 3205 786 3263 et
810 3219 979 3264 concessas
1005 3199 1189 3282 restituere,
1205 3198 1387 3268 reformare
1403 3207 1438 3266 et
1452 3223 1500 3266 re-

368 3287 524 3386 staurare,
548 3305 857 3390 primordialemque
889 3303 1031 3370 eiusdem
1056 3307 1161 3388 patris
1185 3308 1289 3372 nostri
1315 3306 1498 3374 efficaciam

369 3409 538 3478 stabiliore
561 3417 674 3476 tenore
699 3411 909 3496 dignaremur
941 3434 1001 3496 pro
1028 3411 1149 3478 eisdem
1166 3413 1332 3480 sollidare.
1353 3415 1427 3482 Nos
1444 3417 1500 3500 igi·

369 3527 425 3584 tur
450 3517 722 3601 frequentissimis
748 3525 782 3584 et
808 3519 973 3585 diuturnis
999 3520 1295 3604 supplicacionibus
1322 3523 1499 3588 eorundem

369 3626 499 3694 Nicolai
516 3623 622 3709 Serph
648 3635 681 3691 et
706 3624 898 3694 Voliramns
916 3625 998 3712 (igy)
1014 3629 1047 3694 in
1063 3629 1210 3711 personis
1227 3630 1402 3695 eorundem
1420 3651 1500 3694 mer·

369 3739 516 3800 catorum
541 3733 667 3801 Nostra
692 3733 863 3800 Maiestati
889 3737 1048 3818 porrectis
1073 3733 1305 3802 fauorabiliter
1330 3739 1502 3816 exauditis,
1603 3801 1605 3808 Α

369 3843 566 3908 utilitatibus
583 3842 758 3908 eorundem
775 3850 991 3909 mercatorum
1010 3850 1042 3908 et
1057 3845 1161 3909 eciam
1187 3843 1292 3926 Regni
1308 3847 1415 3910 nostri
1430 3867 1502 3910 oon·
1597 3875 1605 3932 '3

370 3951 533 4031 sideratis,
549 3971 612 4014 vna
628 3971 700 4014 cum
716 3949 860 4015 Prelatis
877 3957 910 4015 et
927 3951 1036 4034 Regni
1053 3951 1159 4015 nostri
1169 3950 1358 4016 Beronibus
1375 3959 1503 4017 matura

371 4056 608 4124 deliberacione
624 4057 800 4141 prehabito
817 4064 1001 4124 statuentes
1011 4059 1240 4140 commisimus,
1255 4064 1291 4123 rt
1305 4065 1503 4124 mercatores
1603 4051 1605 4096 ³

371 4166 627 4250 Progenses
651 4173 684 4232 et
717 4164 1155 4250 Nerumbcrgienses
1188 4168 1407 4250 prenominati
1431 4188 1503 4232 cum
1604 4163 1605 4168 ’

270 4301 274 4304 ·
371 4293 480 4337 eorum
498 4273 596 4338 rebus
623 4281 656 4339 et
681 4274 842 4340 mercibus
867 4275 901 4338 in
926 4274 1076 4359 Regnum
1103 4280 1250 4339 nostrum
1266 4275 1430 4340 venientes
1445 4294 1504 4358 pro

372 4380 569 4460 excessibus,
596 4381 729 4446 offensis
755 4388 788 4447 et
813 4382 930 4448 debitis
956 4383 1094 4448 aliorum
1115 4386 1332 4447 mercatorum
1348 4381 1456 4446 nullas
1472 4383 1503 4446 in

372 4487 490 4574 Regno
516 4496 629 4556 nostro
655 4512 714 4575 per
739 4493 908 4576 quospiam
933 4493 1066 4558 valeant
1090 4491 1266 4576 prohiberi,
1291 4491 1353 4557 nisi
1378 4491 1422 4577 hij
1450 4491 1504 4576 qui
