3110 5248
553 323 558 329 ’
584 336 678 400 1348.
1125 337 1188 401 293

4 489 27 513 ”
74 506 177 588 gracia
190 505 347 592 Vngarie,
361 509 550 575 Jerusalem
566 515 601 574 et
619 507 740 592 Sicilie,
750 509 901 577 Ducatus
911 508 1033 594 Apulie
1049 517 1081 576 et
1094 513 1191 578 Prin·
1216 481 1219 489 Ι

73 613 188 695 cipetus
217 612 340 698 capue,
371 615 551 698 Dalmaoie‚
577 616 723 698 Oroacie,
755 616 871 698 Reme,
897 615 1021 701 Seruis,
1047 615 1190 684 Gallicis

1 717 2 806 i
73 718 263 803 Lodomerie,
280 721 441 788 (lumenie
449 723 672 808 Bulgarieque
688 723 792 809 Rege,
801 723 958 809 Principe
974 722 1190 792 Salernitana

1 808 3 927 J
72 833 100 893 et
112 826 252 894 Honoris
276 831 404 896 Montis
431 827 546 896 Sancti
572 828 694 915 Angeli
718 831 868 914 Domino,
895 831 1085 915 Regnorum
1113 852 1191 898 uero

1 928 3 1023 J
72 937 133 1002 eius
146 935 292 1022 Vngarie
307 959 393 1004 anno
410 945 511 1019 sexto,
529 939 718 1006 Jerusalem
735 944 769 1005 et
783 937 893 1006 Sicilie
910 960 995 1006 anno
1012 939 1126 1026 primo,
1137 939 1190 1005 die

1 1129 2 1136 J
72 1045 201 1110 secundo
230 1047 352 1112 mensis
383 1043 528 1130 Augusti
559 1048 664 1131 prime
694 1046 881 1114 indict-ionis
907 1046 1098 1133 Theany.
1115 1044 1187 1112 Nos

71 1149 215 1218 Nicolaus
230 1153 271 1219 de
287 1151 411 1220 Gracia
426 1152 584 1221 Ciuitatis
600 1153 737 1240 Theany
752 1153 894 1222 Annalis
903 1155 929 1222 J
930 1155 1024 1238 udex,
1034 1153 1190 1221 Andreas

1 1282 2 1285 ¹
71 1257 232 1326 Benedicti
246 1261 288 1328 de
304 1260 458 1328 Treiecto
475 1261 611 1329 vbilibet
626 1283 686 1347 per
702 1262 910 1328 Provinciam
926 1261 1029 1328 Terre
1045 1262 1188 1329 Laboris

72 1373 100 1430 et
114 1364 295 1435 Comitatus
310 1367 437 1454 Molisij
453 1368 561 1454 Regia
577 1369 776 1436 auctoritate
791 1368 948 1455 Puplicus
974 1368 1141 1450 Notarius,
1156 1375 1190 1436 et

71 1473 237 1559 subscripti
251 1480 353 1540 testes
371 1474 433 1541 stb.
448 1475 488 1542 de
505 1476 620 1543 eadem
635 1481 725 1542 terra
742 1475 784 1542 ad
800 1476 863 1542 hoc
878 1474 1067 1560 specialiter
1080 1479 1187 1545 vocati
1249 1565 1252 1570 Ι

70 1588 99 1648 et
111 1583 225 1667 rogati,
239 1583 386 1666 presenti
401 1585 523 1668 scripto
540 1582 743 1650 declaramus
759 1584 821 1651 stb.
832 1582 1081 1670 (ngenlredes.)

168 1741 216 1827 N)
231 1744 274 1810 In
291 1746 422 1812 nomine
439 1745 573 1811 Domini
589 1745 693 1810 nostri
708 1742 792 1812 Jesu
807 1742 941 1832 Christi.
950 1743 1051 1812 Anno
1062 1744 1189 1814 athi·

71 1850 166 1918 nitate
183 1873 242 1920 sua
257 1852 432 1920 millesimo
447 1854 674 1919 trecentesimo
690 1853 934 1937 quatrsgesimo
959 1859 1085 1920 octauo.
1101 1852 1189 1937 Beg-

69 1965 160 2026 uante
175 1960 455 2026 Ezcellentissimo
480 1959 631 2040 Domino,
660 1959 791 2026 domino
817 1965 928 2026 nostro
952 1961 1108 2046 Lodoyco
1123 1960 1189 2028 Dei

69 2066 174 2146 gracia
189 2064 346 2150 Vngarie,
362 2065 550 2134 Jerusalem
567 2072 599 2131 et
615 2063 736 2148 Sicilie,
751 2065 900 2132 Ducatus
910 2065 1034 2150 Apulie
1051 2073 1084 2134 et
1093 2067 1188 2134 Prin·

69 2173 187 2257 cipatus
218 2171 341 2258 Copae,
373 2173 553 2256 Dalmacie,
584 2172 731 2254 Droacie,
755 2171 871 2258 Reme,
896 2171 1021 2255 Seruie,
1038 2173 1189 2255 Gallicis,

68 2277 261 2364 Lodomerie‚
277 2279 436 2348 Cumanie
451 2280 671 2364 Bulgarieque
688 2281 781 2363 Rege
791 2277 998 2363 3Regnorum
1009 2282 1078 2348 eius
1087 2282 1113 2350 J
1114 2303 1186 2364 eru·

63 2386 162 2454 salem
177 2394 210 2456 et
224 2389 331 2456 sicilie
356 2408 441 2454 anno
466 2388 583 2474 primo.
598 2389 715 2456 Mense
729 2386 922 2456 Decembris
938 2388 991 2453 die
1010 2390 1192 2464 vicensimo,

68 2497 163 2563 tercio
178 2495 321 2564 eiusdem
345 2496 486 2563 secunda
510 2495 686 2566 indictione
710 2495 800 2578 apud
830 2492 1187 2564 Guelionisium:

68 2599 131 2668 Nos
145 2601 321 2670 Anselmus
336 2603 467 2672 Nicolai
482 2603 523 2670 de
540 2603 685 2672 Oonculo
701 2601 844 2672 Annalis
861 2602 1052 2670 Guiliouisii
1075 2604 1101 2672 J
1101 2603 1187 2672 udex

67 2706 195 2778 Ylarius
210 2712 347 2798 Rogerij
364 2713 406 2778 de
421 2710 542 2780 Ylario
558 2710 600 2778 de
615 2709 704 2778 dicta
720 2709 977 2797 terraPuplicus
987 2710 1096 2796 Regia
1111 2734 1186 2780 auc·

66 2820 192 2886 toritate
206 2818 367 2896 Notarius
382 2825 417 2885 et
440 2825 540 2890 testes
575 2817 753 2902 subscripti
769 2817 812 2886 ad
828 2817 890 2886 hoc
914 2818 1105 2902 specialiter
1132 2842 1186 2888 uo·

8 2967 12 2975 ‹
67 2927 128 2992 eati
142 2933 198 2995 etc.
214 2935 274 2995 etc.
291 2926 505 2996 declaramus.
525 2932 585 2996 etc.
601 2926 663 2995 stb.
675 2924 830 3010 (Eladtssi
848 2925 1038 3013 szerzbdes.)

166 3093 216 3155 (Aa
225 3091 263 3143 itt
270 3092 431 3143 felemllsett
440 3093 601 3158 okmdnyok
611 3091 719 3143 eredeti
729 3091 879 3158 peldAnyai
888 3091 1185 3158 taltltatnakNApoly·

67 3179 241 3234 bannalem
262 3183 316 3234 kir.
340 3182 468 3236 »cande
490 3183 696 3238 Achiuos-ban
719 3198 736 3238 a
759 3183 941 3250 »Pergameni
964 3182 1186 3237 deiblouasterii

57 3273 205 3337 suppressi«
220 3274 308 3336 kczt.)

542 3437 701 3450 -υ-ή

575 3764 648 3826 260.

1 3940 3 4073 J
69 3919 116 3986 Vl.
132 3922 280 3990 Kelemea
291 3927 385 4010 pdpc
402 3947 423 3990 c
431 3923 617 4094 soqrdpbjrn
633 3923 700 3989 leve
726 3923 842 4009 arrp'oni
857 3921 1025 4009 bercchelc
1042 3921 1183 4008 r'r'pye'bea

1 4077 2 4103 t
588 4035 665 4098 348.

1 4284 2 4290 J
161 4191 315 4258 Clemens
352 4190 537 4276 Episcopus
578 4199 636 4258 etc.
677 4192 844 4258 carissime
885 4191 919 4256 in
951 4188 1083 4258 Christo
1114 4182 1181 4256 filie
1309 4213 1312 4218 ·

66 4291 250 4364 Helisabeth
288 4293 415 4381 Regiae
444 4297 592 4383 Vagarie
621 4296 745 4365 illustri
775 4298 915 4365 salutem
947 4303 1009 4364 etc.
1041 4295 1185 4372 Dudum,

1 4402 2 4478 f
68 4406 219 4472 carissima
244 4405 323 4488 filia,
348 4405 523 4488 intellecta
548 4407 633 4491 quod
650 4406 835 4473 carissimus
868 4407 902 4472 in
933 4403 1065 4473 christo
1097 4405 1183 4474 filius

1 4541 2 4602 p
67 4515 374 4582 noste1·Ludosicus
399 4513 472 4581 Rex
497 4511 644 4600 Vngarie
669 4515 818 4599 illustris,
835 4521 930 4583 natus
946 4523 1029 4601 tuus,
1053 4513 1183 4584 carissi·

1 4617 2 4664 J
356 4627 357 4630 ,
