3220 5248
391 339 457 402 550
749 355 984 400 umncuuczmi
1001 337 1167 400 sundran.

390 515 585 596 intellector,
614 515 683 598 ipse
714 514 762 578 sic
791 512 981 578 antedicons
1012 512 1170 579 conclusit
1205 519 1239 579 et
1282 513 1391 578 dixit:
1430 513 1514 597 Ergo
1591 489 1593 502 Α

390 624 521 688 dimitto
546 621 635 688 istud
651 643 748 705 super
763 620 861 686 fidem
877 626 910 685 et
926 619 1161 686 conscienciam
1175 621 1324 687 Dominii
1340 621 1452 698 vestri,
1466 621 1515 686 dc

391 730 469 796 mini
494 728 598 798 Ducis
624 724 963 794 oecumenicos
991 725 1066 793 dedi
1091 731 1345 812 responsionem,
1361 735 1400 794 ut
1416 729 1516 795 decuit

390 857 451 924 pro
482 843 592 903 vestra
621 835 813 902 intencione.
844 833 993 918 Insuper,
1025 833 1153 900 domine
1183 837 1237 921 mi,
1269 834 1346 918 dixi,
1379 838 1514 919 qualiter
1592 879 1593 888 2

391 951 655 1030 presentaveram
680 943 809 1008 litteras
834 961 909 1009 suas
934 943 1030 1008 Bano
1056 963 1114 1008 suo
1130 942 1301 1009 Dalmacie
1317 943 1512 1027 superiacto

392 1053 616 1118 extimacionis
641 1052 882 1135 possessionum
907 1048 1110 1119 Venetorum
1136 1052 1350 1117 existentium
1375 1053 1410 1118 in
1425 1050 1515 1117 Noua

391 1165 425 1224 et
440 1158 559 1240 Jadra,
575 1164 609 1224 et
618 1157 827 1225 restitucione
837 1157 995 1223 bonorum
1004 1156 1127 1224 Marini
1138 1157 1178 1223 de
1194 1154 1363 1224 Canarnto
1380 1165 1414 1224 et
1431 1159 1514 1225 Zone

393 1267 433 1332 de
458 1266 596 1346 Pizolo;
625 1273 660 1330 et
690 1263 777 1346 quod
808 1285 906 1348 snper
936 1263 1024 1330 facto
1039 1265 1264 1331 extimacionis
1279 1267 1513 1349 possessionum

392 1375 489 1440 datus
514 1371 622 1437 luerat
647 1371 728 1437 ordo
753 1370 932 1437 extimandi
951 1371 1056 1456 prima
1072 1371 1235 1438 dominica
1251 1370 1513 1456 Quadragesime.
1592 1409 1593 1412 π

394 1480 501 1565 Super
517 1501 594 1546 vero
610 1480 820 1546 restitucione
836 1478 994 1545 bonorum
1009 1479 1133 1546 Marini
1149 1479 1190 1546 de
1207 1478 1378 1547 Canaruto
1394 1482 1514 1547 namuri

394 1587 456 1652 sibi
474 1593 612 1672 puntnm
629 1586 819 1671 parcieliter
834 1587 1038 1652 neccessarie
1053 1587 1229 1668 narranda,
1245 1595 1345 1671 atque
1361 1591 1516 1673 excepcio-

393 1717 451 1760 nes
478 1703 512 1760 et
537 1695 762 1780 opposiciones
777 1694 865 1760 Bani
894 1693 952 1772 sni,
977 1693 1128 1759 videlicet
1153 1694 1241 1777 qnod
1259 1696 1394 1778 quando
1411 1694 1516 1762 Comes

395 1799 576 1886 Gregorius
591 1800 701 1868 inerat
715 1807 842 1885 captus,
858 1799 968 1883 alique
983 1821 1023 1866 ex
1038 1799 1105 1866 illis
1116 1801 1202 1867 villis
1217 1808 1250 1867 et
1265 1804 1516 1886 possessionibus

396 1910 594 1975 devenerant
605 1908 647 1975 ad
663 1929 779 1974 manus
795 1927 870 1973 suas
885 1907 1019 1990 Regias,
1035 1907 1113 1990 quia
1128 1908 1262 1974 tenebat
1279 1915 1313 1974 et
1328 1909 1518 1993 possidebat,

395 2024 430 2083 et
455 2017 705 2102 presumendum
731 2021 813 2098 erat,
830 2016 917 2098 quod
934 2036 1005 2082 cum
1023 2015 1138 2098 aliqua
1153 2017 1347 2083 racionabili
1364 2038 1465 2084 cansa
1478 2027 1519 2082 te

394 2125 494 2192 nebat
519 2132 554 2190 et
576 2125 769 2208 possidebat
793 2158 837 2173 -··
853 2159 898 2170 -
915 2159 957 2170 -
969 2125 1017 2169 '-
1035 2158 1079 2169 -
1096 2159 1139 2170 -
1154 2159 1198 2170 -
1223 2145 1271 2205 us,
1289 2124 1380 2206 quod
1396 2125 1456 2204 illi,
1470 2125 1521 2208 qui

394 2233 618 2314 vendiderant,
647 2253 712 2298 non
743 2238 897 2315 poterant
927 2230 1120 2312 vendidisse,
1150 2232 1229 2314 quia
1259 2254 1325 2298 non
1358 2231 1521 2299 habebant

395 2340 542 2421 heredes,
557 2348 589 2405 et
604 2346 779 2424 propterca
794 2339 969 2405 secundum
989 2359 1100 2404 eornm
1115 2359 1222 2405 mores
1244 2373 1520 2388 -----

398 2485 438 2496 -
455 2484 499 2494 —-
523 2445 681 2516 dederant
705 2447 746 2512 de
762 2447 949 2527 voluntate3
973 2446 1193 2530 presentando
1218 2452 1296 2512 tunc
1313 2447 1377 2514 sibi
1395 2448 1520 2514 litteras

397 2555 477 2621 dicti
503 2553 589 2620 Bani
616 2553 804 2637 superista
828 2554 986 2634 materia;
1011 2552 1148 2619 dicendo
1174 2574 1273 2636 super
1297 2555 1409 2637 prima
1424 2562 1522 2638 parte,

398 2663 484 2748 quod
509 2683 581 2728 cum
606 2664 693 2727 omni
718 2661 906 2727 reverencia
930 2661 1092 2744 loquendo
1126 2661 1211 2727 tales
1245 2665 1456 2746 exceptiones
1492 2669 1521 2726 et

396 2770 620 2856 opposiciones
649 2791 715 2834 nou
746 2767 911 2835 debebant
935 2769 1076 2848 admitti,
1109 2769 1188 2850 qnia
1222 2768 1522 2841 demonstraveram

398 2879 457 2947 sibi
474 2899 572 2961 quam
597 2878 694 2961 plura
709 2875 819 2943 lucida
835 2884 867 2942 et
882 2878 1047 2942 autentica
1062 2876 1236 2960 privilegia
1251 2885 1284 2943 et
1300 2879 1522 2957 instrumenta,

397 2986 560 3072 quomodo
576 2985 662 3050 dicte
679 2986 900 3069 possessiones
916 2991 948 3049 et
957 2983 1032 3050 ville
1043 2991 1138 3050 erant
1153 3005 1227 3066 sne3
1243 2988 1345 3052 etiam
1360 2986 1523 3053 habebant
1592 2993 1593 3004 ¹

398 3092 623 3178 quamplures
638 3090 865 3176 possessiones,
876 3090 917 3155 de
928 3090 1045 3172 quibus
1054 3111 1119 3157 non
1130 3099 1284 3174 poterant
1299 3093 1523 3161 demonstrare

336 3250 338 3264 .
397 3202 531 3286 aliquod
555 3201 814 3280 instrumentum,
839 3220 914 3264 nam
941 3199 974 3263 iu
999 3200 1155 3282 capcione
1179 3199 1287 3266 Jadre
1312 3205 1388 3267 tota
1413 3203 1522 3268 domus
1592 3231 1593 3234 ¹

398 3329 457 3374 sua
482 3307 592 3373 luerat
616 3306 785 3387 derobata,
812 3312 860 3371 set
885 3304 1026 3372 debebat
1043 3305 1200 3385 sufficere,
1218 3307 1245 3372 si
1261 3308 1430 3373 notorium
1446 3313 1524 3373 esset

398 3419 437 3499 ei,
462 3416 567 3500 ipsum
593 3414 753 3480 tenuissse
779 3422 811 3478 et
837 3413 1017 3496 possedisse
1033 3421 1178 3497 tempore
1197 3415 1306 3497 pecis3
1323 3415 1379 3497 qui
1396 3414 1523 3498 quidem

398 3523 546 3588 dominus
563 3521 635 3586 Rex
646 3522 757 3587 statim
767 3520 858 3604 dixit,
869 3520 1107 3604 quodhabebat
1117 3522 1282 3586 autentica
1297 3522 1522 3602 instrumenta,

398 3631 539 3717 qualiter
563 3630 745 3714 presciptns
770 3628 922 3695 Marinus
942 3627 1136 3694 vendiderat
1151 3629 1271 3695 Comiti
1298 3627 1474 3712 Gregorio,
1496 3637 1524 3694 et

398 3747 575 3826 propterea
599 3744 694 3804 erant
710 3758 775 3803 sne.
801 3735 873 3818 Oui,
889 3736 1030 3802 Domine
1047 3737 1099 3818 mi,
1116 3738 1282 3803 cantulose
1299 3737 1403 3805 dixit:
1420 3737 1521 3822 Regia

399 3847 579 3932 Magestas‚
611 3847 733 3913 bonum
757 3851 815 3926 est,
840 3844 929 3929 qnod
956 3845 1128 3911 rideantur
1156 3845 1220 3910 ista
1248 3845 1523 3927 instrumentum

400 3955 487 4038 qnod
512 3976 586 4020 cnm
612 3954 684 4019 istis
709 3954 787 4035 suis,
810 3952 851 4018 de
877 3953 995 4037 quibus
1019 3951 1123 4019 habeo
1140 3953 1277 4036 copiam,
1295 3953 1525 4035 examinentur,

1591 3937 1593 3960 l

1591 4037 1593 4050 ι

400 4066 477 4148 quia
497 4061 581 4128 forte
607 4062 672 4127 erit
686 4060 803 4127 divisio
818 4061 852 4126 in
868 4060 981 4143 aliqua
997 4065 1093 4145 parte
1110 4067 1168 4125 aut
1183 4060 1222 4124 de
1238 4061 1305 4124 situ
1321 4069 1378 4125 ant
1396 4061 1440 4126 de
1459 4061 1524 4126 loco
1591 4055 1593 4120 i

399 4179 458 4238 ant
492 4171 533 4237 dc
565 4168 747 4236 confinibus
764 4167 967 4250 earumdem
999 4175 1033 4235 et
1046 4191 1115 4234 sum
1132 4175 1250 4251 certus,
1266 4169 1354 4251 quod
1370 4168 1525 4235 Maiestas

399 4279 520 4350 Vestra
545 4300 609 4344 non
625 4277 694 4344 vult
709 4277 810 4358 aliud,
825 4299 923 4360 qnam
938 4277 981 4358 id,
998 4277 1086 4362 quod
1102 4277 1181 4345 iuris
1198 4277 1249 4342 sit.
1266 4276 1360 4342 Tunc
1374 4283 1524 4361 ceperunt

401 4369 598 4453 ruciocinare
623 4386 665 4454 ad
688 4386 825 4452 invicem
851 4387 1001 4452 dominus
1027 4388 1159 4467 Rex‚et
1173 4385 1346 4453 Palatinus
1364 4387 1483 4453 Comes
1497 4391 1524 4450 et

400 4493 547 4564 dominus
577 4494 856 4582 Archiepiscopus
888 4493 1135 4581 StrigouiensiS,
1151 4495 1227 4580 qnia
1243 4493 1301 4560 alii
1332 4515 1400 4562 non
1430 4501 1524 4563 erant
1591 4495 1593 4546 l

1591 4655 1593 4668 t
