3220 5248
420 343 485 420 530
775 349 1193 411 omnomcmarnuntuuu.

418 521 562 604 Domini,
578 519 702 588 domini
717 517 833 606 Ircysii
848 521 925 588 olim
940 521 1044 607 Regis
1060 523 1272 608 Francorum,
1287 531 1321 591 ct
1334 525 1541 592 Excellentis
1601 507 1602 578 j

419 632 499 698 sime
522 630 650 716 Regina
677 626 867 713 Clementia,
893 637 926 696 et
951 631 997 696 sic
1021 633 1062 698 de
1088 634 1188 718 stirpe
1213 633 1345 718 Regali,
1362 635 1448 700 etin
1464 635 1539 700 dicto
1601 697 1602 700 ,

418 738 535 825 Regno
551 738 695 805 Francia
710 739 751 804 de
764 737 839 822 jure
856 740 1039 820 succedens,
1055 745 1089 806 et
1105 742 1161 825 qui
1176 739 1240 807 fuit
1250 747 1397 808 mutatus
1408 749 1541 807 ettrans-

418 847 506 914 latus
530 848 574 914 ad
598 853 710 934 partes
735 846 863 927 Tuscis,
887 853 925 912 ut
949 847 982 912 in
1008 848 1217 933 infrascripto
1233 850 1425 916 lictsrarum
1441 857 1542 915 tenore
1601 913 1602 932 ,

419 961 583 1022 narratur.
599 956 646 1020 ut
662 953 736 1022 ideo
752 975 825 1020 cum
842 954 950 1021 dictus
967 954 1142 1037 danninus,
1156 978 1242 1023 nunc
1256 964 1393 1024 vocatus
1405 957 1542 1024 dominns
1601 953 1602 966 ¹

418 1065 599 1146 Jobannes,
612 1062 777 1146 nolluerit,
802 1069 838 1128 ut
863 1071 1025 1130 assertum
1051 1070 1110 1146 est,
1126 1072 1163 1130 ut
1178 1065 1378 1149 predicatur,
1396 1065 1501 1131 dicere
1515 1084 1543 1130 se
1601 1067 1602 1076 ³

419 1194 488 1240 esse
504 1173 684 1240 Janninum
710 1169 828 1238 Guccii
854 1171 1014 1240 lanificam
1040 1173 1226 1257 Senensem,
1242 1182 1275 1240 et
1289 1181 1460 1260 tamquam
1474 1175 1544 1240 Jan·

419 1281 514 1346 ninus
540 1278 656 1346 Guccii
682 1300 752 1346 esse
778 1277 821 1344 ad
840 1278 987 1347 Offilium
1013 1282 1248 1368 supradictum,
1267 1288 1543 1368 quantumcunque

419 1410 478 1473 per
492 1395 642 1472 tempora
657 1387 818 1470 preterita
833 1385 935 1453 fuerit
949 1410 1009 1472 pro
1025 1389 1051 1456 J
1052 1390 1173 1456 annino
1199 1387 1315 1456 Guccii
1330 1389 1371 1455 de
1387 1389 1484 1457 Senis
1498 1391 1545 1454 ha·

419 1497 518 1579 bitus,
544 1502 578 1562 et
602 1501 773 1578 reputatus
799 1494 906 1576 fuerit,
923 1496 979 1562 sed
995 1517 1071 1563 vere
1087 1519 1157 1564 esse
1171 1496 1275 1564 filium
1291 1499 1373 1564 dicti
1388 1497 1545 1581 quondam
1601 1563 1602 1566 ,

421 1605 523 1688 ltegis
549 1603 762 1685 Francorum,
788 1611 821 1670 et
846 1624 904 1688 per
931 1625 1131 1689 consequens
1146 1607 1187 1671 de
1203 1607 1307 1690 stirpe
1321 1604 1456 1689 Regali,
1474 1607 1544 1670 etin

421 1713 538 1796 Regno
554 1712 697 1778 Francia
712 1711 754 1776 de
766 1711 840 1796 jura
866 1712 1101 1794 succedentem,
1125 1735 1165 1780 ac
1190 1713 1328 1780 militem
1344 1721 1378 1780 et
1393 1714 1545 1781 forensem

419 1821 546 1905 origine
569 1821 704 1905 propria
728 1827 762 1886 et
779 1825 929 1904 paterna,
946 1829 980 1888 et
996 1821 1042 1887 sic
1057 1843 1098 1887 ex
1113 1822 1218 1889 forma
1234 1829 1437 1890 statutorum
1453 1822 1545 1890 Sena·

420 1951 491 1994 rum
509 1927 553 1995 ad
569 1925 719 1995 Offilium
743 1926 960 1995 Dominorum
986 1927 1063 1994 XII
1079 1951 1149 1996 esse
1164 1951 1229 1996 non
1243 1951 1348 2015 posse,
1362 1938 1401 1997 ut
1416 1931 1547 1998 asseruit

420 2035 570 2104 dominus
595 2033 748 2102 Potestas
774 2036 949 2119 predictus,
963 2035 1147 2119 predictam
1164 2037 1368 2104 vacationem
1395 2061 1434 2105 ex
1460 2039 1546 2104 dictis

420 2143 558 2226 iuribus,
585 2143 728 2208 extraxit
743 2142 784 2208 de
800 2142 921 2227 pisside
948 2145 1128 2210 solutorum
1144 2144 1225 2210 dicti
1239 2146 1371 2212 ternarii
1388 2145 1548 2212 Kamollie

421 2253 579 2318 inlocum
594 2251 672 2316 dicti
698 2251 838 2319 Jannini
863 2253 970 2317 vocati
994 2273 1080 2318 nunc
1096 2252 1247 2320 dominus
1261 2253 1286 2320 J
1288 2252 1443 2338 ohannes,
1459 2275 1547 2320 unam

422 2363 521 2426 aliam
537 2359 696 2442 cedulam,
722 2359 755 2424 in
781 2381 847 2443 qna
862 2360 1019 2444 scriptum
1036 2368 1202 2444 repertum
1219 2359 1290 2442 fuit,
1305 2362 1461 2428 videlicet
1476 2361 1547 2428 dan

420 2469 516 2536 ninus
532 2465 667 2549 burcii,
692 2487 755 2550 que
772 2467 888 2534 cedula
903 2489 962 2550 per
977 2468 1050 2534 iura
1065 2469 1164 2536 etiam
1191 2469 1384 2553 supradicta
1399 2469 1546 2536 mandato

421 2578 583 2644 dictorum
607 2576 827 2642 Dominorum
854 2574 942 2657 XII,
967 2582 1001 2642 et
1020 2575 1194 2661 Capitanci
1210 2575 1339 2661 Populi,
1356 2584 1389 2643 ct
1404 2577 1484 2643 dicti
1501 2577 1548 2641 do

421 2685 501 2750 mini
524 2682 706 2749 Potestatis
730 2681 793 2747 fuit
816 2683 993 2749 delaniata.
1008 2685 1055 2750 Et
1070 2683 1170 2750 aliam
1188 2687 1331 2750 extraxit
1346 2685 1380 2750 in
1397 2706 1466 2768 qua
1480 2683 1548 2751 scri·
1600 2699 1602 2704 ’

423 2799 516 2877 ptum
532 2797 605 2856 erat
622 2790 773 2857 videlicet
788 2815 796 2856 ε
814 2788 928 2857 Grisus
945 2790 1049 2857 Locti.

529 2899 638 2964 Tenor
662 2919 739 2964 vero
765 2898 927 2965 dictarum
954 2898 1155 2981 licterarum,
1180 2898 1221 2964 dc
1246 2899 1367 2982 quibus
1392 2921 1497 2984 supra
1519 2898 1551 2964 fit

422 3008 553 3088 mentio,
568 3007 622 3074 bic
639 3014 697 3088 est,
713 3007 888 3074 videlicet:
1601 3059 1602 3066 ,

531 3115 703 3185 Vniuersis
719 3115 875 3200 Regibus,
885 3114 1039 3198 Prelatis,
1048 3114 1264 3200 Principibus,
1273 3114 1425 3181 Ducibus
1441 3123 1478 3182 et
1493 3115 1548 3182 Co·
1601 3187 1602 3192 γ

423 3225 567 3307 mitibus,
593 3223 791 3306 Beronibus,
817 3222 1012 3290 Civitatibus
1028 3244 1068 3288 ac
1082 3223 1278 3289 Rectcribus
1294 3221 1476 3289 earundem
1492 3224 1551 3288 vni-

423 3334 527 3398 uerais
543 3333 577 3398 in
594 3331 721 3398 Christi
736 3332 868 3399 nomine
883 3332 1077 3414 constitutis,
1087 3330 1157 3397 Nos
1167 3330 1352 3397 Ludovicus
1367 3329 1434 3396 Dei
1451 3331 1554 3416 gratia

424 3441 496 3507 Rex
506 3441 678 3524 Hungarie
689 3441 828 3506 salutem
838 3446 872 3506 ct
882 3441 1008 3505 sincere
1019 3438 1203 3505 dilectionis
1213 3437 1375 3504 affectum.
1393 3437 1552 3522 Quoniam

423 3549 556 3615 refulsit
571 3551 605 3615 in
621 3548 715 3615 nobis
740 3548 799 3632 sol,
824 3549 880 3631 qui
907 3548 997 3631 prius
1014 3553 1088 3613 erat
1102 3546 1137 3611 in
1153 3547 1272 3628 nubilo,
1288 3554 1324 3613 et
1338 3568 1498 3615 accensus
1511 3552 1553 3612 est

423 3659 508 3742 ignis
525 3659 607 3723 mire
622 3659 795 3733 claritatis,
810 3656 961 3722 veritatis
977 3662 1011 3722 et
1027 3655 1186 3721 claritatis
1203 3652 1305 3740 (lgy);
1327 3655 1405 3722 ideo
1423 3657 1552 3740 dignum

423 3766 493 3833 fore
518 3765 712 3847 decernitur,
737 3773 771 3832 et
796 3771 920 3832 rectum
945 3764 1067 3830 rationi
1094 3761 1230 3841 ridetur,
1253 3769 1291 3827 ut
1313 3763 1371 3828 ubi
1404 3761 1553 3849 expedire

424 3876 659 3960 cognoscimus,
683 3873 731 3940 ibi
757 3873 857 3940 etiam
882 3893 1013 3957 oporam
1038 3870 1201 3937 efficacem
1226 3867 1457 3936 adhibeamua
1473 3871 1553 3937 Hinc

424 3980 581 4067 estquod
597 3983 746 4049 dominus
769 3979 1058 4049 Johanninus
1082 3979 1235 4045 dictus
1259 3975 1436 4061 Guccii,
1460 3977 1553 4044 nutri·

424 4100 477 4160 tus
502 4092 536 4158 in
562 4089 705 4157 Ciuitate
730 4087 902 4172 Seuerum,
926 4089 975 4154 vir
998 4087 1117 4154 nobilis
1134 4092 1167 4153 et
1183 4087 1224 4154 de
1239 4088 1341 4172 stirpe
1366 4088 1492 4173 Regali
1507 4107 1554 4152 no
1601 4103 1602 4136 ³

427 4207 571 4268 atrorum
596 4197 844 4284 progenitorum
869 4204 976 4280 natus,
1001 4196 1207 4264 Serenissimi
1231 4195 1396 4281 Principis
1428 4195 1554 4265 Domini

430 4306 551 4376 domini
568 4305 727 4374 Ludovici
753 4305 855 4392 Regis
880 4307 1081 4372 Francorum
1097 4312 1130 4372 et
1144 4305 1271 4388 Regina
1287 4304 1477 4372 Clementia
1491 4307 1553 4371 bea·

429 4421 539 4482 tarum
556 4415 820 4482 recordationum
845 4413 941 4496 filius,
962 4413 1053 4479 iuxta
1068 4411 1360 4480 considerationem
1377 4435 1461 4479 suos
1476 4430 1553 4497 gres

428 4544 485 4590 sus
502 4522 646 4608 dirigens
663 4523 704 4588 ad
721 4528 832 4606 partes
848 4521 958 4602 Regni
974 4522 1076 4587 nostri
1087 4520 1269 4606 Hungarie,
1284 4520 1327 4587 ad
1343 4543 1406 4588 nos
1421 4523 1554 4592 venient
1600 4571 1602 4600 ,
