3220 5262
382 326 446 388 616
721 345 957 394 uresouuourar
973 333 1140 392 aurnuns.

384 505 624 589 paciscendum,
650 507 901 590 transigendum
936 511 968 572 et
994 505 1256 572 concordandum
1281 529 1320 571 ac
1343 509 1501 584 tractatus,

384 616 629 695 convenciones,
653 622 762 699 pacta,
787 615 1032 682 transacciones
1057 623 1090 681 et
1116 615 1309 680 concordias
1323 614 1501 694 iaciendum,

385 723 550 790 iniendum
568 729 601 788 et
615 722 810 790 firmandum
827 745 923 808 super
939 724 1088 790 omnibus
1104 731 1137 790 et
1154 723 1292 808 singulis
1307 723 1448 790 articulis
1461 744 1503 788 re·

384 831 445 898 bus
461 837 494 896 et
509 833 662 916 negocijs,
679 831 739 897 sub
756 833 822 898 illis
846 833 960 914 modis,
986 833 1100 900 formis
1124 840 1158 900 et
1186 831 1434 916 condicionibus,
1449 854 1501 916 que

383 940 472 1006 dioto
490 963 552 1026 suo
565 940 698 1008 Sindico
714 949 748 1007 et
764 943 969 1025 procuratori
984 942 1182 1008 videbuntur
1199 943 1261 1010 stb.

485 1087 522 1146 (A
535 1085 731 1140 Sindicatusok
745 1087 766 1136 1.
781 1087 934 1150 rotatecus,
948 1103 965 1136 a
979 1089 1118 1138 velenczei
1131 1102 1207 1153 nogy
1221 1088 1414 1148 levaltrirban.)

912 1393 988 1456 453.

383 1561 413 1620 A
430 1555 582 1620 velenczec'
598 1555 738 1642 dopeuek
755 1555 780 1617 Ι.
800 1556 898 1638 Lcjoc
923 1577 1066 1642 rnapyor
1086 1555 1202 1642 bircilp
1219 1580 1240 1619 a
1257 1555 1363 1618 crdtci
1379 1555 1505 1618 ldacdc's

798 1663 993 1750 tu'rpyo‘bcu.
1013 1665 1106 1728 1364.

490 1821 608 1888 Amice
623 1823 798 1888 carissime.
815 1821 927 1890 Nosse
943 1824 1073 1907 vellitis,
1089 1823 1178 1908 quod
1193 1825 1329 1889 nuncius
1340 1828 1446 1889 vester
1456 1824 1506 1888 ba·
1588 1813 1590 1844 ³

383 1953 456 1997 rum
467 1930 709 1996 exibitcruobis
719 1930 849 1997 litteras
866 1935 993 1998 vestras
1004 1930 1136 2013 exibuit,
1146 1931 1329 2014 victoriam,
1346 1953 1443 2016 quarn
1459 1933 1505 1997 do-

386 2041 494 2107 minus
510 2037 600 2104 Deus
616 2038 708 2105 vobis
725 2045 758 2104 et
775 2037 947 2104 Communi
963 2044 1071 2106 uestro
1089 2040 1131 2105 de
1147 2040 1322 2106 rebellibus
1339 2042 1454 2106 vestris
1468 2041 1508 2104 iu-

385 2149 454 2214 sule
470 2144 637 2214 Cretensis
656 2147 795 2231 largitus
811 2154 871 2228 est,
887 2148 1015 2231 plenius
1034 2149 1261 2233 exprimentes.
1279 2147 1371 2233 Quas
1388 2149 1508 2232 quidem

385 2258 515 2322 litteras
531 2262 627 2320 tanto
645 2256 763 2321 maiori
776 2255 979 2341 jocunditate
990 2263 1023 2321 et
1034 2258 1237 2342 propensiori
1248 2256 1366 2323 solacio
1378 2258 1508 2340 suscepi·

383 2385 456 2432 mus
467 2371 500 2429 et
509 2362 656 2447 legimur,
674 2371 797 2448 quanto
809 2363 961 2446 ampliori
971 2364 1080 2430 leticia
1096 2364 1137 2430 de
1154 2367 1272 2430 restris
1289 2372 1322 2430 et
1339 2371 1509 2430 vestrorum

383 2474 551 2558 prosperis
562 2474 765 2540 successibus
777 2475 901 2538 sincere
912 2495 1038 2557 semper
1049 2476 1241 2553 exultamus,
1251 2482 1285 2540 et
1296 2475 1354 2540 bos
1365 2475 1451 2540 omni
1463 2475 1509 2538 de·
1581 2552 1590 2568 υ

385 2581 503 2647 siderio
528 2582 649 2666 iugiter
669 2584 838 2666 percipere
858 2579 1077 2663 delectamur3
1104 2589 1286 2666 sperantes,
1305 2582 1391 2666 quod
1407 2584 1508 2648 huius·
1539 2569 1542 2572 ¹
1588 2575 1590 2600 ²

388 2689 476 2755 modi
493 2689 635 2756 vindicte
651 2696 759 2755 vestre
785 2689 922 2756 claritas
938 2690 1022 2772 aliis,
1038 2711 1079 2755 ne
1096 2691 1277 2757 consimilia
1294 2691 1393 2755 velint¹
1408 2710 1510 2774 presu-
1588 2717 1590 2746 ι

383 2819 479 2880 mere,
495 2803 641 2864 transcat
656 2799 690 2863 in
707 2797 898 2880 exemplum.
915 2796 1007 2864 Data
1021 2800 1056 2864 in
1071 2797 1195 2882 Lipche
1212 2798 1264 2864 die
1281 2796 1417 2866 XXVL
1427 2817 1505 2862 rnen·

384 2908 427 2972 sis
443 2902 469 2970 J
470 2906 547 2969 unii.

492 3049 527 3111 (A
552 3050 654 3114 ’Copia
677 3052 710 3101 de
733 3050 974 3102 commemor-iuli«
999 3052 1088 3102 czirnr'l
1107 3052 1439 3115 velencacisillamlsiinpv
1452 3051 1501 3099 Vll

385 3141 548 3202 kotetebdl.)

916 3447 990 3546 ⁴l54.

483 3611 513 3671 A
531 3609 678 3673 Mazuicc'
696 3609 759 3673 bein
775 3609 926 3672 celenczei
936 3609 1123 3697 polyrirncls
1131 3609 1309 3696 felodtctik.
1332 3609 1422 3675 1364.

492 3769 694 3836 Laurentius
720 3769 808 3834 Celsi
834 3768 899 3834 Dei
924 3769 1033 3856 gratia
1046 3766 1124 3833 Dux
1139 3767 1360 3837 Veneciarum
1374 3775 1432 3834 etc.
1449 3768 1510 3831 uni·
1589 3805 1590 3808 =

385 3879 492 3944 uersis
508 3885 542 3944 et
558 3878 696 3960 singulis
712 3884 780 3943 tam
797 3878 1003 3962 presentibus
1020 3899 1119 3962 quarn
1135 3877 1263 3959 futuris,
1280 3886 1313 3944 et
1327 3885 1395 3944 tarn
1405 3877 1511 3944 amicis

386 4009 485 4072 quam
509 3985 662 4052 fidelibus
688 4007 823 4071 presens
847 3987 1054 4071 privilegium
1078 3987 1284 4072 inspecturis,
1318 3985 1457 4053 salutern
1483 3989 1511 4048 et

386 4097 511 4161 sincere
537 4094 724 4162 dilectionis
751 4095 911 4162 affectum.
938 4094 1047 4162 Tanto
1064 4095 1234 4179 benignius
1257 4095 1395 4160 Ducalis
1411 4093 1511 4178 prori-

384 4203 497 4269 ‹lentia
523 4205 690 4270 cousuevit
713 4226 873 4288 personas
888 4206 1033 4272 illustres
1050 4212 1083 4270 ot
1098 4205 1287 4288 magnificas
1303 4204 1365 4268 sibi
1382 4203 1510 4268 devotas

387 4319 419 4376 st
435 4311 547 4378 fideles
565 4313 744 4380 bonoribus
754 4315 933 4398 prevenire,
943 4315 1152 4398 ipsorumque
1163 4313 1260 4380 fidem
1272 4317 1306 4378 et
1316 4312 1510 4378 devotionern

386 4419 493 4503 dignis
513 4421 786 4488 retributionibus
796 4443 1017 4507 compensare,
1028 4443 1067 4488 ac
1078 4423 1167 4508 ipsas
1177 4420 1342 4489 dotalibus
1352 4418 1511 4486 fauoribus

387 4528 583 4616 convallare,
610 4538 641 4597 et
667 4531 842 4616 petitiones
869 4552 979 4598 carum
1007 4531 1177 4600 liberalius
1204 4531 1369 4612 exaudire,
1396 4535 1512 4614 quanto
1588 4543 1590 4558 ²
