3134 5252
582 363 677 426 1346.

596 650 670 712 152.

3 781 5 880 l
80 807 103 872 l.
125 803 276 872 Jobarrao
301 806 435 873 sicilici
457 809 681 898 kirdlyne'nolc
706 833 901 898 ugyooozoa
927 811 1050 900 itqyben
1075 812 1201 878 kiadott

3 919 5 930 ¹
495 919 660 984 rendelete.
677 921 772 985 1346.

3 1151 5 1158 Α
172 1076 327 1144 Jobanna
342 1084 403 1146 etc
413 1077 445 1144 -J
446 1079 611 1144 ostitiario
628 1077 728 1146 'I'erre
744 1078 888 1148 Laboris
899 1078 1198 1167 etcSignificamus

79 1185 149 1266 tibi;
164 1189 248 1271 quod
263 1191 394 1254 noviter
410 1188 597 1272 plena·cum
614 1187 850 1254 deliberatione
869 1185 1001 1276 Consilij
1020 1188 1199 1256 ordinatio-

3 1319 5 1374 ;
81 1315 143 1358 uem
157 1293 290 1360 fecimus
300 1295 552 1381 infrascriptam.

173 1401 197 1467 J
198 1402 328 1470 channa
343 1402 409 1468 Dei
425 1404 534 1487 gratia
558 1409 616 1469 ete.
640 1408 752 1469 tenore
778 1402 978 1490 presentium
994 1411 1107 1472 notum
1122 1404 1201 1472 laci·

3 1513 6 1580 l
80 1529 141 1574 mos
156 1515 212 1575 etc
229 1511 318 1593 quod
333 1531 394 1594 pro
411 1510 572 1593 qualitate
587 1517 769 1596 temporum
783 1511 930 1578 consulta
939 1513 1080 1597 negotiis
1090 1513 1202 1598 exqui-

3 1679 5 1708 ᾗ
80 1623 174 1682 rentes
189 1617 326 1682 consilia
343 1624 377 1683 et
392 1618 535 1685 remedia
550 1620 744 1704 propensius
770 1621 968 1702 cogitantes,
983 1620 1200 1705 provisionem

3 1763 5 1776 ι
81 1745 172 1809 nuper
187 1748 258 1792 cum
273 1731 406 1793 matura
431 1726 666 1793 deliberatione
691 1727 827 1794 fecimus
859 1729 1023 1812 exigentia
1038 1730 1199 1813 presentis

3 1839 6 1880 ³
82 1837 223 1918 temporis
239 1835 379 1918 provida
394 1835 654 1902 consideratione
668 1842 805 1919 pensata
820 1837 854 1902 in
870 1837 953 1901 serie
968 1836 1199 1919 subsequenti:

3 2013 4 2030 ,
177 1941 334 2008 Jobanna
360 1949 420 2009 ete.
447 1941 628 2028 Spectabili
654 1943 832 2010 Terentino
858 1943 1015 2029 Principi,
1031 1944 1199 2010 carissimo

3 2035 6 2102 l
82 2047 166 2113 fratri
179 2055 291 2115 nostro
308 2051 446 2116 salutem
463 2057 496 2115 et
519 2053 663 2118 fraterne
688 2051 872 2117 dilectionis
888 2049 1049 2118 effectum.
1073 2048 1200 2118 Adver

3 2205 5 2212 ,
83 2163 174 2222 tentes
198 2179 238 2222 ex
254 2156 386 2223 defectu
401 2157 559 2240 Presidis,
575 2158 632 2243 qui
647 2158 733 2225 vices
752 2165 883 2226 nostras
899 2158 1022 2225 babeat
1035 2167 1201 2244 presenta-

82 2285 119 2346 re,
133 2263 175 2329 ad
189 2285 271 2349 quas
297 2266 516 2348 personaliter
548 2266 635 2332 circa
666 2265 811 2333 debitum
836 2266 1013 2351 regiminus
1029 2269 1200 2351 nequimus

10 2438 14 2447 ,
83 2381 225 2456 oportune
243 2373 393 2440 sufficere
409 2379 543 2458 propter
568 2397 679 2442 sexum
704 2377 872 2459 imparem,
892 2377 978 2444 sicut
1001 2377 1133 2460 expedit
1148 2399 1200 2443 cu·

3 2545 15 2570 „
85 2483 122 2549 ris
135 2483 208 2566 ipsis
224 2484 378 2568 Regnum
395 2489 542 2552 nostrum
567 2487 601 2551 in
626 2485 772 2570 pluribus
789 2487 860 2571 ejus
876 2486 1027 2571 partibus
1042 2485 1201 2553 discrimi-

84 2593 159 2658 nosis
174 2593 291 2676 erponi
307 2592 462 2676 periculis
478 2599 511 2659 et
527 2593 630 2660 subici
662 2595 816 2678 gravibus
832 2594 980 2679 lapsibus
996 2594 1201 2675 insolentum,

3 2731 5 2782 ς
86 2701 134 2782 qui
147 2707 288 2767 nostram
304 2701 540 2785 vilipendentes
564 2703 780 2770 reverentiam
807 2707 840 2769 et
854 2707 1051 2786 potestatem
1066 2702 1202 2768 nullate·

3 2783 6 2812 ¹
84 2829 137 2872 nus
151 2808 328 2876 deferentes
353 2816 413 2875 etc.
438 2831 540 2894 vsque
566 2811 608 2875 nd
632 2811 826 2878 movendum
842 2810 972 2895 publice
987 2832 1140 2895 guerram
1168 2811 1202 2874 in

3 2951 4 2958 ἶ
85 2912 187 2998 Regno
202 2918 354 3002 predicto
379 2924 438 2984 etc.
454 2925 551 3005 prout
566 2924 639 2985 tota
663 2918 768 2986 forma
786 2919 909 3003 scripta
924 2924 974 2984 est
989 2918 1023 2982 iu
1039 2917 1105 2984 alio
1125 2939 1203 2999 qua-

3 3005 6 3028 ’
86 3031 235 3090 ternorum
260 3047 364 3109 vsque
388 3027 515 3093 Datum
540 3025 686 3111 Neapoli
710 3049 770 3111 per
794 3027 1015 3096 venerabilem
1032 3033 1101 3110 etc,
1116 3047 1202 3092 anno

86 3130 205 3199 Domini
234 3131 493 3201 MOOOXLVI.
524 3134 577 3200 die
607 3133 731 3201 XXII.
763 3131 893 3220 Aprilis
919 3133 1023 3199 XIX.
1054 3133 1203 3199 indictio·

87 3242 131 3305 nis
146 3249 199 3307 cte.
512 3319 517 3328 Ι
775 3319 778 3336 ἱ

183 3347 341 3434 Quocirca
367 3351 515 3417 volumus
543 3357 575 3417 et
599 3349 756 3416 fidelitati
772 3355 827 3416 tue
843 3349 1053 3434 precipiendo
1072 3347 1204 3447 manda-

89 3475 152 3520 mns
175 3479 329 3542 expresse,
356 3465 516 3542 quatenus
541 3459 782 3525 ordinationem
808 3459 943 3524 eandem
973 3479 1031 3541 per
1061 3457 1205 3540 singulas

88 3569 183 3630 terras
198 3573 256 3632 cte.
272 3566 420 3650 divulges
437 3573 498 3632 etc.
514 3566 640 3633 Datum
665 3565 822 3651 Neapolis
846 3587 905 3650 per
920 3565 1059 3631 eundem
1075 3570 1203 3650 patrem

89 3678 142 3738 ee.
156 3671 403 3742 noocxnvn
419 3675 471 3740 ne
488 3672 665 3744 xxviii.
683 3671 817 3759 Apsus.

187 3837 219 3897 (A
233 3836 371 3902 ›Registri
385 3837 536 3903 Angioiuic
552 3838 582 3889 Ο.
597 3840 660 3891 350.
673 3853 709 3889 sz.
724 3853 748 3888 a.
772 3838 840 3903 Bag.
859 3838 1005 3890 lohannes
1018 3839 1040 3888 1.
1060 3837 1205 3888 kotetebol

3 3921 5 3984 ξ
93 3926 162 3976 19·st
173 3925 259 3987 level.)
