3220 5248
381 349 462 412 552'
725 365 965 412 nmnorsuozm
989 353 1156 416 mnus.

908 652 983 718 403.

380 814 429 882 Aa
457 813 594 881 russas·
609 814 1042 902 bdkosetgfaganatoss'tdsdt
1057 821 1215 905 tctrppusd
1228 821 1416 887 lsttuetete'sek
1432 820 1503 886 Mu·
1595 897 1597 924 ἑ

700 927 903 1011 gyurerssdp
919 923 1066 990 seueras.
1085 925 1180 992 1359.

379 1077 431 1169 A)
471 1077 506 1148 A
547 1081 783 1149 selenozei
825 1081 1308 1170 kormtnytautosnulr
1350 1087 1504 1174 Sztesy

609 1188 779 1257 Miklos
803 1188 1049 1258 dalmatiai
1070 1192 1164 1260 btn.
1190 1199 1287 1274 1359,
1595 1191 1597 1198 ’

489 1297 628 1365 Exselse
654 1295 882 1381 Magnitudini
897 1295 1018 1366 Vestre
1033 1301 1238 1384 presentibus
1263 1303 1407 1388 patefiat,
1422 1304 1503 1390 quod

380 1405 641 1492 comparentibus
667 1424 778 1472 coram
802 1403 895 1472 nobis
922 1403 1202 1475 Ambaxutoribus
1231 1419 1265 1478 et
1298 1409 1433 1478 Nunciis
1466 1435 1501 1478 ao

380 1512 521 1600 syndicis
560 1509 801 1581 Vniuersitatis
842 1511 946 1579 Terre
977 1512 1071 1599 Pagi,
1102 1514 1216 1582 fideles
1248 1517 1372 1584 domini
1402 1521 1498 1587 nostri

381 1621 492 1706 Regis,
518 1627 739 1706 exposuerunt
764 1641 838 1687 eum
863 1621 1006 1704 querela,
1023 1621 1111 1706 qnod
1130 1643 1203 1690 cnm
1217 1624 1373 1692 mandato
1390 1627 1498 1711 prode

380 1749 546 1795 sessorum
571 1733 753 1794 vestrorum
778 1725 894 1794 suimet
922 1726 1035 1795 datum
1068 1729 1289 1799 Vniuersitati
1324 1737 1358 1799 et
1390 1734 1501 1818 populo

381 1835 548 1904 antedicto
580 1833 716 1901 firmiter
746 1835 782 1900 in
812 1833 987 1918 mandatis,
1018 1837 1065 1902 eis
1094 1841 1174 1904 tune
1203 1840 1419 1908 existentibus
1447 1843 1501 1910 sub

384 1941 601 2014 Veneoiarum
627 1941 779 2024 dominio,
804 1941 894 2025 quod
918 1943 1094 2011 seeundum
1111 1948 1315 2013 saxaaionsm
1331 1953 1364 2014 et
1379 1949 1502 2016 modom

382 2052 495 2119 dutum
526 2052 568 2118 de
597 2047 718 2117 Ducali
748 2050 903 2117 mundato
934 2071 994 2135 per
1023 2051 1165 2120 nobilem
1196 2055 1302 2120 virum
1342 2055 1499 2123 dominum
1595 2109 1597 2112 -

382 2159 522 2227 Paulum
537 2158 733 2226 Lauredano
755 2164 835 2224 tuno
855 2159 896 2224 de
905 2178 964 2225 suo
974 2159 1130 2226 mandato
1142 2159 1304 2227 Comitem
1316 2161 1503 2246 Nouensem,
1596 2209 1597 2228 2

384 2267 471 2354 quod
487 2267 608 2334 solnoio
623 2273 657 2332 et
670 2264 857 2333 satissscsio
872 2264 968 2332 fieret
982 2265 1154 2350 integralis
1169 2265 1302 2336 Bellote
1318 2267 1452 2356 Georgii
1467 2271 1504 2337 ds

380 2373 532 2459 Pugnet
557 2373 626 2440 eius
642 2373 847 2458 propinquis,
873 2393 912 2439 ae
937 2371 1023 2454 aliis,
1050 2372 1168 2457 quibus
1193 2374 1237 2440 ad
1266 2379 1501 2463 suggestionem

382 2463 495 2568 populi
509 2479 748 2551 Vniuersitatis
763 2479 912 2565 predicte
927 2479 1060 2545 suerunt
1070 2501 1182 2547 eornm
1199 2481 1314 2550 domus
1329 2485 1505 2552 inoonsnlte

382 2597 415 2656 et
438 2591 583 2658 indebite
602 2591 709 2674 posite
725 2591 759 2654 iu
774 2609 922 2674 ruyuam‚
936 2595 975 2654 ut
990 2588 1162 2657 manifeste
1177 2589 1336 2660 Dominio
1352 2591 1504 2662 Veneois·

381 2718 455 2765 rom
479 2695 543 2764 fuit
565 2697 689 2783 liquide
706 2695 924 2782 pateiaotnm3
951 2697 1025 2782 ipsi,
1055 2703 1094 2762 nt
1125 2698 1333 2781 tenebantur,
1366 2700 1505 2768 volentes

381 2805 539 2872 mandata
547 2803 691 2871 Duualia
701 2803 916 2872 effectualiter
926 2802 1099 2870 observare
1110 2804 1286 2872 seeundum
1301 2809 1502 2874 taxaoionem

382 2911 505 2997 prefati
531 2911 654 2979 domini
677 2909 785 2993 Pauli,
809 2910 1035 2995 imposuerunt
1052 2910 1225 2978 eolleotam
1251 2915 1284 2978 et
1309 2911 1508 2981 asedatioum

384 3021 424 3087 de
450 3018 581 3086 florenis
605 3019 763 3085 sexcentis
789 3019 862 3084 suri
881 3017 1048 3102 exigendis
1064 3039 1085 3085 a
1101 3018 1361 3106 quibuscumque
1378 3019 1419 3088 de
1433 3020 1510 3090 Vni·

291 3121 292 3124 '
383 3129 537 3195 versitate
561 3126 648 3210 Pagi
673 3147 732 3210 pro
758 3133 842 3192 rata.
867 3123 995 3210 Quibus
1021 3126 1153 3211 exactis,
1178 3128 1300 3194 solneio
1330 3127 1420 3196 santa
1452 3129 1512 3195 fuit

385 3235 580 3322 quibusdam
606 3233 856 3320 dampnificatis
877 3236 932 3318 qui
949 3241 1027 3300 tono
1042 3241 1137 3301 erant
1152 3244 1321 3318 presentes
1337 3236 1509 3302 secundnm

385 3343 507 3412 dietam
530 3329 745 3428 taxationem,
772 3363 834 3427 que
862 3343 1009 3409 aseendit
1034 3341 1078 3408 ad
1111 3364 1270 3410 summam
1293 3349 1511 3411 mecentorum

383 3452 587 3528 ducatorum!
604 3450 655 3518 sel
672 3450 802 3518 idoiroa
818 3450 864 3517 Et
881 3450 960 3533 quia
975 3450 1083 3516 dictus
1099 3449 1232 3518 Bellote
1249 3453 1368 3518 eteius
1385 3453 1511 3537 propin·

384 3562 441 3648 qui
464 3567 545 3626 tuno
559 3565 654 3626 erant
668 3543 829 3640 absentes,
846 3555 963 3640 quibus
978 3557 1156 3624 secundnm
1172 3558 1295 3625 dietam
1311 3561 1511 3626 taxaoionem

382 3669 544 3755 tangebat
559 3666 742 3736 ressiduum
758 3666 919 3733 dictorum
936 3664 987 3734 VI
1006 3671 1137 3732 eentum
1155 3666 1359 3748 ducatorum,
1372 3666 1509 3752 depositi

383 3778 475 3846 inere
500 3761 537 3844 in
560 3797 689 3844 camera
713 3772 950 3843 Vniuersitatis
974 3774 1061 3858 Pagi
1076 3775 1187 3843 ducati
1203 3776 1342 3842 tresenti
1358 3775 1511 3842 iamdicto

384 3887 424 3954 de
441 3905 551 3968 eausa,
561 3884 666 3952 exacti
684 3903 746 3966 pro
763 3881 916 3950 solvendo
932 3890 966 3949 et
981 3881 1214 3949 satisfaciendo
1228 3879 1352 3949 eisdem
1368 3888 1512 3965 tempore
1596 3873 1597 3876 ’

383 4014 539 4080 congruo.
554 3991 704 4077 Contigit
717 3995 843 4077 postea,
859 3990 949 4076 quod
965 3990 1073 4056 medio
1098 3997 1244 4075 tempore
1269 3988 1421 4056 dominus
1441 3988 1512 4056 Ma·

383 4104 486 4190 pheos
500 4100 625 4168 Bembo
641 4105 720 4168 tune
735 4097 775 4165 de
791 4095 911 4165 Duoali
927 4097 1082 4164 mandato
1093 4097 1211 4166 Comes
1222 4097 1304 4182 Pagi
1322 4097 1508 4180 invenitpe·

384 4211 513 4278 cuniam
524 4208 724 4276 antedictam
733 4209 769 4272 in
778 4205 867 4273 diota
885 4203 1027 4274 Camena
1043 4205 1288 4290 Vniuersitatis,
1298 4211 1512 4272 eteamaooe·

384 4319 434 4404 pit
443 4325 478 4385 et
492 4317 581 4383 misit
596 4315 769 4398 Veneeias,
783 4320 882 4400 prout
890 4313 995 4382 fertur
1006 4321 1040 4382 et
1049 4320 1177 4382 constat
1192 4334 1250 4398 per
1266 4319 1446 4396 quaternos
1465 4331 1512 4376 re·

384 4431 495 4509 pertus
505 4424 539 4489 in
549 4443 681 4491 camera
696 4423 881 4507 antedicta;
910 4432 944 4490 et
961 4423 1090 4490 demum
1105 4425 1361 4507 comparuerunt
1370 4418 1507 4505 predicti

384 4531 519 4604 Bellota
535 4539 568 4601 et
586 4533 760 4619 propinqui
775 4538 925 4618 petentes
941 4532 983 4600 ab
1000 4531 1225 4602 Vniuersitate
1235 4529 1408 4616 pecuniam
1423 4529 1509 4596 ente·
