3134 5252
399 365 460 434 194
746 382 978 432 arenounczrar
995 365 1167 426 asinarius.

395 570 473 630 pam
491 569 591 631 quam
607 545 698 625 alios,
715 544 771 610 ubi
788 540 979 625 expedierit,
1006 561 1119 604 secure
1136 538 1189 602 det
1205 537 1462 603 informationem
1476 536 1509 600 <le

394 655 560 737 predictis,
577 659 608 719 et
624 650 920 718 recommendatum
931 648 1055 712 lrabeat
1062 653 1211 712 nostrum
1220 646 1379 712 honorem
1394 645 1424 709 in
1439 646 1510 709 omui

397 783 483 842 casu,
501 761 586 828 siout
602 779 771 843 speramus
787 758 829 822 de
845 779 892 822 eo.

558 905 594 968 (Α
609 906 737 956 »Secreta
751 904 866 954 Consilii
879 901 1133 967 Rogatorumsbtl
1143 901 1199 951 Lit.
1213 901 1246 950 A.
1261 901 1316 951 vol.
1334 902 1368 966 l.)

925 1299 997 1361 187.

398 1461 598 1526 Avelenczei
623 1461 972 1546 kormcinytandcsoak
999 1459 1166 1536 reudelete,
1191 1461 1274 1543 bopy
1301 1458 1386 1522 Kont
1401 1453 1509 1519 Miletos

397 1571 662 1656 mapparorszctqi
687 1569 804 1646 nudor,
831 1568 868 1629 ki
893 1593 914 1631 a
939 1567 1159 1631 'uelerrczr'ektb'l
1195 1565 1368 1651 alfwoldi,
1392 1565 1422 1627 e's
1443 1565 1511 1625 on'nt

396 1677 506 1763 foqoly
533 1675 618 1742 Arba
645 1677 783 1762 satyrion
807 1676 835 1738 le
861 1676 922 1740 uolt
949 1677 1155 1752 tarrozraaa,
1179 1675 1346 1737 rzabaddri
1362 1674 1512 1736 bocsdttos·

874 1784 928 1846 atlr
949 1783 1044 1848 1346.

451 1939 461 1960 ⁸
504 1941 605 2007 Anno
632 1939 884 2009 MCCCXLVI.
910 1942 964 2006 die
990 1949 1104 2006 octavo
1122 1939 1334 2025 Septembris.
1361 1937 1511 2022 Capta:

399 2045 538 2114 Attento
563 2055 677 2114 tenore
700 2049 884 2114 litterarum
911 2049 1061 2134 Collegii,
1086 2071 1143 2133 por
1170 2071 1252 2132 quas
1268 2048 1380 2113 dicunt
1395 2047 1511 2122 habere,

400 2158 487 2241 quod
502 2159 571 2240 ipse
588 2154 706 2222 Comes
723 2155 896 2221 Palatinus
910 2157 980 2222 ibat
996 2157 1036 2221 de
1052 2157 1183 2221 conscia
1206 2155 1334 2239 Regino
1350 2153 1471 2238 Apulee
1484 2159 1511 2217 et

399 2263 566 2347 Principis
592 2271 651 2328 etc.
668 2261 893 2329 Consideratis
920 2265 1018 2330 etiam
1037 2264 1196 2344 omuibuS,
1213 2285 1277 2347 que
1293 2259 1511 2328 consideranda

400 2373 534 2436 veniunt
551 2372 639 2435 circa
655 2371 725 2450 hoc,
741 2370 914 2434 consulunt
939 2369 1142 2436 concorditer
1159 2369 1340 2453 Sapientes
1356 2368 1440 2453 quod
1453 2371 1510 2450 ipse

401 2477 519 2543 Comes
535 2499 608 2542 eum
624 2479 690 2543 suis
716 2479 818 2560 aquia,
843 2477 995 2542 comitiva
1012 2485 1045 2543 et
1061 2478 1196 2543 arnesiis
1222 2478 1373 2542 omnibus
1388 2476 1510 2540 debeant

378 2586 503 2651 ¹libere
528 2585 688 2663 relaxari;
713 2590 745 2648 et
770 2584 816 2648 sie
842 2584 1004 2650 scribatur
1030 2588 1065 2649 in
1081 2585 1218 2666 Arbum,
1235 2591 1267 2650 et
1284 2585 1510 2660 aberrantum,

401 2694 490 2775 quod
517 2691 678 2758 cumillis
704 2692 825 2774 pulcris
851 2697 883 2756 et
908 2693 1085 2758 curialibus
1112 2694 1227 2775 verbm,
1244 2715 1307 2776 que
1323 2692 1510 2770 ridebuntur,

400 2823 455 2866 eos
471 2801 641 2866 lieenoient
666 2807 698 2864 et
723 2800 914 2882 permittant
940 2802 1093 2883 prosequi
1110 2803 1196 2866 viam
1212 2821 1313 2881 suam,
1338 2807 1372 2866 et
1394 2801 1510 2881 insuper

400 2930 460 2993 pro
477 2908 594 2973 maiori
619 2907 863 2973 eontentacioue
890 2928 1003 2972 eorum
1028 2906 1127 2972 faeiat
1152 2929 1206 2973 eos
1221 2909 1357 2974 conduci
1374 2929 1441 2973 cum
1454 2925 1510 2970 uua

401 3039 440 3082 ex
457 3017 578 3082 nostris
595 3014 698 3098 galeis
715 3015 765 3078 vel
781 3015 879 3096 lignis
895 3036 996 3097 usque
1013 3013 1163 3098 Segnam
1179 3017 1226 3079 ut
1236 3016 1265 3102 si
1274 3019 1406 3098 propter
1421 3019 1511 3078 reten-

403 3127 526 3189 oionem
542 3120 725 3208 predictam
750 3123 875 3206 aliquid
903 3123 942 3188 de
962 3124 1057 3188 rebus
1074 3123 1139 3188 suis
1157 3121 1374 3206 deffecissent‚
1390 3123 1459 3205 qnia
1472 3122 1511 3186 eis
1565 3123 1566 3126 ’

404 3232 605 3298 subtractum
622 3231 744 3314 fuisset,
760 3231 886 3298 iaciant
902 3253 942 3297 ea
959 3253 1031 3296 oum
1047 3233 1238 3314 integritate
1253 3233 1390 3299 restitui.

564 3378 600 3439 (A
615 3378 742 3428 »Secreta
756 3377 872 3428 Consilii
884 3377 1134 3441 Rogatomm«-bor
1147 3378 1202 3428 Lit.
1216 3379 1248 3427 A.
1264 3379 1319 3426 vol.
1337 3380 1371 3439 l.)

891 3559 902 3568 ι
930 3560 1048 3568 ———-

934 3793 1005 3853 188.

403 3949 489 4056 Kont
505 3949 630 4016 Milatos
644 3953 914 4038 mopyororrzopi
930 3954 1035 4018 nudor
1052 3946 1190 4016 Arbobul
1206 3953 1314 4017 rubbes
1331 3955 1412 4019 oleat
1428 3973 1513 4016 rnore-

877 4059 944 4124 kal.
964 4062 1060 4128 1346.
1199 4073 1202 4080 ·

511 4219 610 4286 Anno
634 4218 891 4288 MCCCXLVI.
918 4220 972 4286 die
987 4219 1109 4286 XXII.
1127 4219 1340 4304 Septembris.
1366 4219 1512 4302 Capta:

405 4327 487 4394 Cum
514 4330 676 4411 pertineat
702 4329 745 4394 ad
768 4329 925 4396 honorem
940 4336 1089 4396 nostrum
1105 4331 1195 4412 scire,
1214 4329 1357 4411 qualiter
1374 4323 1514 4412 prooessit

403 4436 526 4501 factum
542 4435 618 4520 suge
633 4437 726 4501 istius
752 4435 888 4503 Comitis
914 4435 1085 4503 Palatini:
1103 4438 1191 4502 vadit
1216 4457 1304 4521 paro,
1322 4436 1408 4520 quod
1423 4435 1515 4500 miur-

403 4551 457 4612 tur
477 4566 559 4610 unus
576 4544 615 4609 de
632 4542 666 4608 N
668 4547 784 4610 otariis
797 4542 897 4610 Curio
914 4545 956 4610 ad
968 4543 1205 4612 Vioecomitem
1215 4551 1246 4610 et
1257 4543 1432 4611 Commune
1443 4540 1515 4607 Arbi
