3220 5248
383 315 446 380 514
734 330 967 408 orrnounozmr
981 321 1153 383 anninus.
1195 329 1203 336 ·

377 493 461 574 inde,
479 491 684 558 honorabiles
695 493 781 559 viros
792 492 939 559 dominos
946 493 1087 560 Petrum
1099 494 1314 576 Trivisanum‚
1328 494 1511 561 iohannem
1603 485 1605 548 Ϊ

379 599 567 667 Gredonico
584 607 617 668 et
632 601 850 668 Beneintendi
867 602 1015 668 Ducatus
1031 610 1065 669 et
1090 602 1278 670 Communis
1295 604 1513 673 Vencciarnrn

379 707 629 794 Cancellarium,
655 712 741 776 cives
761 717 889 776 nostros
916 711 958 776 ad
977 711 1143 796 prelatum
1160 713 1320 779 illustrem
1348 712 1514 778 dominum

380 818 580 887 Loduvicum
591 819 762 902 Hungarie
772 819 896 904 Regem
907 842 979 886 cum
995 821 1092 904 pleno
1109 829 1142 889 et
1158 821 1333 888 sufficienti
1347 820 1516 899 mandatu,

380 934 417 992 ut
433 936 573 1014 apparet
598 951 637 995 ex
662 929 769 996 forma
794 931 1000 996 instrumenti
1026 931 1142 1015 scripti
1166 954 1265 998 manu
1278 929 1459 1016 Raphayni
1474 929 1515 994 de

381 1033 545 1102 Caresinis
578 1037 709 1103 Publici
733 1037 902 1123 Imperiali
927 1042 1123 1107 auctoritate
1147 1039 1279 1106 Notarii
1304 1046 1339 1105 et
1364 1038 1516 1104 Ducatus

379 1140 499 1209 Nostri
530 1143 643 1210 Scribe
669 1145 729 1211 sub
754 1144 993 1215 MOOOLVII.
1018 1147 1072 1213 die
1096 1146 1276 1218 XXVIII.
1301 1148 1424 1214 mensis
1448 1143 1517 1211 Nc·

379 1253 518 1318 vembris
533 1253 579 1319 X.
605 1254 802 1336 indictionis,
828 1255 904 1320 dum
921 1255 1104 1340 prelibatus
1121 1251 1270 1322 dominus
1286 1255 1359 1321 Rex
1376 1257 1409 1321 in
1426 1251 1516 1320 Civi·

259 1433 265 1438 ,
381 1365 451 1425 tate
467 1361 574 1428 Jadre
591 1361 714 1444 luisset,
740 1364 989 1444 transmisimus,
1013 1371 1046 1430 et
1072 1365 1186 1448 ipsum,
1203 1363 1380 1431 declaratis
1397 1363 1518 1428 nostris
1603 1349 1605 1368 ⁴

381 1466 617 1547 voluntatibus,
633 1469 676 1533 ad
693 1475 848 1552 perpetue
864 1473 955 1553 pacis
972 1477 1006 1536 et
1021 1473 1192 1538 concordie
1217 1472 1382 1538 vinculum
1399 1474 1518 1544 amica-

383 1573 495 1639 biliter
511 1576 718 1644 invitavimus
734 1599 793 1661 per
809 1579 950 1644 eosdem.
960 1580 1031 1646 Nus
1047 1581 1157 1663 igitur,
1169 1582 1225 1665 qui
1236 1601 1308 1645 cum
1319 1577 1519 1645 Christianis

383 1684 597 1768 quibuslibet,
612 1691 645 1750 et
660 1689 827 1768 potissime
844 1709 915 1753 cum
928 1687 1045 1770 Regno
1056 1688 1237 1771 Hungarie‚
1253 1691 1391 1774 antiqua
1407 1689 1518 1754 amici-

381 1793 430 1857 tia
442 1793 584 1860 Ducatui
595 1800 707 1860 nostro
718 1796 900 1878 coniuncto,
916 1817 1029 1879 pacem
1046 1799 1230 1880 optavimus
1246 1802 1279 1861 et
1294 1801 1457 1880 optamus3
1475 1797 1517 1860 ad

382 1898 627 1983 infrascriptam
652 1923 765 1984 pacem
792 1909 826 1968 et
854 1902 1059 1968 concordiam
1083 1903 1156 1968 Deo
1182 1903 1330 1987 propicio
1356 1909 1518 1987 perpetuo

254 2025 258 2032 ·
382 2007 576 2076 druraturam
594 2031 666 2074 cum
682 2008 811 2093 prelato
828 2008 958 2076 domino
975 2009 1067 2093 Rege
1083 2011 1271 2076 devenimus
1297 2011 1331 2076 in
1347 2011 1434 2076 hunc
1450 2032 1517 2075 mo·

383 2115 469 2180 dum.
487 2115 667 2184 Videlicet:
686 2119 772 2201 quod
799 2115 870 2183 Nos
897 2125 930 2184 et
946 2117 1175 2186 Communitas
1192 2119 1422 2199 Veneoiarum,
1438 2127 1470 2184 et
1486 2119 1519 2182 in

385 2227 506 2289 nostris
521 2227 677 2308 personis
687 2248 725 2291 ac
741 2226 810 2290 vice
827 2231 861 2290 et
876 2226 1005 2292 nomine
1021 2233 1134 2293 nostru
1150 2221 1403 2302 'Ambaxatorea
1428 2225 1520 2291 Nun·
1602 2269 1605 2296 v

388 2333 430 2396 cii
447 2341 479 2399 et
496 2331 629 2416 Syndioi
659 2333 822 2417 prelibati,
849 2333 1005 2400 habentes
1031 2335 1073 2399 ad
1099 2334 1325 2400 infradicenda
1340 2334 1471 2418 plenam
1487 2340 1521 2398 et
1603 2311 1605 2366 ἶ

383 2438 522 2506 liberam
539 2446 733 2525 potestatem
749 2442 859 2524 vigore
884 2445 1092 2508 instrumenti
1118 2442 1273 2524 iamdicti,
1298 2445 1444 2509 contenti
1459 2443 1519 2506 lui·
1603 2427 1605 2432 ¹

383 2569 455 2630 mus
472 2553 666 2614 renunciare
682 2555 716 2614 et
731 2548 944 2614 effectualiter
960 2551 1222 2616 renunciavimus
1239 2551 1278 2616 de
1295 2550 1382 2616 lacto
1400 2551 1434 2614 in
1452 2572 1518 2614 ma·
1603 2611 1604 2618 ,

383 2657 480 2722 nibus
496 2658 710 2741 suprascripti
736 2658 858 2722 domini
882 2655 995 2742 Regis,
1011 2680 1070 2724 suo
1094 2664 1128 2724 et
1143 2679 1362 2724 successorum
1388 2679 1517 2724 suorum
1603 2647 1605 2690 ²

384 2764 513 2848 Regum
530 2765 670 2846 nomine,
693 2766 756 2830 toti
772 2765 940 2832 Dalmatie
967 2787 987 2831 a
1009 2767 1185 2831 medietate
1201 2765 1324 2831 scilicet
1340 2763 1519 2849 Quernarii

385 2870 548 2956 usquead
566 2875 707 2940 confines
724 2872 861 2938 Duracii
887 2875 1036 2941 omnibus
1064 2873 1268 2956 Civitatibus,
1289 2874 1410 2955 Terris,
1427 2871 1519 2938 uast-

384 2981 441 3063 ris,
457 2979 767 3065 Insulis,·'p0rtubus
793 2986 826 3044 et
842 2981 978 3065 iuribus,
995 3004 1056 3064 que
1073 2980 1297 3047 habuissemus
1314 2988 1347 3046 et
1363 2982 1519 3046 tenuisse-

385 3111 467 3173 mus,
483 3095 516 3153 et
532 3089 733 3154 habebamus
757 3110 795 3154 ac
819 3088 1008 3154 tenebamus
1034 3091 1069 3154 in
1085 3090 1205 3156 eisdem
1232 3088 1470 3171 quoquomodo,
1486 3097 1519 3154 et

386 3197 573 3280 specialiter
589 3194 786 3263 Civitatibus
813 3197 914 3280 Nune,
940 3198 1054 3276 Judre,
1081 3197 1255 3280 Scardona,
1272 3195 1424 3276 Sibenici,
1439 3195 1520 3261 Tra·
1603 3187 1605 3252 ἶ

386 3305 481 3387 gurii,
499 3302 629 3389 Spalati
640 3311 674 3369 et
683 3305 822 3388 Ragusii
839 3309 975 3371 interra
991 3305 1085 3370 firma
1101 3305 1331 3386 existentibus;
1348 3306 1426 3370 item
1437 3304 1521 3370 Oivi-
1603 3307 1605 3334 l

386 3412 510 3477 tatibus
536 3417 569 3477 et
593 3411 716 3496 Terris
743 3413 873 3479 Absero
900 3413 1051 3478 videlicet
1076 3419 1108 3477 et
1134 3411 1269 3496 Oherm,
1285 3409 1401 3496 Vegle,
1417 3409 1519 3486 Arba,
1603 3407 1605 3466 ἶ

386 3519 488 3603 Pag0,
503 3520 654 3602 Brachie,
670 3522 776 3587 Lesne
793 3528 826 3586 et
842 3521 989 3604 Ourzole,
1005 3544 1077 3587 cum
1093 3523 1207 3587 insulis
1237 3520 1432 3603 earumdem,
1449 3543 1518 3585 cum

387 3627 534 3694 omnibus
548 3629 757 3711 pertinenciis
774 3635 807 3694 et
822 3628 1022 3694 utilitatibus
1038 3628 1234 3709 earumdem,
1260 3649 1297 3693 ac
1322 3628 1426 3710 titulis
1440 3627 1520 3692 Dal·
1603 3623 1604 3628 ’

389 3737 486 3801 matie
503 3742 536 3800 et
553 3733 695 3818 Oroatis,
712 3738 830 3821 quibus
847 3739 895 3802 uti
911 3757 1186 3820 consueveramus,
1209 3743 1242 3802 et
1256 3742 1363 3801 totum
1378 3739 1519 3819 ipsorum

387 3845 437 3910 ius
455 3851 488 3909 et
506 3844 682 3910 dominium
707 3868 745 3912 ac
760 3847 1006 3930 proprietatem,
1022 3848 1050 3910 si
1075 3866 1158 3930 quas
1173 3845 1410 3925 habuissemus,
1426 3846 1460 3908 in
1476 3846 1521 3926 ip·
1603 3879 1604 3926 3

388 3976 457 4020 sum
484 3953 650 4018 dominum
677 3954 805 4038 Regem
830 3962 863 4020 et
887 3975 1088 4020 successores
1105 3975 1180 4019 suos
1199 3960 1324 4038 sponte,
1341 3951 1521 4019 deliberate
1603 3939 1605 3968 ³

391 4066 514 4126 etcum
529 4061 722 4128 maturitate
747 4061 1000 4142 transferentes;
1026 4064 1254 4126 renunciantes
1280 4061 1413 4144 insuper
1437 4061 1522 4126 omni

389 4169 510 4235 actioni
539 4175 572 4234 et
597 4171 685 4236 omni
712 4171 792 4254 logis
818 4177 851 4236 et
875 4171 956 4236 iuris
979 4169 1146 4253 beneficio,
1163 4171 1281 4252 quibus
1295 4169 1363 4235 ullo
1380 4190 1520 4252 unquam

390 4285 538 4363 tempore
567 4300 734 4365 possemus
760 4285 873 4344 contra
904 4279 1052 4362 predicta
1077 4278 1128 4342 vel
1154 4276 1376 4362 predictorum
1393 4277 1523 4361 aliquod
1603 4299 1605 4354 ³:

389 4407 449 4451 nos
466 4388 587 4471 iuvare,
603 4395 635 4453 et
651 4388 880 4471 promittentes
897 4386 1085 4452 solemniter
1101 4387 1161 4452 sub
1178 4385 1303 4451 vinculo
1331 4387 1523 4451 sacramenti
1603 4433 1605 4442 .

390 4513 449 4580 pro
474 4493 581 4560 Nobis
607 4502 639 4560 et
666 4495 838 4562 Communi
865 4495 1081 4565 Veneciarum
1107 4494 1323 4577 corporaliter
1338 4496 1471 4578 prestiti
1487 4494 1523 4559 de
