3134 5252
554 399 649 460 1346.

564 705 638 768 soa.

103 859 278 928 soonam
293 863 420 929 sessores
435 864 591 951 asrayss
606 888 629 928 a
644 864 756 950 aspar
773 866 903 931 aaron
919 865 1105 930 elemento

12 921 16 968 t

12 975 14 1046 l
486 971 589 1058 sopiti.
608 973 705 1036 1346.

366 1127 419 1195 De
435 1127 650 1213 imperatrice
665 1125 834 1212 Bulganie.

12 1341 13 1350 ἵ
150 1253 296 1320 Jobanna
312 1263 372 1320 ete
387 1251 502 1321 Judici
517 1253 663 1320 Heni-leo
679 1253 719 1318 de
736 1250 879 1319 Corneto
890 1251 1054 1337 Magistro
1072 1255 1164 1322 Mas·

12 1363 15 1472 p
67 1362 199 1426 morum
213 1359 411 1427 Anaeiarnm
420 1369 454 1428 et
462 1362 739 1429 Mareseallarum
749 1358 853 1427 (iuris
867 1367 978 1428 nostre
993 1365 1028 1427 iu
1038 1353 1166 1447 Apulia

12 1479 14 1554 l
66 1467 136 1534 fideli
151 1474 261 1536 ,nostro
287 1477 347 1535 ete
374 1467 457 1536 Cum
484 1491 542 1535 nos
559 1468 744 1554 Spectabili
770 1469 978 1552 Imperatriei
1004 1469 1168 1552 Burgarie

12 1559 14 1644 i
67 1578 271 1659 consanguinee
295 1583 409 1644 nostre
435 1578 604 1643 carissime
631 1578 751 1644 salmas
773 1576 933 1641 'frumenti
949 1577 1106 1644 ducentas
1122 1578 1166 1645 ad

12 1737 15 1818 ι
66 1683 218 1764 generalem
242 1683 350 1768 Regni
376 1704 571 1764 mensnram,
596 1685 637 1750 de
663 1682 831 1749 thumuuis
857 1681 982 1748 scilieet
1007 1689 1082 1750 ooto
1105 1706 1164 1769 per

12 1819 14 1876 o
66 1790 175 1856 solmam
198 1791 237 1858 de
260 1791 423 1858 frumento
447 1797 560 1857 nostre
582 1788 680 1858 Ourie
695 1790 936 1872 recollectiouis
953 1790 1077 1856 scilieet
1092 1811 1166 1875 pre-

12 1881 14 2014 ξ
66 1898 143 1962 mnis
157 1897 228 1964 anni
243 1899 338 1988 honus
354 1899 596 1982 quartadecima
606 1897 805 1980 indictionis,
815 1896 875 1963 sub
891 1917 971 1963 nura
987 1905 1020 1964 et
1035 1917 1164 1964 conser-

66 2006 171 2072 uatione
194 2013 251 2072 tua
275 2006 419 2086 sistente,
444 2006 477 2070 in
502 2005 684 2071 subsidium
701 2002 969 2071 substentationis
990 2025 1046 2070 sue
1061 2025 1165 2090 nuper

66 2111 264 2180 donauerimus
291 2115 451 2196 gratiose3
474 2112 628 2179 fidelitati
653 2119 708 2178 tue
733 2112 931 2196 presentium
947 2117 1062 2177 tenore
1078 2132 1168 2178 man·

64 2218 164 2301 damus,
186 2228 346 2304 qautenus
370 2219 510 2287 Nieolao
536 2219 576 2285 de
600 2219 770 2303 Burgaria
795 2217 925 2284 Nunnio
952 2224 987 2284 et
1011 2217 1167 2286 familiari

64 2326 180 2392 eiusdem
194 2327 428 2414 Imperatrieis,
444 2333 611 2413 presentes
626 2325 688 2392 tibi
703 2327 834 2391 litteras
851 2324 1042 2409 assignanti,
1057 2325 1165 2410 predi-

12 2491 16 2562 '
64 2439 116 2498 otas
136 2435 248 2502 salmas
272 2435 427 2502 frumenti
450 2435 610 2502 ducentas
634 2435 675 2500 de
700 2431 849 2517 predicto
874 2431 1038 2498 manento
1066 2430 1167 2498 Ourie

63 2548 150 2605 nonne
171 2542 322 2610 iamdiete
346 2543 585 2609 recollectionis
610 2539 771 2625 presentis
798 2539 875 2604 anni
907 2539 943 2603 iu
977 2537 1164 2606 huiusmodi

12 2565 18 2706 i
64 2645 214 2714 subsidium
229 2649 498 2716 substentationis
522 2647 749 2734 Imperatriois
765 2645 901 2731 prefate,
916 2644 950 2711 in
965 2650 1064 2730 portu
1079 2646 1166 2712 seili-

63 2751 226 2842 oetBarolj,
251 2757 295 2824 ad
321 2777 416 2842 quem
442 2761 573 2842 portum
597 2755 798 2821 frumentum
822 2754 930 2839 ipsum
945 2753 989 2818 ed
1005 2774 1165 2838 expensas

64 2854 142 2928 Gonia
154 2864 316 2930 moderate
339 2863 506 2930 faciendas
530 2883 591 2947 per
604 2867 640 2928 te
655 2861 695 2928 de
710 2861 849 2945 pecunia
871 2860 974 2945 ipsius
990 2856 1090 2927 Ourie
1105 2881 1165 2944 per

12 2925 20 3086 Ι’
62 2987 157 3054 manus
174 2977 246 3039 tuas
272 2969 394 3040 deterri
418 2972 521 3039 fanias
546 2991 621 3038 eum
637 2970 786 3036 curribus
802 2991 859 3036 seu
875 2968 1073 3036 animalibus
1087 2989 1164 3052 pro-

12 3089 16 3174 t,
61 3080 154 3157 pterea
166 3082 342 3164 oportunis,
358 3081 427 3146 sine
442 3079 581 3148 alieuius
597 3077 803 3144 difficultatis
828 3076 996 3145 obstaculo
1012 3075 1164 3142 exhibere

12 3177 17 3278 ξ
61 3187 86 3245 ot
97 3186 248 3270 assignare
263 3208 426 3272 procures,
442 3193 476 3252 et
490 3187 630 3271 recipias
645 3184 762 3252 exinde
777 3184 960 3269 apodixem,
976 3184 1090 3250 ordine
1106 3203 1164 3250 seu

12 3279 16 3388 ξ
61 3294 188 3361 mandato
212 3315 406 3380 quormque
432 3297 606 3378 eontrario,
623 3314 682 3376 per
709 3293 797 3376 quod
812 3290 945 3359 effeetus
960 3290 1162 3377 presentium

12 3429 14 3502 ἶ
62 3395 187 3486 impedirj
212 3406 315 3488 possit
339 3405 374 3468 in
399 3403 510 3488 aliquo
535 3401 588 3467 nel
614 3398 738 3484 differrj
764 3399 882 3465 exinde
898 3398 1076 3465 earundem
1090 3417 1163 3483 pre·

62 3508 258 3591 sentumnon
273 3511 435 3579 obstante.
450 3510 574 3576 Datum
589 3507 731 3593 Neapolj
748 3508 784 3572 iu
800 3527 929 3573 namara
943 3512 1060 3572 nostra
1074 3525 1162 3572 anno

12 3611 17 3722 l
61 3606 171 3682 Domini
193 3613 462 3686 MGOOXLVI.
487 3617 541 3683 die
564 3615 626 3684 VI.
651 3615 745 3700 Juuij
762 3610 861 3683 XIV.
881 3613 1078 3694 indictionis,
1094 3611 1160 3680 Re·

12 3729 14 3818 }
62 3739 176 3800 anorum
189 3733 377 3794 nostrorum
392 3745 477 3793 anno
493 3724 555 3794 IV.

146 3871 179 3932 (a
192 3873 328 3939 »nemun
339 3850 490 3937 inposui«
506 3873 566 3921 sss.
580 3849 618 3920 aa.
631 3869 699 3933 aeg.
713 3869 857 3918 sommae
871 3867 894 3916 1.
907 3865 1052 3917 sennenn
1068 3869 1109 3917 os.
1120 3866 1159 3916 10-

12 3945 15 4044 j
62 3955 102 4004 rel.
111 3956 244 4022 Ugyauott
254 3961 399 4012 talaltatils
412 3962 463 4012 stb.
476 3960 498 4010 1.
512 3961 641 4012 iohanne
650 3956 835 4021 kirelyuenalr
846 3971 899 4021 egy
908 3955 1000 4005 matriti
1009 3955 1160 4006 rendelete:

12 4045 15 4072 ³
65 4042 195 4110 ’Magistris
206 4051 365 4102 Porrulanis
379 4053 431 4100 sto.
455 4049 605 4100 mandatur
627 4049 702 4110 quod
723 4046 894 4111 permittant
915 4043 1115 4094 extraetionsm
1127 4044 1161 4095 de

12 4121 14 4194 ἶ
63 4135 172 4192 morbus
191 4141 287 4205 Apulia
308 4141 458 4192 salmonum
470 4139 605 4189 &umenti
625 4139 807 4192 dueentamm
820 4137 986 4187 donatarum
997 4147 1015 4183 a
1028 4133 1160 4185 Johanna

12 4197 16 4348 ἶ
64 4219 151 4288 Regina
159 4228 326 4294 Imperatrioi
338 4231 480 4296 Bnlgarie,
493 4243 602 4298 necnon
616 4229 764 4279 salmariam
779 4225 982 4291 qulnquaginta
994 4223 1161 4278 donatarum

12 4349 14 4366 .
65 4311 313 4384 dirumperentur
334 4335 352 4371 a
374 4317 613 4386 SpectabiliDuoe
636 4316 751 4380 Duraoij
773 4316 859 4367 itane
872 4313 1021 4367 Jobannae
1039 4313 1161 4378 Reginae

67 4401 294 4463 -nnosounvn
308 4411 353 4462 aas
365 4411 402 4462 11.
416 4407 494 4472 nunnj
508 4409 603 4460 xmn.
615 4405 803 4459 numenoio«
818 4406 851 4456 o.
864 4420 889 4456 0.
905 4408 965 4456 nse.
980 4404 1043 4470 rev.)

516 4566 676 4580 Μ
