3254 5260
370 376 411 436 28
729 395 960 440 urnuouuczmr
976 379 1145 442 aurnuns.

473 552 560 617 Item
580 555 606 617 si
622 559 768 636 tempore
792 553 904 638 aliquo
923 555 1053 636 damna,
1068 555 1225 635 molestie,
1240 556 1358 620 iniurie
1375 577 1433 620 seu
1450 543 1500 618 ol-

368 657 456 723 lense
480 659 596 724 fierent
623 657 795 725 Communi
821 667 854 725 et
873 662 1056 727 hominibus
1073 659 1247 739 Scibinici,
1265 662 1317 726 rel
1332 661 1502 744 aliquibus
1624 675 1626 730 l

366 765 440 828 allis
463 765 613 832 fidelibus
638 773 669 830 et
685 767 807 831 civibus
823 767 963 832 aliarum
980 765 1168 847 Civitatnm,
1184 774 1348 833 terrarum
1364 774 1398 833 et
1413 769 1503 834 loco·
1624 777 1626 842 l

364 895 436 937 rum
461 874 689 956 predictorum,
714 875 863 940 fidelibus
888 875 967 940 dicti
987 875 1108 940 domini
1137 875 1239 940 Ducis
1256 883 1289 942 et
1304 875 1499 942 Communis
1624 865 1626 890 ³

363 979 589 1059 Veneciarum,
615 981 666 1044 rel
693 984 795 1046 eciam
821 987 1069 1047 attentarentur
1093 1003 1153 1065 per
1178 980 1301 1047 dictum
1331 983 1502 1048 domiuum
1624 1037 1625 1040 η

364 1086 523 1153 Comitem
539 1086 572 1151 N
575 1088 735 1171 elipcium,
753 1094 787 1154 et
807 1090 875 1154 eius
890 1095 1040 1173 nepotem
1056 1089 1219 1155 Comitem
1236 1087 1502 1172 Constantinum,
1624 1114 1626 1176 ζ

365 1195 421 1286 νεΙι
432 1217 542 1259 eorum
563 1195 715 1276 aliquem,
728 1218 784 1261 seu
795 1219 853 1280 per
863 1203 975 1282 gentes
986 1203 1018 1262 et
1029 1217 1184 1280 sequaces
1200 1219 1321 1280 eorum,
1337 1198 1388 1262 vel
1404 1199 1499 1262 cuius
1624 1207 1626 1290 J

366 1323 492 1383 cunque
517 1325 637 1385 eorum,
663 1305 714 1368 vel
738 1305 821 1369 alios
845 1307 975 1370 nomine
1000 1327 1058 1371 suo
1083 1305 1134 1369 vel
1159 1305 1295 1370 alicuius
1313 1327 1437 1385 eorum,
1454 1303 1497 1368 de

366 1409 483 1493 quibus
508 1411 641 1491 querela
665 1411 759 1476 fieret
782 1409 903 1477 Comiti
928 1419 1015 1477 terre
1043 1411 1140 1490 illius,
1165 1412 1225 1476 sub
1243 1413 1334 1476 cuius
1351 1410 1498 1476 dictione

366 1517 456 1582 dicta
481 1517 599 1583 damna
624 1519 675 1584 vel
701 1519 822 1583 offense
843 1519 951 1584 forent
961 1519 1130 1585 commisse
1140 1517 1190 1583 vel
1206 1520 1386 1598 commissa,
1403 1518 1496 1601 quod

366 1625 452 1690 idem
477 1624 594 1691 Comes
618 1634 705 1691 terre
731 1627 876 1710 predicte
897 1627 985 1692 dicta
1000 1629 1119 1691 damna
1135 1633 1168 1690 et
1181 1625 1320 1691 offensas
1336 1627 1424 1691 dicto
1442 1625 1500 1690 do-

366 1733 453 1796 mino
480 1731 600 1797 Comiti
616 1733 764 1815 Neliptio
791 1734 959 1798 notificare
974 1740 1135 1798 teneatur.
1161 1729 1226 1814 Qui
1252 1731 1359 1797 dictus
1376 1730 1499 1798 Comes

367 1837 538 1921 Nelipoius
562 1845 724 1920 teneatur,
755 1839 843 1904 lacta
866 1838 1087 1905 notificatione
1118 1839 1277 1922 predicta,
1308 1859 1501 1922 comparere

366 1946 583 2029 personaliter
607 1968 666 2028 per
692 1967 725 2012 se
741 1948 790 2011 vel
815 1947 884 2011 eius
905 1935 1054 2012 nuncium
1075 1969 1131 2013 seu
1147 1953 1392 2030 procuratorem
1410 1945 1502 2011 sulli-

367 2053 506 2117 oientem
532 2074 642 2118 coram
668 2051 797 2120 Comite
821 2053 982 2136 prelibato
999 2054 1040 2118 ad
1056 2051 1242 2119 faciendum
1258 2075 1350 2118 suam
1367 2075 1501 2118 excusa-

369 2161 488 2225 tionem
514 2161 553 2224 de
579 2161 665 2225 dicto
691 2161 778 2227 lacto
805 2161 890 2226 infra
915 2183 1013 2226 unum
1028 2183 1187 2242 mensem;
1203 2162 1281 2226 etsi
1298 2182 1357 2242 per
1373 2158 1501 2224 dictum

367 2267 533 2332 domiuum
567 2267 752 2351 Nelipoium
784 2266 944 2333 Comitem
971 2268 1021 2332 rel
1046 2270 1114 2333 eius
1145 2275 1391 2351 procuratorem
1421 2267 1503 2332 talis

366 2377 532 2442 excusatio
558 2375 660 2457 fieret,
686 2376 772 2458 quod
790 2375 877 2440 dicto
893 2375 1014 2440 Comiti
1024 2381 1112 2438 terre
1128 2373 1273 2455 predicte
1290 2372 1503 2438 rationabilis

368 2489 400 2546 et
415 2483 503 2547 iusta
522 2493 668 2566 apparet,
685 2484 772 2566 quod
798 2483 881 2548 idem
900 2483 1016 2547 Comes
1033 2487 1120 2546 terre
1136 2480 1225 2546 illius
1242 2481 1428 2547 libertatem
1443 2479 1504 2543 ha·
1625 2515 1626 2554 3

368 2590 446 2655 beat
471 2590 593 2655 dictum
618 2589 784 2655 dominum
809 2590 992 2673 Nelipoium
1019 2585 1181 2653 Comitem
1208 2588 1402 2671 apetitione
1426 2607 1504 2670 pre·
1625 2605 1626 2608 ’

368 2697 456 2761 dicta
480 2696 583 2760 libere
609 2697 745 2760 reddere
762 2696 955 2761 absolutum.
974 2697 1020 2760 Et
1037 2696 1064 2758 si
1078 2694 1222 2760 finaliter
1238 2696 1504 2776 sententiaretur,
1623 2691 1625 2714 ³

367 2802 530 2886 prefatum
556 2804 719 2868 dominum
747 2804 906 2868 Comitem
924 2803 1107 2885 Nelipoium
1124 2802 1167 2866 ad
1183 2801 1402 2868 reffectionem
1419 2800 1504 2872 dicti
1624 2851 1625 2884 3

368 2911 478 2976 damni
505 2914 644 2976 existere
669 2913 866 2993 debitor·enr;
884 2911 971 2994 quod
987 2919 1064 2976 tuno
1090 2910 1195 2977 dictus
1215 2910 1364 2977 dominus
1380 2908 1503 2976 Comes

368 3017 538 3100 Nelipoius
563 3016 740 3101 dampnum
766 3022 870 3102 ipsum
896 3019 984 3083 insra
1008 3037 1150 3083 mensem
1175 3039 1274 3082 unum
1300 3017 1502 3082 satisfecisse

367 3145 423 3188 seu
449 3126 643 3208 persolvisse
668 3128 796 3209 integre
811 3133 982 3206 teneatur3
1007 3127 1084 3191 etsi
1100 3149 1164 3191 non
1181 3126 1329 3205 solveret,
1346 3124 1444 3191 cadat
1461 3125 1503 3189 de

367 3237 479 3300 tercio.
505 3235 628 3301 Verum
653 3237 679 3299 si
705 3235 745 3299 de
770 3235 857 3300 dicta
881 3237 1041 3300 sententia
1057 3233 1196 3301 Comitis
1212 3236 1353 3320 predicti
1368 3239 1499 3299 teneret
1623 3285 1624 3312 ἶ

369 3361 402 3404 se
427 3347 605 3423 gravatum,
631 3341 674 3406 ad
698 3340 1029 3418 Ducale,Dominium
1055 3343 1159 3425 possit
1179 3341 1301 3408 habere
1316 3361 1504 3406 recursum.

367 3447 414 3513 Et
440 3449 469 3512 si
493 3469 551 3530 per
576 3449 698 3512 dictum
722 3448 850 3516 Ducale
876 3447 1066 3514 Dominium
1082 3449 1297 3533 diffinirem,
1313 3447 1402 3530 quod
1418 3448 1505 3514 male

368 3575 426 3637 per
451 3553 572 3619 dictum
599 3553 761 3620 Comitem
788 3556 1019 3621 sententiatum
1036 3556 1171 3635 fuisset3
1189 3577 1255 3620 non
1275 3556 1381 3620 solum
1396 3554 1505 3619 dictus

368 3660 516 3729 dominus
541 3659 710 3744 Nelipoius
735 3660 853 3727 Comes
879 3685 900 3727 a
915 3664 1074 3755 petitione
1091 3662 1223 3746 dampni
1239 3660 1379 3746 predicti
1397 3660 1506 3728 absol·

368 3776 474 3849 ratur,
500 3767 556 3832 sed
581 3770 683 3832 etiam
708 3789 855 3851 expense,
880 3789 963 3851 quas
989 3771 1223 3852 supportasset,
1244 3767 1461 3848 redimantur,
1476 3774 1510 3832 et

369 3877 430 3943 sibi
455 3897 513 3960 per
538 3883 665 3960 partem
693 3878 761 3941 eius
788 3877 968 3958 adversam,
984 3897 1043 3959 per
1060 3897 1159 3957 quam
1175 3877 1309 3958 querela
1323 3875 1415 3941 facta
1432 3873 1510 3940 luis-

368 3994 427 4066 set,
442 3986 569 4066 integre
585 3984 828 4065 persolvautur3
844 3989 876 4049 et
892 3985 1092 4065 econtrario,
1108 3985 1136 4049 si
1152 3984 1187 4049 in
1202 3985 1406 4050 contrarium
1423 3982 1506 4049 dicti

368 4093 490 4158 domini
517 4089 661 4174 Nelipcii
678 4091 817 4156 Comitis
839 4091 1051 4172 diffiniretur,
1076 4092 1165 4175 quod
1181 4113 1245 4158 non
1261 4090 1367 4157 solum
1383 4090 1511 4156 dictum

372 4197 558 4280 dampnum,
577 4198 633 4261 sed
658 4198 757 4263 etiam
778 4218 933 4281 expensas
955 4197 1061 4263 factas
1076 4199 1109 4264 iu
1125 4199 1214 4264 dicto
1230 4198 1317 4264 lacto
1333 4197 1422 4262 infra
1439 4219 1513 4282 pre-

365 4303 488 4368 dictum
510 4325 653 4369 mensem
670 4306 802 4370 solvisse
819 4311 980 4372 teneatur.

478 4409 563 4474 Item
588 4413 674 4494 quod
699 4413 863 4496 Egregius
890 4421 923 4478 et
937 4421 1053 4498 potens
1069 4414 1119 4477 vir
1135 4414 1283 4480 dominus
1300 4411 1426 4477 Paulus
1445 4411 1507 4476 Co-

363 4541 431 4588 mes
456 4517 636 4602 Ostrovize,
662 4528 694 4584 et
720 4522 887 4606 Egregius
913 4529 946 4587 et
970 4527 1087 4607 potens
1107 4521 1155 4584 vir
1172 4520 1324 4585 domiuus
1341 4519 1511 4584 Mladinus
