3220 5248
370 325 433 388 516
720 311 1141 382 cenomannensem.

367 507 493 568 rentur.
517 499 601 565 Item
628 494 715 582 quod
740 517 781 561 ex
805 500 947 577 utraque
971 497 1067 578 parte
1090 489 1301 558 remittantur
1316 493 1351 554 et
1366 509 1409 554 ex
1424 508 1504 553 nnnc

288 672 292 681 Α
369 610 503 677 remisse
517 605 743 688 intelligantur
760 623 871 669 omnes
886 599 1091 682 offensiones,
1106 599 1225 664 iniuria
1242 604 1276 664 et
1299 597 1423 662 damna
1438 617 1505 679 pre-

370 718 477 798 terita,
493 737 559 780 non
574 711 788 796 intelligendo
805 709 927 789 debita,
942 708 1060 794 quibus
1086 707 1149 773 sibi
1164 705 1302 771 invicem
1319 710 1507 770 tenerentur

375 823 533 909 speciales
550 840 700 907 persone,
716 820 756 884 de
773 817 890 900 quibus
907 814 963 880 liet
979 814 1108 880 iusticia
1124 813 1199 880 binc
1216 813 1301 879 inde.
1317 810 1406 878 Item
1423 811 1508 896 quod
1589 895 1592 920 ⁴

375 935 482 998 dictus
508 929 657 996 dominus
684 927 757 992 Rex
781 926 867 992 bona
891 922 954 988 fide
979 920 1167 1006 prohibebit
1190 927 1224 986 et
1247 919 1419 986 ordinabit
1442 940 1507 983 curn

376 1040 500 1122 effectu,
517 1037 606 1124 quod
630 1038 664 1100 in
690 1035 802 1118 aliqua
826 1040 989 1098 terrarum
1006 1051 1062 1095 seu
1078 1029 1260 1096 insularum
1276 1035 1335 1094 aut
1350 1029 1508 1094 locorum

373 1169 435 1232 que
455 1149 647 1230 perventura
673 1148 749 1208 sunt
773 1141 816 1208 acl
841 1138 1021 1204 deminium
1036 1137 1117 1204 dicti
1140 1136 1263 1203 domini
1279 1137 1383 1221 Regis
1397 1143 1433 1228 et
1449 1157 1507 1220 que
1591 1167 1592 1218 5

373 1255 438 1320 iam
462 1257 693 1337 pervenerunt,
717 1271 782 1315 non
807 1247 989 1314 armabitur
1013 1247 1047 1309 in
1072 1268 1212 1330 cursum,
1230 1267 1289 1310 nec
1304 1245 1508 1316 exercebitur
1590 1311 1591 1314 Ἴ

373 1363 515 1446 piratica
531 1382 589 1426 seu
604 1361 759 1426 damnum
774 1362 832 1423 aut
846 1355 1002 1423 violentia
1017 1353 1181 1436 aliquibus
1197 1353 1438 1438 navigantibus,
1452 1373 1508 1417 neo

376 1469 632 1553 receptabuntur
648 1469 679 1532 in
698 1466 764 1532 suis
780 1463 940 1548 portubus
956 1463 1095 1528 cursarii
1111 1467 1144 1526 et
1159 1461 1307 1542 malefici,
1327 1463 1385 1528 sed
1401 1461 1508 1545 pocius

381 1577 603 1644 turbabuntur
628 1579 661 1638 et
686 1572 895 1653 arcebuntur,
922 1571 1007 1635 siout
1022 1569 1115 1635 decet
1130 1569 1270 1654 Regiam
1286 1569 1311 1635 J
1313 1571 1463 1636 usticiam
1478 1574 1508 1631 et

375 1687 548 1764 honorem;
563 1690 597 1750 et
613 1705 630 1748 e
647 1700 806 1746 converso
822 1679 855 1743 in
871 1678 991 1744 nostris
1006 1679 1106 1744 terris
1121 1683 1155 1742 et
1169 1677 1285 1742 insulis
1296 1677 1507 1760 promisimus,
1590 1721 1592 1734 .

379 1815 438 1860 nos
455 1792 600 1858 facturos
615 1788 698 1854 illud
722 1789 818 1854 idem.
843 1785 1004 1852 Preterea
1018 1787 1171 1869 promisit
1187 1785 1336 1851 dominus
1353 1785 1426 1852 Rex
1441 1806 1506 1869 pre·

382 1901 470 1966 latus
488 1900 586 1966 verbo
607 1918 664 1962 suo
680 1895 786 1978 Regio
808 1895 977 1960 universos
993 1901 1024 1959 et
1042 1894 1186 1978 singulos
1202 1894 1297 1973 cives,
1315 1893 1465 1959 subditos
1479 1901 1510 1958 et
1591 1883 1592 1896 *

385 2009 496 2074 fideles
521 2012 653 2072 nostros
669 2010 702 2068 et
718 2002 908 2069 Communis
924 2001 1143 2071 Veneoiarum
1158 2002 1323 2067 venientes
1339 2002 1384 2067 ad
1399 2009 1510 2086 terras,
1591 2003 1592 2008 ’

381 2121 506 2199 portus,
522 2114 647 2179 insulas
664 2119 697 2177 et
712 2112 784 2178 loca
801 2131 927 2195 queque
944 2109 1075 2174 subdita
1089 2109 1332 2193 presentialiter
1341 2110 1418 2174 etin
1428 2109 1512 2174 futu·

384 2246 457 2290 rum
474 2222 646 2288 Maiesl-ati
663 2219 738 2302 Sue,
754 2219 876 2284 habere
903 2224 935 2283 et
953 2217 1069 2283 haberi
1092 2217 1200 2282 iacere
1215 2217 1321 2283 salros
1337 2224 1370 2282 et
1385 2238 1512 2282 securos
1591 2269 1592 2274 1

379 2353 451 2396 cum
476 2331 635 2414 personis,
659 2328 754 2393 bonis
778 2333 812 2392 et
836 2326 973 2408 navigiis
998 2347 1037 2390 ac
1054 2325 1152 2391 rebus
1168 2326 1366 2412 eorumdem,
1381 2333 1415 2392 et
1430 2325 1512 2408 quod
1591 2321 1592 2374 l

381 2459 495 2505 secure
514 2443 547 2502 et
563 2438 673 2521 quiete
688 2435 815 2518 possint
832 2435 889 2514 ire,
899 2442 997 2515 stare,
1012 2432 1119 2497 redire
1136 2439 1168 2498 et
1183 2435 1324 2500 transire
1340 2455 1398 2518 per
1414 2434 1513 2498 dictos
1591 2439 1592 2450 ¹

381 2551 506 2630 portus,
535 2552 641 2610 terras
666 2551 699 2609 et
723 2543 796 2608 loca
821 2563 894 2608 cum
918 2542 1066 2622 navigiis,
1090 2543 1236 2623 personis
1252 2547 1285 2607 et
1299 2544 1514 2607 mercimoniis

383 2655 460 2735 suis,
485 2673 559 2736 ymo
585 2653 674 2735 ipsos
699 2649 858 2716 tractabit
883 2655 917 2714 et
932 2650 1072 2714 tractari
1089 2648 1158 2714 vult
1174 2647 1312 2714 dulciter
1330 2657 1363 2715 et
1377 2651 1513 2732 benigne
1590 2721 1592 2734 ι

382 2761 442 2826 sub
457 2759 625 2826 saionibus
642 2765 676 2823 et
693 2759 812 2842 graciis
828 2758 914 2839 suis,
930 2765 963 2822 et
978 2779 996 2822 e
1012 2762 1128 2822 contra
1137 2778 1195 2822 no
1206 2755 1283 2822 Dux
1294 2764 1327 2822 et
1336 2756 1514 2824 Commune
1589 2783 1592 2808 ¹

381 2867 597 2934 tractabimus
613 2866 759 2932 subditos
775 2871 808 2930 et
823 2864 935 2932 fideles
950 2865 1032 2930 dicti
1041 2865 1163 2930 domini
1174 2864 1287 2950 Regis.
1297 2865 1373 2932 Tali
1383 2866 1511 2932 vinculo
1591 2945 1592 2950 ἵ

380 2977 550 3044 interiecto
581 2975 615 3039 in
641 2973 798 3058 predictis
824 2972 972 3040 omnibus
998 2979 1032 3038 et
1054 2973 1199 3056 singulis,
1227 2974 1315 3058 quod
1332 2973 1361 3039 si
1376 2976 1515 3059 partium
1590 2957 1592 2986 ³

382 3085 496 3167 aliqua
522 3083 597 3148 buic
633 3081 846 3165 ordinacioni,
879 3081 1094 3166 dispositioni,
1119 3081 1290 3147 concordie
1317 3088 1419 3166 atque
1444 3087 1516 3166 paci
1590 3131 1592 3156 ÷

383 3195 541 3257 niteretur
562 3191 733 3269 contraire,
759 3196 793 3254 et
817 3211 889 3254 eam
914 3189 1091 3272 infringere
1116 3188 1168 3256 vel
1194 3190 1317 3256 violare
1333 3200 1516 3280 conaretur,
1590 3187 1592 3234 1

382 3300 510 3384 aliquas
526 3306 645 3382 terrae,
669 3305 788 3380 castra,
813 3298 938 3364 insulas
960 3303 1017 3363 aut
1041 3303 1157 3380 portus
1174 3298 1215 3363 de
1230 3297 1302 3379 hiis,
1320 3320 1382 3381 que
1397 3321 1513 3365 renun·
1590 3283 1592 3352 ῗ

384 3410 472 3475 cista
489 3416 572 3492 sunt,
587 3409 784 3492 occupando,
809 3407 860 3474 vel
876 3407 974 3474 aliter
990 3407 1063 3491 paci
1079 3407 1367 3488 contrafaciend03
1383 3430 1424 3474 ex
1440 3417 1515 3474 tunc
1591 3413 1592 3418 ’

384 3539 462 3601 pars
488 3516 593 3581 altera
617 3514 654 3580 id
680 3512 758 3580 Sedi
783 3513 975 3599 Apostolioe
1000 3514 1151 3580 intimare
1177 3514 1305 3600 debeat,
1321 3523 1354 3581 et
1371 3515 1516 3580 dominos

384 3626 480 3708 Papa
496 3624 605 3709 rigore
624 3623 872 3707 emologationis
888 3629 921 3688 et
938 3622 1112 3707 potestatis
1128 3624 1206 3688 date
1221 3644 1280 3707 per
1297 3625 1404 3708 ipsum
1420 3625 1518 3690 domi·

387 3755 465 3798 num
482 3731 607 3816 Regem
623 3738 656 3797 et
673 3729 753 3814 Nos,
768 3737 882 3798 tenore
899 3732 1098 3815 presentium
1120 3730 1306 3798 litterarum
1321 3739 1475 3800 teneatur
1490 3738 1517 3797 et

386 3840 467 3932 velit
482 3839 568 3905 inira
583 3841 728 3925 spacium
744 3842 840 3905 unius
856 3840 976 3904 mensis
992 3839 1185 3923 simpliciter
1195 3844 1229 3904 et
1239 3839 1278 3906 de
1289 3841 1387 3925 plano
1398 3843 1518 3924 absque

388 3949 529 4033 strepitu
546 3955 579 4014 et
594 3948 700 4032 figura
725 3948 751 4014 J
752 3947 861 4029 udicii,
885 3947 989 4014 solum
1013 3953 1146 4032 recepta
1160 3946 1224 4013 lide
1239 3953 1273 4014 et
1287 3949 1518 4016 certificatione

389 4056 576 4123 violationis
589 4063 621 4123 et
631 4057 827 4123 infrictionis
838 4057 1002 4124 antedicte
1012 4055 1056 4123 ad
1065 4057 1304 4123 observantiam
1320 4057 1407 4124 diets
1417 4059 1519 4143 dispo·

389 4167 516 4232 sitionis
532 4171 566 4230 et
582 4164 797 4232 ordinationis
814 4165 906 4230 illum
921 4171 979 4230 aut
988 4164 1062 4230 illos
1072 4165 1256 4248 astringere
1268 4185 1407 4232 censura
1423 4167 1519 4234 ecole-

390 4273 524 4337 siastica
547 4273 721 4355 mediante,
745 4274 779 4339 in
794 4295 953 4357 personas
970 4273 1018 4340 vel
1036 4271 1312 4340 Oommnnitatem
1329 4275 1520 4342 contrafaci-

1589 4259 1592 4302 l

391 4364 497 4443 entem
514 4379 664 4446 videlicet
692 4383 887 4448 seutentiam
912 4381 1087 4462 interdicti,
1109 4388 1142 4446 et
1158 4382 1191 4446 in
1208 4380 1398 4464 spngulares
1414 4405 1521 4468 perso·
1590 4377 1592 4402 ³

390 4507 451 4551 nas
478 4492 820 4556 excommunicationis
836 4491 1041 4576 proferendo,
1072 4512 1092 4556 a
1118 4509 1184 4574 qua
1208 4490 1393 4556 nullatenus
1418 4491 1520 4559 absol·
