3214 5260
648 383 742 462 1666.
1089 381 1092 389 ’
1178 397 1243 465 466

112 571 141 645 61
157 601 253 645 casus
269 585 455 646 occurreret
488 576 788 662 quomodocunque,
813 575 899 657 quod
914 576 1001 640 idern
1018 575 1164 642 dominus
1181 579 1245 642 lin·

111 692 256 770 perator,
273 689 301 754 si
317 688 408 752 rivus
434 691 528 766 esset,
554 706 611 750 seu
637 683 706 749 eius
722 683 816 764 filius,
834 683 862 746 si
878 683 1082 766 reperiretur
1099 692 1245 749 mortuus

110 796 221 860 dictus
237 795 387 860 dominus
410 793 607 876 Imperator,
624 796 818 874 gravaretur
834 796 867 854 et
881 789 1110 872 indignaretur
1129 798 1245 858 contra

110 903 238 967 dictum
253 902 419 967 dominum
429 899 452 966 J
456 921 570 964 uraes
585 919 646 982 pro
662 897 751 963 dicta
766 897 1026 980 reassignationo
1036 898 1116 964 dieti
1126 896 1245 978 Osstri,

112 1014 161 1076 sio
178 1011 285 1076 lacere
310 1016 344 1075 et
369 1029 493 1092 curare,
518 1007 604 1090 quod
625 1006 713 1070 dicta
730 1005 922 1071 Dominatio
939 1005 1153 1074 Venetiarum
1168 1029 1244 1072 eun-

110 1120 187 1185 dem
204 1118 369 1183 dominum
385 1115 610 1182 Castellauum
626 1135 699 1179 cum
709 1111 786 1178 filiis
802 1119 834 1177 et
849 1111 976 1179 familia
991 1115 1070 1197 eius,
1086 1134 1125 1178 ac
1141 1113 1244 1182 dictos

112 1229 187 1294 eins
203 1225 324 1291 fratres
334 1245 406 1312 cum
416 1223 492 1288 filiis
503 1228 536 1287 et
545 1221 678 1287 familiis
690 1239 801 1286 eorum
817 1221 953 1302 recipiet
965 1222 999 1285 in
1014 1220 1157 1286 brachiis
1169 1223 1244 1304 suis,

112 1357 153 1401 ao
170 1336 217 1400 eis
234 1341 267 1400 et
277 1334 411 1399 cuilibet
422 1354 533 1398 eorum
545 1331 628 1398 siout
645 1336 679 1395 et
695 1330 809 1396 taliter
820 1331 1013 1413 providebit,
1024 1331 1111 1415 quod
1122 1353 1161 1396 ex
1171 1333 1244 1415 ipsa

110 1444 301 1530 provisione
316 1444 423 1508 virere
438 1446 593 1525 poterunt
608 1461 680 1504 cum
696 1436 773 1502 filiis
789 1445 822 1501 et
848 1438 981 1504 familiis
1000 1439 1195 1520 eorumdem,
1212 1447 1245 1504 et

111 1553 232 1618 merito
248 1555 409 1634 poterunt,
427 1570 485 1614 seu
502 1546 742 1613 rationabiliter
759 1549 938 1613 contentari
954 1545 1126 1613 debebunt.
1142 1549 1187 1612 Et
1202 1546 1244 1612 ad

110 1660 270 1725 maiorem
287 1657 474 1723 firmitatem
488 1657 632 1721 omniurn
647 1653 870 1739 predictorum
885 1655 1025 1740 predicti
1041 1656 1164 1720 domini
1181 1653 1244 1720 Oa·

110 1767 249 1852 pitanei,
265 1765 464 1845 Consiliarii,
481 1761 597 1830 Comes
623 1771 656 1830 et
672 1763 873 1843 Provisores,
891 1770 923 1829 et
936 1762 1076 1846 quilibet
1091 1764 1243 1846 ipsorum,

110 1875 311 1940 sacramenti
351 1873 394 1937 ad
426 1872 549 1938 Sancta
579 1871 643 1934 Dei
674 1871 857 1955 Evangelia
887 1872 986 1937 tectis
1017 1869 1244 1937 sacrosanctis

111 1981 290 2064 scripturis
306 1980 445 2065 prestito
461 1998 520 2061 per
535 1978 663 2042 eosdem
678 1977 890 2042 firmaverunt
907 1977 1028 2043 dictam
1044 1999 1154 2044 eornm
1170 1999 1245 2062 pro-

109 2091 308 2170 missionem,
325 2095 359 2153 et
374 2087 462 2152 dicto
479 2085 608 2152 domino
626 2083 815 2150 Castellano
832 2085 1001 2169 stipulanti
1018 2091 1052 2152 et
1068 2087 1245 2171 recipienti,

111 2207 149 2264 ut
167 2217 269 2282 supra
284 2196 512 2279 obligaverunt
522 2194 609 2259 omni
621 2191 718 2258 modo
734 2199 766 2257 ct
779 2193 861 2276 jure,
878 2193 994 2276 quibus
1005 2195 1245 2278 meliuspotue·

109 2311 200 2387 runt,
217 2306 324 2370 omnia
339 2304 424 2369 bona
441 2301 685 2367 Dominationis
702 2298 847 2379 Ducalis,
866 2321 903 2366 ac
919 2303 1019 2366 etism
1044 2303 1190 2385 ipsorum
1211 2310 1244 2367 et

109 2411 291 2497 cujuslibet
314 2431 427 2476 eorum
451 2432 510 2493 pro
539 2409 688 2474 omnibus
713 2414 746 2472 et
771 2408 908 2490 singulis
934 2409 1090 2491 predictis
1106 2409 1245 2476 firmiter

108 2521 322 2588 attendendis
339 2526 373 2587 et
388 2518 607 2586 observandis.

760 2624 832 2704 Ego
863 2623 1009 2692 Lazarus
1035 2626 1075 2692 de
1106 2625 1244 2694 Contra·

652 2735 711 2798 riis
727 2733 767 2799 de
783 2734 939 2800 Ferraria
963 2734 1121 2800 Publicus
1137 2734 1243 2818 Impe-

654 2842 728 2906 61611
767 2842 965 2910 auctoritate
996 2843 1154 2908 Notarius
1184 2865 1243 2908 nec

256 2947 406 3036 (Jegyzoi
420 2951 520 3036 jegy.)
653 2971 716 3014 non
757 2949 918 3016 Notarius
950 2957 984 3015 et
1018 2949 1243 3017 Cancellarins

654 3057 733 3122 dicti
750 3056 872 3123 domini
887 3056 1058 3142 Ospitanei
1069 3056 1243 3124 Solanonie

654 3167 811 3250 predictis
827 3167 977 3232 omnibus
993 3174 1027 3232 et
1043 3169 1178 3252 singulis
1195 3171 1243 3233 iu·

651 3273 759 3357 terfui,
785 3282 817 3339 et
842 3282 978 3359 rogetus
1005 3277 1120 3360 scripsi
1137 3283 1171 3341 et
1186 3299 1243 3362 pn-

652 3381 779 3448 blicaui.

151 3528 205 3592 (all
224 3525 310 3592 conia
324 3529 356 3580 de
371 3523 610 3580 Commemoriali«
624 3528 713 3580 czirud
727 3529 954 3595 tllamkbnyvbbl
969 3530 1001 3584 V.
1016 3533 1071 3582 klit.
1087 3535 1128 3584 91.
1142 3532 1205 3595 lev.)

110 3706 1241 3797 C)instrumentumtraditionisOastriSoerdone.

223 3839 265 3902 In
296 3833 422 3901 Christi
450 3836 580 3901 nomine
605 3833 720 3902 Amen.
747 3835 846 3901 Anno
873 3834 1066 3902 Nativitatis
1098 3835 1241 3901 eiusdem

109 3942 314 4012 MCOGLV.
331 3944 507 4009 indictione
523 3944 589 4009 IX.
605 3944 657 4009 die
675 3943 720 4009 X.
731 3944 755 4010 J
758 3943 885 4010 aunarii
901 3945 934 4009 in
945 3942 1064 4009 Castro
1076 3942 1242 4008 Scardone

109 4051 201 4139 apud
218 4059 347 4136 portam
362 4052 466 4135 ipsius
480 4051 597 4117 Oestri.
615 4051 828 4117 Prosentibus
839 4051 1001 4118 nobilibus
1014 4051 1092 4116 viris
1102 4051 1242 4116 dominis

110 4161 313 4247 Presbytero
339 4159 440 4228 Petro
466 4159 610 4230 Venerio
633 4161 780 4227 Ecclesie
797 4158 912 4226 Sancti
928 4157 1105 4245 Rapbaclis
1121 4159 1160 4224 dc
1177 4157 1242 4228 Ve·

110 4270 218 4352 netiis,
233 4267 374 4336 Nicolao
399 4270 590 4336 Justinlano
616 4268 656 4334 de
672 4267 835 4335 Contrata
862 4269 959 4334 Santi
976 4268 1186 4334 Pantaleonis
1202 4267 1242 4332 de

111 4375 275 4460 Venetiis,
300 4397 352 4441 ser
378 4377 528 4443 Mattheo
554 4377 703 4444 Faxuolo
728 4376 768 4443 de
794 4378 920 4461 Clugia,
946 4397 997 4442 ser
1012 4375 1184 4444 Jacobello
1201 4376 1242 4441 de

110 4483 264 4551 Barociis
280 4484 320 4548 de
337 4482 495 4568 Venetiis,
519 4485 683 4570 Magistro
708 4485 875 4551 Hendrioo
900 4485 987 4550 della
1003 4484 1099 4550 Mota
1114 4483 1241 4550 Ciroico

111 4590 280 4678 quondam
305 4589 429 4657 domini
453 4589 628 4673 Gabrielis,
654 4600 686 4657 et
710 4592 783 4659 aliis
808 4593 956 4675 pluribus
980 4592 1127 4658 testibus.
1158 4589 1241 4658 Cum
