3214 5260
409 398 474 466 los
559 451 561 458 .
765 395 1186 474 1111111111111111111.

404 578 520 646 Olissie
535 587 569 645 et
585 579 745 644 Dalmisie
762 579 978 662 postmodum,
1004 578 1130 644 scilicet
1148 586 1325 662 autequam
1339 577 1525 660 procedatur

411 688 453 754 ad
470 688 660 752 electionem
676 684 950 766 Ambaxatouum,
966 685 1021 751 fiet
1038 687 1085 751 eis
1101 686 1159 751 illa
1176 686 1370 766 commissio,
1386 703 1448 766 que
1463 683 1526 748 huic

408 793 554 861 Consilio
569 794 683 860 melior
700 801 733 859 et
749 793 862 858 utilior
885 793 1069 878 apparebit.

516 901 615 968 Anno
646 897 868 969 MCCCLVI.
900 899 1078 966 indictione
1102 897 1169 964 IX.
1194 897 1246 964 die
1264 897 1394 968 XXVI
1410 900 1527 966 blanoi'u

408 1009 572 1093 Capta:
600 1006 697 1093 Quod
723 1009 756 1073 iu
783 1009 913 1074 nomine
938 1007 1071 1073 Domini
1096 1008 1179 1073 Jesu
1196 1004 1323 1070 Christi
1338 1013 1372 1072 et
1391 1002 1527 1075 Glorioso

407 1119 556 1200 Virginis
581 1117 702 1184 Matris
720 1121 802 1200 eius,
818 1125 850 1182 et
875 1115 974 1182 Beati
989 1116 1097 1181 Marci
1112 1114 1324 1198 Evangeliste
1339 1115 1528 1182 Protectoris

408 1227 514 1291 nostri
530 1225 611 1292 fiant
627 1232 660 1290 et
684 1224 859 1290 111111111
873 1222 1118 1290 Ambaxatores
1142 1222 1301 1288 solemnes
1316 1225 1359 1290 ad
1377 1225 1527 1290 domiuum

409 1335 534 1417 Regem
560 1333 735 1416 Huugarie
761 1354 821 1415 per
845 1332 939 1398 illum
955 1331 1086 1397 modum
1104 1337 1136 1396 et
1153 1351 1226 1396 cum
1241 1332 1301 1396 illa
1317 1333 1526 1398 commissione

409 1451 442 1510 et
458 1443 620 1522 libertate,
648 1463 719 1506 oum
746 1463 811 1524 qua
827 1441 955 1506 iverunt
972 1446 1005 1504 et
1021 1442 1111 1504 missi
1128 1441 1260 1505 fuerunt
1276 1439 1353 1504 olim
1370 1461 1424 1505 ser
1439 1440 1527 1505 blari-

409 1574 468 1617 nus
484 1549 629 1616 Faledro
646 1556 679 1612 et
695 1571 747 1612 ser
764 1549 901 1614 Marcus
919 1545 1091 1630 Cornario,
1105 1549 1238 1614 mutatis
1254 1554 1287 1612 11
1303 1549 1460 1613 111-11111
1474 1549 1526 1612 illis

410 1660 527 1740 verbis,
543 1679 606 1742 que
623 1655 746 1721 luerint
760 1655 919 1722 mutanda
935 1662 969 1720 11
985 1654 1189 1739 corrigenda.

516 1767 641 1835 Verum
661 1762 867 1847 superiectis
884 1761 995 1828 Olissii
1022 1770 1054 1826 et
1072 1761 1204 1829 Almisii
1221 1765 1447 1830 committatur
1462 1763 1528 1830 Am·

409 1875 622 1942 baxatoribus
632 1871 797 1955 predictis,
807 1871 893 1955 quod
904 1872 1009 1954 primo
1026 1877 1058 1936 et
1074 1873 1299 1956 principaliter
1315 1880 1488 1957 procurent
1501 1879 1529 1938 et

411 1986 533 2050 instent
543 1981 690 2048 obtinere
704 1979 745 2044 ab
756 1979 828 2062 ipso
838 1978 929 2060 Rege
946 1977 1529 2064 (111111111111111111111111111·

411 2092 542 2156 mittere
567 2110 625 2172 pro
650 2087 729 2171 ipsis
755 2085 836 2150 locis
862 2084 913 2149 vel
931 2085 1051 2150 Olissia
1066 2091 1204 2166 tantum,
1219 2088 1351 2170 quando
1366 2086 1529 2154 Almisium

416 2198 558 2264 obtineri
576 2217 639 2260 nou
664 2200 783 2277 posset,
809 2200 916 2277 11111
933 2193 1058 2259 iuribus
1074 2195 1215 2259 aliarum
1232 2196 1532 2264 11111111111111

411 2329 482 2372 rum
500 2305 679 2384 Solemnis,
705 2325 725 2366 1
741 2300 794 2370 VI
810 2302 900 2366 mille
926 2323 1028 2385 usque
1045 2299 1117 2366 VII
1143 2302 1230 2368 mille
1247 2302 1384 2372 ducatos
1399 2306 1471 2370 auri
1484 2325 1530 2370 11·
1590 2379 1591 2390 ἶ

414 2416 549 2495 unatim,
575 2418 608 2476 11
634 2433 752 2495 equum
778 2411 989 2494 cohopertum
1020 2409 1061 2475 de
1077 2410 1223 2490 scarleto,
1239 2412 1290 2478 vel
1305 2413 1382 2478 iude
1398 2415 1531 2496 1111111
1590 2431 1591 2438 ¹

415 2523 529 2588 melius
555 2526 718 2603 poterunt,
734 2518 819 2582 sieut
834 2522 985 2599 poterant
1001 2518 1192 2599 promittere
1215 2519 1320 2585 solum
1337 2520 1370 2588 V
1386 2523 1479 2588 mille
1493 2523 1532 2588 m
1558 2573 1566 2578 .
1590 2503 1591 2550 3

413 2633 440 2696 si
457 2630 598 2713 aliquem
614 2626 744 2691 exlocis
761 2625 915 2707 predictis
925 2626 994 2708 ipse
1006 2623 1155 2689 dominus
1165 2625 1238 2690 Rex
1248 2629 1425 2695 concedere
1435 2630 1531 2712 nollet,
1590 2667 1591 2692 ;

413 2749 491 2805 tunc
517 2736 579 2819 ipsi
605 2733 847 2799 Ambaxatores
871 2731 1008 2798 redeant
1038 2732 1080 2798 ad
1096 2732 1302 2800 tractandum
1317 2757 1416 2820 super
1431 2739 1531 2821 primis
1590 2729 1591 2744 ¹

413 2841 692 2930 promissionibus¹
717 2840 923 2924 procurando
949 2862 1075 2924 semper
1091 2842 1237 2907 obtinere
1253 2844 1286 2907 11
1303 2844 1452 2926 quolibet
1466 2868 1531 2912 casu

415 2951 575 3017 dictarum
591 2949 770 3034 primarum
794 2949 1045 3032 promissionum
1069 2948 1227 3031 Clissiam,
1243 2957 1277 3016 et
1291 2955 1451 3034 possendo
1465 2955 1531 3021 lina·

414 3061 490 3126 liter
508 3059 701 3146 promittere
717 3079 777 3140 pro
795 3077 834 3122 ea
851 3057 937 3123 dicto
953 3057 1039 3140 Regi
1049 3057 1240 3123 ducatorum
1251 3059 1533 3145 Msnnuatim,sio·

415 3175 452 3232 ut
477 3168 560 3233 alias
587 3166 734 3233 oblatum
749 3164 820 3230 fuit.
837 3165 878 3230 Iu
896 3147 1532 3248 111111111110111111111111111111

414 3283 533 3360 posset,
549 3275 742 3357 rescribant,
759 3280 907 3339 nostrum
923 3275 1125 3358 expectando
1140 3273 1338 3342 mandatum.

526 3379 689 3464 Capta:
714 3378 810 3463 Quod
827 3383 951 3447 scribat
938 3389 991 3446 utr
1008 3381 1138 3447 domino
1148 3381 1232 3466 Regu
1242 3391 1276 3450 et
1287 3383 1532 3472 Arcbiepiscopo

419 3489 638 3574 strigoniensi
664 3489 807 3570 stabis,
833 3489 952 3572 quibus
969 3490 1141 3575 videbitur,
1158 3491 1197 3556 de
1213 3493 1365 3560 missione
1381 3497 1532 3562 Ambaso-

416 3611 533 3683 111111,
550 3598 783 3679 excusando,
759 3619 787 3663 su
803 3596 921 3664 fortet
907 3606 975 3664 tam
991 3602 1056 3664 cito
1066 3623 1131 3666 non
1147 3603 1306 3667 essentad
1322 3625 1397 3668 eum
1410 3611 1532 3689 1111111
1588 3547 1591 3630 i

416 3729 551 3788 moram,
578 3727 676 3788 qoam
700 3707 809 3770 nuncii
835 3704 981 3771 ftecerun
967 3706 1047 3772 tad
1063 3709 1264 3793 veniendum,
1281 3709 1337 3775 sed
1354 3711 1464 3794 quod'
1455 3731 1531 3795 ipsos
1587 3621 1591 3794 i

417 3819 572 3899 ehgemus
589 3821 620 3878 e
637 3814 804 3878 mittemus
822 3816 1020 3896 quamcicius
1044 3816 1232 3897 poterimus
1589 3795 1591 3856 i

523 3922 587 3988 Die
612 3919 746 3986 XXIX
771 3923 902 3988 Marcii.
930 3913 1087 4006 Capta:
1117 3921 1212 4007 Quod
1229 3925 1283 3988 isti
1301 3924 1531 3992 Ambaxatores
1582 3911 1591 3976 -l

416 4033 495 4100 ituri
505 4031 548 4097 ad
558 4029 863 4113 RegemHuugarie
873 4031 1039 4115 possintiu
1049 4032 1197 4097 omuibus
1207 4033 1359 4116 expensis
1371 4032 1530 4118 quomodo·

417 4162 554 4226 cumque
566 4138 810 4205 occurrentibus
822 4139 1003 4223 expendere
1014 4139 1149 4206 ducatos
1160 4142 1301 4225 quinque
1312 4144 1384 4208 auri
1394 4165 1449 4226 pro
1465 4161 1531 4225 quo·
1589 4129 1591 4208 ζ

416 4251 534 4315 libetin
546 4248 605 4330 die,
617 4254 718 4332 etpro
730 4249 878 4332 expensis
892 4249 1011 4333 judicis
1022 4256 1054 4314 et
1064 4247 1258 4315 famulorum
1268 4271 1400 4316 suorum
1410 4250 1531 4318 ducatos

417 4357 498 4422 cliuos
514 4358 548 4420 11
564 4357 626 4422 dic.

526 4461 591 4526 Die
610 4466 725 4545 quinto
750 4463 887 4547 Aprilis.
914 4464 1076 4548 Capta:
1101 4463 1196 4549 Quod
1215 4487 1253 4530 ex
1270 4486 1355 4532 nunc
1371 4464 1531 4538 ordinetur,

419 4571 507 4660 quod
524 4571 767 4638 Ambaxotoros
783 4574 885 4640 nostri
903 4575 980 4638 ituri
997 4575 1029 4638 in
1042 4573 1246 4658 Huugariam
1263 4573 1389 4642 iaciant
1405 4569 1530 4640 111111
1588 4575 1591 4610 ⁴
