3166 5256
403 331 468 395 1³4
755 336 991 386 nieuousczrsr
1007 317 1178 385 ructuas.

402 507 536 576 archam
567 509 600 570 et
631 499 841 587 Episcopum,
865 498 892 563 si
919 496 962 562 ad
988 498 1031 576 te,
1048 493 1095 559 fili
1127 492 1305 571 carissime,
1321 485 1520 569 recurrerint,
1574 505 1576 522 ¹

402 613 525 682 habeas
541 632 602 696 pro
629 614 745 676 nostra
769 611 803 671 et
827 603 972 671 eiusdem
999 597 1094 669 Sedis
1110 599 1296 668 reverentia
1311 597 1521 664 favorabiliter
1574 615 1576 666 l

403 717 657 798 commendatos,
683 696 804 781 eisdem
829 731 927 796 super
945 709 1019 791 hiis,
1044 708 1084 774 de
1101 708 1219 792 quibus
1235 727 1296 791 pro
1313 711 1410 790 parte
1425 711 1522 770 nosba
1574 707 1577 810 l

403 835 494 896 tuam
509 822 742 912 requirendam
758 821 911 889 duxerint
935 817 1183 898 Excellentiam,
1197 814 1278 882 velis
1296 813 1448 880 assistere
1463 833 1524 878 con·
1576 827 1577 848 ²

404 937 486 1004 siliis
503 940 538 1000 et
552 930 721 1000 favoribus
737 925 917 1013 oportunis,
933 925 981 991 ita
996 922 1085 1010 quod
1100 941 1158 989 nos
1175 919 1382 988 devotionern
1398 918 1521 1002 Regiam
1575 929 1577 962 ³

405 1043 521 1113 exinde
546 1063 620 1108 eum
647 1038 831 1124 gratiarum
856 1032 1041 1102 actionibus
1066 1031 1229 1117 possimus
1245 1030 1363 1097 merito
1380 1049 1522 1096 commen-
1575 1037 1577 1086 ῑ

406 1153 497 1221 dare.
521 1148 649 1216 Datum
673 1143 839 1214 Avinione
863 1141 905 1214 V.
930 1141 1005 1209 idus
1030 1139 1183 1225 Januarij
1203 1137 1421 1206 Pontificatus
1435 1135 1523 1201 nostri
1577 1173 1578 1192 ι

407 1281 493 1328 anno
511 1263 641 1344 quarto.

518 1360 559 1444 In
585 1364 699 1432 eodem
725 1359 823 1428 modo
848 1358 997 1425 Jobanni
1027 1356 1114 1440 Regi
1142 1354 1293 1436 Boemie,
1325 1351 1446 1419 Carolo
1467 1351 1524 1416 eius

409 1474 638 1564 primogenito,
654 1477 688 1539 et
703 1467 846 1538 Alberto
862 1467 958 1546 Duci,
974 1471 1007 1532 et
1022 1464 1047 1530 J
1048 1465 1176 1531 ohanne
1198 1462 1337 1529 Ducisse
1353 1457 1488 1526 Austris

736 1633 770 1698 (V
772 1634 794 1684 1.
807 1632 941 1683 Kelemen
951 1629 1023 1696 palpa
1036 1625 1222 1695 regestaibbl.)

900 1846 1061 1860 m

952 2115 1025 2178 126.

420 2284 476 2350 VI.
493 2281 641 2348 Kelousa
652 2284 747 2369 pa'pa
772 2280 968 2366 mepboppja
993 2279 1251 2365 Mapyarorszciq
1267 2277 1531 2366 fbpopjoiaokts

416 2390 615 2475 ffiuroiaok,
628 2391 711 2476 hopy
727 2411 767 2452 az
793 2387 932 2474 apostol-i
957 2387 1092 2451 szikuelc
1116 2387 1181 2451 odo
1205 2387 1333 2452 audac
1361 2386 1530 2451 nunciassit
1578 2377 1580 2384 ,

811 2493 1030 2583 'tdrnopaasrtlc
1055 2497 1151 2561 1346.

526 2655 677 2724 Clemens
702 2657 887 2741 Episcopus
903 2659 964 2722 etc.
978 2654 1158 2722 venerabili
1188 2629 1308 2722 fratri.
1325 2707 1332 2721 .
1349 2706 1357 2721 .
1381 2652 1533 2742 Archiepi·
1579 2642 1581 2688 ¹

419 2787 517 2851 scopo
532 2764 747 2850 Strigoniensi
772 2765 914 2832 salutem
938 2768 997 2828 etc.
1023 2760 1107 2829 Cum
1132 2785 1190 2830 nos
1215 2765 1415 2831 venerabiles
1430 2765 1532 2832 fratres
1580 2785 1581 2790 ¹

419 2879 551 2941 nostros
576 2872 798 2940 Bertrandum
823 2871 1055 2938 Patriarcham
1083 2870 1340 2958 Aquilegensem
1367 2880 1400 2940 et
1415 2873 1529 2939 Franci-

424 3004 512 3049 scum
527 2981 728 3066 Episcopum
744 2980 987 3064 Tergestinum,
1013 2975 1203 3063 Apostolice
1220 2980 1314 3049 Sedis
1329 2981 1475 3062 Nuntios,
1496 2981 1532 3044 vi·

421 3112 475 3156 ros
491 3089 604 3174 utique
630 3090 817 3155 litterarum
845 3088 991 3170 scientia,
1016 3088 1193 3171 probitatis
1218 3096 1251 3156 et
1274 3089 1442 3160 fidelitatis
1455 3087 1533 3155 indu·

424 3200 516 3280 stria,
533 3202 568 3265 et
582 3197 885 3282 circumspectionis
915 3196 1105 3263 maturitate
1121 3197 1318 3281 conspicuos,
1335 3205 1369 3265 et
1393 3199 1426 3264 iu
1440 3197 1534 3266 arduis
1579 3249 1581 3286 3

424 3312 574 3390 expertos
605 3304 754 3390 negotiis,
779 3304 823 3369 ad
848 3304 1051 3370 carissimum
1076 3305 1109 3368 in
1126 3300 1261 3371 Christo
1289 3305 1392 3372 filium
1407 3313 1534 3372 nostrum
1579 3317 1581 3326 ⁴

424 3411 627 3480 Ludovicum
642 3412 767 3498 Regem
782 3410 931 3498 Vngarie
948 3412 1108 3478 illustrem
1123 3417 1157 3478 et
1171 3419 1285 3496 partes
1300 3413 1410 3498 Regni
1425 3415 1471 3481 sui
1487 3432 1536 3496 pro

426 3522 525 3589 certis
541 3523 679 3607 negotiis
695 3523 912 3589 destinemus:
943 3519 1186 3606 fraternitatem
1203 3528 1293 3588 tuam
1308 3524 1495 3607 requirimus
1508 3527 1536 3585 ct
1580 3577 1581 3584 ,

426 3630 596 3697 hortamur
622 3635 759 3711 attente,
784 3637 945 3714 quatenus
972 3630 1077 3696 eidem
1102 3627 1300 3697 Patriarcbc
1330 3637 1364 3698 et
1394 3631 1535 3716 Episcopo

426 3737 579 3805 adbibita
603 3735 667 3804 fide
693 3736 826 3804 credula
851 3759 948 3821 super
974 3737 1048 3820 hiis,
1074 3757 1137 3820 que
1162 3738 1224 3805 tibi
1254 3761 1315 3824 pro
1331 3745 1426 3825 parte
1439 3743 1536 3804 nostra

428 3846 583 3914 duruerint
598 3843 811 3932 explican‘la3
837 3846 959 3912 eisdem
984 3847 1030 3914 sic
1054 3845 1143 3913 circa
1166 3847 1246 3928 illia,
1271 3848 1312 3914 de
1328 3850 1443 3933 quibus
1457 3853 1537 3912 tere

426 3952 569 4038 quirent,
584 3952 726 4019 fideliter
751 3954 887 4020 assistas
913 3958 946 4018 et
970 3959 1130 4037 prompte,
1158 3955 1245 4038 quod
1260 3955 1337 4020 inde
1354 3954 1497 4021 Divinam
1510 3956 1538 4014 ct

423 4057 583 4145 nostram,
599 4061 758 4145 Sedisque
783 4059 976 4146 Apostolice
1002 4061 1143 4144 gratiam
1175 4064 1331 4129 merearis
1348 4062 1473 4128 uberius
1486 4078 1539 4125 non

425 4168 569 4255 indigne.
586 4168 712 4236 Datum
738 4165 909 4234 Avinione.
933 4167 976 4240 V.
1001 4168 1074 4235 idus
1101 4168 1126 4234 J
1128 4173 1255 4237 aunarii
1272 4169 1482 4238 Pontificatus
1495 4186 1540 4234 no

429 4275 492 4341 stri
507 4297 595 4342 anno
611 4281 738 4360 quarto.

537 4383 579 4449 In
595 4383 708 4452 eodem
723 4382 820 4451 modo
837 4380 1095 4471 Archiepiscopo
1111 4384 1281 4471 Coloneus,
1299 4387 1468 4472 Episcopis
1483 4381 1540 4464 lg·

434 4489 535 4556 riensi
550 4489 776 4576 Zagrabiensi,
793 4489 1001 4578 cenadiensi,
1016 4494 1238 4577 Waradiensi,
1253 4493 1412 4580 Vacieusi,
1422 4491 1541 4564 Nicol³0
