3214 5260
606 337 700 399 1352.
1154 333 1219 398 425
1331 339 1334 346 ’

94 512 260 592 pactorum
277 513 427 595 ipsorum
443 510 578 594 aliquod
603 511 741 594 recipiat
756 509 951 578 infrictiouis
968 531 1026 577 seu
1043 512 1222 578 reuocatio·

93 617 139 682 nis
161 616 383 702 dispendium,
407 625 464 686 aut
487 618 552 684 alio
578 616 797 684 innouationis
817 623 1056 698 nocumentum,
1073 626 1123 683 set
1139 623 1172 684 rt
1188 619 1222 684 in

93 724 137 788 sui
152 725 316 806 persistat
334 726 477 793 efficacia
504 725 625 808 debita,
642 745 700 790 nec
715 727 757 792 ab
775 724 846 790 eius
861 726 998 809 perinde
1014 723 1143 791 decidat
1158 731 1221 792 sta·

91 831 211 898 bilitate
227 853 395 902 mansura.
406 834 589 919 Propterea
605 833 647 900 ad
665 832 934 917 supplicationem
951 833 1098 902 iamdicti
1114 829 1221 900 (lomi-

90 941 129 1008 tis
143 939 265 1006 lectam
293 940 444 1008 deuotius
469 941 607 1028 proinde
632 939 721 1025 apud
746 939 887 1024 Regium
911 947 1059 1008 nostrum
1084 923 1221 1008 Culmeu

91 1047 291 1116 declaramus
318 1050 435 1117 barum
461 1052 554 1131 serie,
579 1056 612 1116 et
637 1048 679 1115 de
704 1056 796 1116 certa
819 1055 932 1116 nostm
957 1050 1094 1118 scientia
1115 1047 1222 1115 decla·

8 1215 9 1222 ,
91 1157 189 1222 raudo
206 1156 427 1239 decernimus,
442 1180 483 1224 ac
499 1157 646 1243 apertius
673 1156 854 1224 iudicamus
870 1182 876 1222 :
894 1157 982 1240 quod
997 1159 1116 1241 vigore,
1131 1175 1222 1224 occe-

7 1269 10 1338 j
90 1262 183 1344 none,
200 1264 337 1332 ratione
354 1287 412 1331 seu
427 1285 526 1332 causa
549 1264 631 1332 dicti
656 1270 820 1331 tractatus
845 1270 877 1330 et
894 1264 1074 1347 concordie,
1089 1287 1149 1332 nec
1163 1265 1222 1332 mi·

7 1361 8 1431 i
91 1389 147 1434 nus
163 1375 196 1435 et
211 1371 404 1439 habitorum
420 1378 591 1457 pactorum
607 1374 693 1437 inter
709 1393 777 1451 nos,
792 1376 1004 1454 nostramque
1014 1369 1148 1438 Curiam
1165 1390 1222 1435 seu

6 1489 16 1530 t·
90 1476 168 1545 alios
183 1479 254 1546 rice
282 1487 320 1548 et
345 1482 475 1548 nomina
500 1487 624 1563 nostro,
648 1479 875 1565 prefatumque
901 1477 1095 1559 (terrarium,
1111 1501 1150 1546 ac
1165 1479 1222 1546 ba·

6 1623 8 1670 ς
89 1583 269 1654 bandorum
288 1595 323 1655 et
337 1589 570 1656 firmandorum
586 1588 721 1654 inantea
740 1587 952 1672 quouismcdo
967 1588 1052 1655 dicte
1068 1585 1221 1653 iamfacte

6 1751 8 1786 ‚
91 1689 280 1761 donationis
307 1717 367 1780 per
392 1717 451 1762 nos
477 1694 598 1762 Oomiti
626 1693 816 1779 supradicto
841 1695 881 1761 de
906 1694 1054 1779 predicta
1078 1693 1221 1760 Ciuitate

6 1794 8 1882 ξ
92 1795 210 1866 Sancte
226 1801 364 1883 Marie3
389 1800 511 1869 Oomiti
528 1802 703 1869 donatario
728 1823 768 1867 ac
789 1799 918 1886 juribus
937 1803 1006 1867 eius
1023 1800 1172 1868 omnibus
1187 1805 1222 1867 et

6 1887 8 1992 J
91 1908 295 1986 possessione
312 1910 374 1976 sibi
392 1931 490 1996 super
513 1911 586 1994 ipsa
611 1907 755 1976 Ciuitate
771 1911 857 1976 dicte
871 1908 1057 1976 donationis
1072 1913 1222 1994 pretextu

6 1997 8 2020 '
91 2016 339 2093 quomodolibet
364 2017 621 2101 competentibus
645 2017 769 2084 nullum
785 2017 899 2101 possit,
914 2017 1033 2098 valeat,
1048 2037 1154 2101 neque
1169 2017 1223 2083 de·

93 2118 169 2186 beat
194 2123 415 2206 preiudicium
431 2145 605 2208 generare3
631 2123 807 2208 quinimmo
822 2129 919 2209 pacta
941 2125 1015 2208 ipsa
1045 2144 1222 2206 eorumque

7 2289 8 2294 ,
91 2229 245 2312 quelibet,
274 2231 307 2296 in
333 2237 492 2314 quantum
517 2231 665 2298 effectum
691 2254 747 2299 seu
771 2233 915 2317 uigorem
941 2233 1098 2318 premisse
1113 2239 1222 2300 nosue

6 2417 8 2430 ἵ
92 2331 280 2404 donationis
305 2345 439 2422 possent
464 2360 520 2405 seu
546 2339 694 2404 valerent
720 2339 844 2405 elidere
868 2340 922 2406 uel
946 2339 1029 2406 alias
1056 2361 1223 2422 eneruare,

7 2433 8 2451 *
92 2447 149 2508 aut
163 2446 273 2514 eidem
289 2448 387 2513 modo
413 2469 604 2532 quocunque
628 2447 889 2532 preludicialiter
908 2448 1073 2533 derogare,
1088 2449 1223 2531 eiusque

6 2549 9 2628 ζ
91 2548 203 2619 tollere
229 2556 442 2624 subsistentia
466 2555 665 2640 firmitatem,
688 2575 889 2640 reuocamus,
914 2555 1091 2636 irritamus,
1108 2555 1223 2622 annul·

7 2701 9 2754 ,
92 2654 194 2726 lamus
210 2669 246 2730 et
262 2669 492 2744 retractamus,
518 2665 726 2748 ipsorumque
743 2663 807 2729 vim
824 2669 857 2728 et
872 2661 1052 2729 efficaciam
1071 2660 1222 2747 negando

7 2763 8 2797 ¹
92 2768 220 2845 penitus
236 2791 413 2837 vacuamus
438 2771 479 2836 lu
504 2771 595 2837 cuius
619 2771 666 2836 rei
690 2769 911 2837 testimonium
927 2768 1069 2854 dictique
1085 2768 1223 2836 Comitis

96 2878 258 2944 cautelam
283 2887 450 2964 presentes
477 2879 608 2945 licteras
634 2878 751 2944 exinde
780 2877 850 2963 fierj
868 2885 901 2945 et
915 2877 1134 2963 pendentibus
1149 2877 1223 2945 Ma·

8 3121 10 3166 l
95 3083 245 3176 Sergium
263 3095 385 3161 domiui
402 3093 538 3164 Vrsonis
549 3096 589 3160 de
599 3093 742 3180 Neapoli
758 3095 882 3179 militis,
897 3093 922 3160 J
923 3095 990 3162 uris
1007 3093 1124 3161 Ciuilis
1141 3092 1223 3159 Pro·

8 3192 10 3203 '
94 3191 221 3282 ioioris,
246 3201 370 3286 Magne
388 3201 487 3269 Curio
503 3203 659 3288 Magistri
675 3202 879 3286 Rationales,
895 3200 1223 3286 Viceprotbouotarii

8 3345 11 3382 r
93 3301 199 3392 Regni
227 3307 338 3378 Sicilie
353 3331 439 3376 anno
454 3311 589 3378 Domini
604 3307 830 3377 Mecum
849 3310 903 3376 die
919 3309 965 3376 X.
981 3310 1006 3376 J
1008 3310 1067 3375 ulii
1083 3308 1124 3378 V.
1140 3309 1222 3376 indi·

95 3415 221 3501 ctionis,
236 3418 424 3501 Regnorum
440 3419 545 3485 nostri
562 3418 667 3503 Regis
683 3439 769 3484 anno
786 3417 862 3500 m,
877 3420 985 3484 nostri
1000 3438 1080 3484 uero
1096 3417 1223 3503 Regius

9 3561 11 3587 r
94 3539 177 3592 almo
192 3526 239 3593 X.

282 3670 318 3729 (A
334 3673 470 3738 »Registri
482 3671 634 3742 Angioinir
650 3671 772 3722 emlltett
784 3671 928 3722 atterebat
942 3675 985 3721 44.
998 3671 1029 3733 l.)

10 3931 12 3956 ,
200 3867 249 3956 G)
282 3867 433 3936 Clemens
457 3869 643 3952 Episcopus
667 3873 727 3932 etc.
752 3867 922 3932 carissimo
947 3867 981 3931 in
1006 3863 1139 3930 Christo
1154 3862 1223 3930 filio

10 3959 14 4036 ᾗ
95 3971 259 4044 Ludorico
284 3977 369 4061 Regi
387 3978 532 4062 Vngarie
549 3976 671 4042 illustri
688 3975 828 4041 salutem
845 3979 902 4040 eto.
919 3969 1128 4057 Quemquam
1145 3971 1222 4036 olim

96 4082 128 4148 iu
150 4086 296 4154 aduentu
321 4085 468 4170 priorum
493 4083 697 4149 Nunciorum
723 4089 853 4148 tuorum
881 4079 1165 4161 ordinauissemus,
1190 4083 1223 4144 et

11 4251 14 4262 .
96 4195 260 4261 carissimo
285 4195 319 4259 in
347 4190 477 4259 Obristo
503 4192 569 4256 filio
594 4191 762 4258 Ludouioo
788 4189 874 4274 Regi
900 4187 1010 4254 Sicilie
1030 4185 1152 4253 illustri
1168 4188 1223 4254 de-

11 4283 13 4286 ’
97 4295 250 4368 diseamus
274 4301 458 4386 expressius
483 4299 518 4364 in
544 4298 717 4380 mandatis,
742 4297 832 4382 quod
848 4299 918 4382 ipse
935 4317 1008 4361 curn
1024 4294 1091 4361 illis
1106 4294 1147 4360 de
1164 4316 1221 4361 suo

13 4401 23 4432 ⁷
98 4405 212 4494 Regno
234 4408 355 4492 Sicilie,
379 4409 434 4493 qui
449 4408 511 4474 tibi
528 4413 643 4474 contra
659 4429 732 4473 eum
748 4404 953 4486 adheserant,
968 4403 1222 4485 misericorditer

99 4525 217 4601 ageret,
233 4523 267 4584 et
282 4537 407 4583 omnem
433 4517 588 4583 offensam
606 4522 641 4583 et
657 4515 787 4600 culpam
803 4514 971 4580 remittens
988 4511 1118 4594 eisdem,
1133 4511 1222 4594 ipsos
