3214 5260
379 280 444 344 472
734 293 967 340 onnonncznn
983 281 1152 340 nnrennn.

384 478 459 521 sons
475 456 725 522 instrumentum
741 454 907 538 publicum
924 453 995 518 fieri
1006 475 1064 536 per
1074 451 1250 518 Notarium
1260 452 1495 536 infrascriptum

378 574 410 628 et
426 562 496 628 eins
512 561 603 627 bulla
629 559 785 646 pendenti
812 559 962 643 plumbeo
987 561 1185 624 communiri.
1203 558 1321 626 Actum
1338 562 1371 625 in
1388 559 1500 626 Ducel'

377 671 501 755 palatio
527 669 714 736 Communis
746 667 965 734 Veneciarnm
991 691 1077 733 anno
1108 691 1127 732 e
1160 667 1343 734 Nativitete
1375 670 1504 735 Domini

376 775 594 844 MCCOLVI
611 778 663 844 die
676 777 919 860 quintodecimo
936 777 1055 842 mensis
1068 775 1201 859 Aprilis,
1217 800 1300 842 none
1314 777 1505 856 indictionis,

376 887 591 952 Prescntibns
626 887 775 969 sapiente
803 886 871 950 siro
898 887 1027 952 domino
1058 882 1257 950 Benintendi
1291 884 1505 952 Venecierurn

378 993 594 1073 Cancellario,
631 991 781 1058 Amadeo
807 993 846 1058 de
874 993 1134 1077 Bunguadagnis
1160 999 1193 1059 et
1220 991 1388 1077 Stephano
1413 991 1505 1059 ciera

379 1100 529 1167 Notariis
555 1101 699 1167 eiusdem
714 1101 863 1168 Ducatus
890 1109 923 1167 et
948 1102 1021 1168 eliis
1046 1101 1088 1168 ad
1110 1102 1171 1166 hoc
1187 1103 1309 1166 nocetis
1325 1102 1506 1185 specialiter

380 1216 413 1274 et
429 1210 567 1296 rogatis.

919 1318 991 1400 Ego
1017 1317 1268 1384 Bartholomeus
1285 1317 1325 1383 de
1343 1313 1503 1396 Gellaete,

809 1423 968 1490 Notarius
986 1425 1122 1489 condam
1150 1424 1269 1490 domini
1294 1424 1422 1507 Jacobi,
1447 1425 1508 1491 Pu·

809 1532 913 1598 blicus
922 1531 1091 1616 Imperiali
1103 1533 1297 1597 auctoritate
1307 1533 1467 1598 Notarius
1476 1538 1508 1598 et

457 1641 495 1728 (J
498 1641 610 1724 ogyzdi
623 1641 724 1727 jegy.)
813 1642 963 1706 Ducatus
975 1640 1191 1708 Venecierum
1209 1639 1335 1721 Scriba,
1354 1639 1507 1723 predictis

812 1755 946 1831 rogetus
978 1749 1121 1832 interfui,
1158 1755 1191 1813 et
1229 1747 1343 1813 eadem
1382 1745 1507 1830 prelato

810 1857 963 1922 mandato
975 1857 1054 1921 dicti
1069 1857 1174 1922 incliti
1190 1857 1311 1922 domini
1322 1856 1424 1922 Ducis
1439 1863 1506 1921 tra·

811 1965 889 2044 didi,
904 1967 1019 2050 scripsi
1036 1971 1069 2030 et
1085 1987 1135 2030 me
1153 1965 1340 2049 subscripsi.

489 2069 520 2135 N
523 2076 588 2152 ote,
605 2071 692 2155 quod
708 2071 822 2138 similis
839 2071 1018 2138 sindicatus
1034 2072 1143 2137 lectus
1159 2071 1223 2140 fuit
1238 2072 1272 2137 in
1287 2093 1507 2156 personapre·

381 2179 543 2244 dictorum
560 2176 688 2259 absque
702 2178 804 2244 titulo.

635 2321 774 2382 (Eredetie
788 2339 806 2374 e
818 2323 957 2375 velenozei
970 2338 1045 2389 nagy
1059 2323 1250 2386 levdlbirban.)

913 2631 985 2692 377.

385 2785 412 2851 Α
430 2788 586 2852 oeteoczei
611 2789 890 2875 kdztdrecsn'ponk
916 2813 937 2853 α
962 2790 1231 2876 mcyyororszdpi
1248 2791 1388 2876 dpyekre
1404 2801 1509 2854 sonat·

738 2899 816 2962 kozd
831 2899 1046 2962 batdrozatoi.
1074 2901 1167 2962 1356.

489 3055 589 3125 Anno
604 3057 823 3126 MCCCLVI.
839 3059 891 3124 die
907 3057 1047 3125 XVIII.
1065 3059 1201 3141 Aprilis
1228 3058 1375 3145 Capta
1391 3085 1398 3123 ι
1415 3059 1507 3146 Quod

382 3164 604 3230 committatur
628 3164 908 3232 Ambaxatoribus
934 3167 1055 3233 nostris
1080 3168 1176 3231 ituris
1202 3167 1245 3232 nd
1266 3169 1433 3234 dominum
1449 3167 1511 3232 Re·

383 3292 456 3353 gem
481 3271 662 3356 Hungarie,
687 3273 775 3356 quod
801 3295 873 3337 curn
898 3272 971 3338 Rex
996 3274 1169 3357 Hungarie
1195 3295 1251 3338 seu
1271 3274 1375 3359 aliqui
1389 3275 1508 3342 subditi

384 3380 434 3443 sui
450 3379 593 3444 habeant
609 3401 708 3444 unum
724 3386 876 3462 nepotem
893 3389 926 3446 et
942 3403 1039 3446 unam
1055 3381 1156 3447 filiam
1167 3382 1243 3447 olim
1261 3379 1399 3448 Comitis
1413 3382 1508 3448 Pauli

382 3486 417 3550 in
433 3486 582 3551 manibus
599 3487 666 3551 suis
692 3510 750 3571 pro
776 3489 950 3568 obsidibus,
976 3491 1214 3570 debeant,cun1
1231 3490 1353 3557 fuerint
1368 3491 1506 3574 expediti

384 3592 424 3659 do
440 3591 535 3660 factis
552 3594 627 3659 aliis
644 3597 750 3661 nostri
767 3593 963 3680 Connnnnis,
974 3620 1149 3681 procurare
1166 3607 1199 3664 et
1213 3598 1320 3665 secere
1331 3599 1413 3664 illud
1427 3599 1508 3678 boni,

384 3701 472 3784 quod
496 3707 652 3785 poterunt
676 3725 748 3768 cum
774 3703 898 3770 honore
923 3712 1035 3769 nostro
1061 3728 1121 3789 pro
1147 3707 1353 3772 relaxacione
1388 3705 1508 3790 predic·

383 3816 490 3874 torum
506 3809 567 3875 stb.

490 3915 553 3982 Die
571 3915 610 3984 V.
627 3918 718 3984 Maii.
736 3919 832 4002 Quod
849 3923 1016 3986 occasione
1034 3944 1195 4006 novorum,
1212 3946 1274 4006 que
1289 3924 1451 3990 habentur
1469 3921 1506 3985 de
1599 3983 1601 4004 f

384 4023 568 4106 Hungaria,
595 4033 753 4107 quantum
779 4028 934 4094 velociter
951 4029 1021 4095 fieri
1038 4036 1154 4114 potest,
1170 4031 1361 4114 expedietur
1377 4034 1441 4096 ists
1457 4051 1508 4112 gs·
1599 4111 1601 4138 Ι

384 4132 448 4212 lea,
474 4154 538 4216 que
565 4139 614 4198 est
633 4135 719 4198 itura
734 4133 982 4220 nigropontem,
999 4145 1029 4202 et
1046 4138 1221 4203 mittantur
1238 4140 1279 4203 ad
1297 4137 1508 4222 capitaneum
1599 4149 1601 4200 3

384 4245 533 4304 nostrum
558 4239 769 4325 Paysenatioi
798 4241 976 4326 Sclavenie,
1002 4251 1035 4309 et
1061 4245 1229 4310 soldentnr
1253 4268 1355 4330 usque
1374 4252 1507 4328 quotuor

384 4345 539 4411 bandorio
564 4347 708 4430 peditum
734 4372 806 4414 curn
822 4350 879 4415 illo
895 4352 997 4436 coldo,
1013 4353 1107 4418 firma
1124 4360 1157 4419 et
1173 4352 1425 4433 condicionibus,
1442 4351 1505 4433 qni·

384 4453 444 4520 bue
463 4451 542 4520 facti
560 4452 690 4522 luerunt
715 4457 781 4539 elii,
797 4459 852 4540 qni
869 4459 959 4524 missi
975 4459 1109 4525 fuorunt
1125 4461 1168 4526 ad
1185 4458 1413 4545 Capitoneum.
1440 4459 1506 4545 Qne
1599 4555 1601 4568 A

1594 4891 1601 5041 l
