3108 5246
593 363 689 428 1350.

606 669 680 732 aar.
794 646 798 666 '

80 833 204 898 Dasea
226 831 338 898 Istron
363 829 502 896 ambici
527 833 603 894 crde·
619 831 652 894 es
669 829 783 894 lrtcdn
798 828 943 894 ὁοειηὶαἰ
958 829 1022 894 ba'a
1038 828 1108 894 lebat
1125 852 1146 894 a
1163 827 1211 894 ki-

398 937 583 1026 epyeakedes
597 961 669 1004 aem
685 935 818 1003 aiker'ltl.
835 933 932 1002 1350.

186 1099 285 1165 Anno
310 1095 477 1164 Medea
503 1097 678 1164 indictione
704 1096 766 1164 IV.
789 1096 842 1162 die
867 1093 1043 1167 XXVIII.
1065 1093 1212 1182 Septem·
1250 1149 1254 1162 .

79 1205 157 1271 bris
173 1203 334 1290 Capta:
352 1201 435 1270 Cum
444 1224 503 1288 per
517 1203 648 1270 litteras
664 1201 925 1270 Ambaxatorum
936 1209 1126 1272 nostrorum
1135 1207 1212 1272 mis·

81 1332 189 1378 sorum
213 1312 257 1378 ad
281 1310 409 1396 Regem
433 1309 540 1376 Raxie
565 1316 598 1375 et
620 1309 751 1376 Bonum
766 1308 906 1379 Bossine
921 1309 1106 1394 habuimus,
1121 1312 1211 1398 quod

81 1419 169 1486 nullo
195 1417 292 1486 modo
318 1419 358 1485 de
374 1418 550 1485 concordio
574 1419 662 1484 inter
678 1423 791 1503 partes
807 1424 949 1503 sperant,
965 1422 999 1482 et
1015 1419 1104 1501 quod
1119 1440 1211 1488 mora

80 1549 138 1593 sua
163 1534 214 1594 est
238 1548 310 1594 cnm
327 1528 474 1613 expensis
489 1527 638 1595 maximis
654 1532 689 1594 et
703 1527 738 1591 in
753 1526 859 1592 minus
875 1525 1007 1592 honoris
1024 1528 1129 1594 nostri
1144 1527 1212 1595 Do·

80 1636 188 1702 minii:
214 1636 309 1704 radit
332 1657 418 1721 para,
442 1634 532 1718 quod
557 1634 756 1702 rescribatur
784 1633 881 1700 dictis
907 1631 1212 1717 Ambarmtoribus,

81 1743 167 1827 quod
183 1745 323 1810 libenter
339 1742 560 1827 voluissemus,
577 1743 667 1826 quod
682 1741 796 1826 aliqua
812 1741 1003 1826 compositio
1019 1741 1108 1810 facta
1124 1750 1211 1809 esset

84 1850 290 1918 interdictas
305 1855 426 1936 partes,
441 1855 479 1917 ut
495 1854 679 1918 cessassent
694 1869 823 1914 errores
839 1855 872 1914 et
882 1847 1135 1915 scaudalainter
1145 1871 1210 1915 eos.

80 1957 147 2026 Sed
171 1958 340 2026 intellecto
364 1963 477 2025 tenore
501 1959 687 2025 litterarum
713 1979 854 2040 suarum,
871 1957 1066 2024 confidentes
1082 1957 1123 2023 de
1137 1977 1211 2041 prc-

83 2067 229 2134 ridentia
243 2086 313 2149 sua,
328 2066 542 2150 relinquimus
558 2068 592 2131 in
608 2064 801 2132 discretione
817 2054 850 2130 et
866 2066 1003 2132 arbitrio
1020 2086 1088 2149 suo,
1104 2063 1132 2130 si
1154 2085 1213 2149 per

80 2196 127 2258 ea,
154 2195 218 2258 que
243 2173 428 2256 habuerint,
453 2173 602 2241 riderent
626 2195 722 2258 posse
744 2195 923 2258 procurare
939 2171 1075 2257 aliquod
1091 2171 1212 2240 bonum

78 2283 165 2349 inter
190 2283 280 2367 ipsas
305 2287 418 2366 partes
443 2282 541 2349 eundi
566 2288 599 2349 et
624 2281 776 2363 faciendi,
802 2283 887 2349 sicut
909 2281 956 2348 eis
972 2280 1135 2348 ridebitur
1151 2302 1212 2364 pro

79 2393 204 2457 bonore
227 2395 349 2456 nostro.
377 2389 424 2457 ut
448 2391 476 2455 si
490 2390 656 2457 rideretur
673 2391 728 2474 eis,
745 2388 834 2472 quod
849 2409 943 2455 mora
959 2407 1070 2456 eorum
1084 2409 1149 2454 non
1164 2409 1212 2453 es·

80 2505 131 2564 set
147 2501 341 2584 opportuna,
357 2504 389 2565 et
407 2497 493 2580 quod
509 2497 599 2565 dicta
613 2504 728 2566 nostra
753 2497 891 2564 intentio
913 2494 985 2566 fieri
1000 2517 1057 2564 seu
1072 2495 1212 2564 obtineri

78 2628 145 2673 non
170 2606 296 2692 possit:
320 2605 477 2686 volumus,
493 2606 589 2690 quod,
612 2604 884 2673 recommendatis
900 2604 1062 2672 instanter
1079 2604 1209 2671 dominc

78 2713 164 2797 Regi
190 2713 299 2781 Raxie
313 2714 412 2780 terris
436 2719 471 2780 et
485 2713 566 2781 locis
582 2715 704 2780 nostris
720 2719 755 2780 et
771 2713 917 2779 omnium
934 2711 1139 2780 subditorum
1154 2735 1210 2780 nc·

4 2897 5 2900 ¹
79 2827 222 2889 suorum
239 2841 312 2887 cum
327 2820 434 2888 verbis
451 2821 648 2907 decentibus,
664 2827 696 2888 et
716 2827 847 2906 accepto
871 2822 1054 2887 commeatu
1070 2818 1212 2896 decenti,

4 2983 6 2988 -
80 2930 240 3002 Venetias
255 2934 469 2997 revertantur.

188 3076 227 3138 (A
242 3075 352 3126 ›Misti‹
367 3075 459 3126 czimtl
473 3075 611 3128 veleuczei
625 3075 805 3140 mbmkonyv
818 3073 921 3126 XXVI.
935 3071 1090 3132 kotetenol)

569 3222 678 3230 ¹-..--—..

616 3382 689 3443 322.

4 3633 6 3638 ,
81 3549 110 3610 A
125 3544 236 3610 arna-r·
251 3543 532 3643 kdctdrsoadpnck
549 3567 570 3607 α
588 3543 734 3612 dorcacai
751 3542 1026 3634 koenrenytarccr
1041 3564 1062 3604 a
1079 3537 1213 3602 Sicilie-

215 3651 263 3716 tol
280 3649 453 3716 cicazotdrd
469 3649 495 3714 Ι.
512 3650 612 3734 Lajos
628 3673 768 3737 mappae
785 3649 962 3736 kircr'lprol.
986 3649 1083 3714 1350.

230 3811 233 3818 ’
303 3807 508 3876 Senensibus.

190 3918 294 4001 Regis
311 3917 484 4001 Hungarie
502 3938 667 3984 accessum
685 3916 728 3982 ad
745 3914 858 3981 urbem
874 3914 990 3980 diebus
1007 3914 1124 3997 elapsis
1142 3935 1213 3999 pre-

84 4026 246 4106 scirimus,
262 4046 326 4090 non
352 4044 391 4090 ea
417 4023 456 4090 de
482 4045 548 4107 qua
574 4023 718 4090 scribitis
736 4021 855 4088 militia
872 4022 1001 4099 sotiati;
1025 4027 1214 4106 preterque

85 4135 131 4201 nil
148 4131 240 4200 aliud
265 4133 305 4199 de
331 4133 399 4198 eius
426 4131 620 4198 assumendo
636 4131 753 4198 itinera
769 4131 820 4197 rel
837 4131 1016 4196 intentione
1034 4151 1093 4195 sua
1108 4132 1209 4214 potui·

86 4265 155 4309 mus
181 4242 351 4327 indagare
374 4240 426 4308 De
444 4243 563 4324 quibus
580 4243 608 4306 si
624 4263 681 4306 nos
701 4240 874 4325 contigerit
893 4237 1005 4324 aliqua
1021 4239 1140 4306 sentire
1155 4239 1214 4307 im·

85 4356 261 4435 posterum,
276 4355 383 4416 vestre
398 4369 476 4416 care
491 4348 632 4416 amicitie
644 4352 757 4415 notum
767 4346 833 4414 fiet.
843 4347 1003 4414 Preterea
1018 4347 1215 4432 armigeram

87 4458 269 4542 potentiam
284 4479 344 4542 pro
359 4457 478 4525 vestris
493 4457 623 4543 placitis
638 4464 785 4525 tenemus
796 4456 925 4522 assidue
935 4462 1143 4542 preparatam
1160 4477 1215 4541 op·

89 4567 238 4651 portunis
263 4565 393 4635 casibus
418 4573 575 4652 quantum
600 4568 663 4634 erit
688 4565 864 4651 expediens
881 4583 1097 4651 occursuram,
1112 4563 1215 4630 teneri
