3220 5248
1002 9 1014 20 Ω
1099 28 1103 42 .
1157 20 1164 33 Ι,
1209 22 1236 27 -—-

1336 102 1392 120 ι..

957 132 967 140 .

400 389 465 456 546
757 401 991 454 nterrouecmev
1007 391 1176 492 enixus:

399 587 536 650 cumque
560 571 619 632 aut
642 587 701 651 per
725 565 894 632 dominum
919 565 1055 652 Regem,
1079 573 1138 633 aut
1152 585 1211 649 per
1226 564 1332 649 ipsum
1350 562 1531 648 snperipsa

399 675 537 740 materia
547 673 702 742 Dominio
711 673 833 744 Vestro
849 675 1083 757 scriberentur,
1099 673 1187 757 quod
1202 674 1288 738 vices
1303 679 1428 739 vestres
1443 669 1533 755 apud

400 782 526 850 dictum
552 801 604 848 ser
619 782 788 849 Marinum
804 781 1067 866 interponeretis,
1082 788 1115 847 et
1131 786 1321 866 possetenus
1337 778 1534 846 induceretis

399 910 474 954 eum
503 888 549 954 ad
578 887 701 956 eisdem
730 889 1005 974 complacendum.
1022 886 1091 954 Sed
1121 885 1270 953 dominus
1289 886 1365 952 Rex
1395 891 1428 952 et
1456 886 1536 969 ipse,

399 995 565 1081 loquendo
590 1017 663 1064 cum
688 997 776 1063 omni
802 996 1000 1077 reverencia,
1026 995 1191 1064 debebant
1215 995 1431 1076 considerare,
1445 993 1536 1079 quod

400 1103 532 1188 quando
564 1101 650 1170 dicte
679 1103 902 1188 possessiones
934 1103 1125 1170 devenerint
1156 1101 1199 1170 ad
1229 1123 1345 1168 manus
1377 1099 1455 1168 dicti
1480 1121 1536 1166 ser

400 1209 534 1291 Marini,
558 1232 613 1277 res
637 1218 734 1278 erant
749 1213 784 1278 in
799 1214 954 1297 centuplo
969 1211 1098 1278 meliori
1114 1211 1197 1294 soro,
1212 1232 1314 1296 quem
1330 1231 1417 1277 nunc
1431 1215 1536 1290 erant,

400 1318 489 1403 quod
512 1317 686 1404 diruynste
706 1326 740 1386 et
755 1318 926 1386 devastate
942 1325 977 1386 et
991 1325 1107 1404 postea
1122 1316 1347 1403 centumplum
1363 1317 1535 1383 meliorste

399 1431 470 1492 tem
493 1425 529 1492 in
553 1423 775 1494 hedilficando
802 1425 916 1493 domus
943 1425 983 1492 de
1009 1446 1093 1494 novo
1109 1430 1144 1493 et
1158 1426 1373 1507 mollendina,
1389 1445 1486 1508 quem
1501 1423 1536 1487 in

403 1531 588 1616 reparando
614 1538 648 1599 et
671 1529 926 1601 rebedifficendo
949 1534 1056 1600 multe
1080 1532 1147 1600 elia
1172 1533 1268 1599 utilia
1282 1539 1316 1598 et
1333 1531 1536 1597 necessariei

401 1660 442 1706 ec
466 1640 570 1706 eciem
595 1638 760 1709 debebant
786 1640 995 1708 considerare
1014 1640 1145 1708 labores
1161 1648 1194 1707 et
1210 1660 1372 1726 expensas
1388 1638 1541 1704 intolera-

401 1746 484 1814 biles
510 1768 595 1832 sues,
620 1750 747 1833 etquis
762 1749 852 1817 istud
868 1756 939 1818 eret
954 1749 1130 1832 modicum,
1148 1749 1237 1836 quod
1251 1749 1298 1814 eis
1314 1747 1430 1832 pocius
1445 1746 1538 1812 debe·

400 1856 482 1923 bent
512 1855 700 1940 prospicere
731 1877 791 1942 pro
822 1856 946 1925 honore
976 1877 1035 1924 suo
1062 1858 1106 1924 ad
1137 1855 1334 1924 solvendum
1366 1877 1426 1922 eas
1456 1855 1538 1920 iusto

401 1964 521 2050 precio,
547 1987 647 2049 quem
671 1965 768 2033 aliter
792 1967 969 2052 procedere
994 1967 1028 2033 in
1053 1987 1140 2050 casu,
1171 1987 1235 2052 quo
1257 1971 1348 2033 esset
1363 1963 1538 2049 dispositus

404 2072 573 2141 vendendi
597 2073 645 2142 Et
670 2074 717 2141 sic
742 2083 970 2144 remanserunt
984 2075 1087 2143 verba
1100 2075 1173 2142 iste.
1190 2073 1384 2160 Postquam,
1399 2072 1539 2140 Domine

403 2181 457 2263 mi,
488 2179 573 2247 dixit
603 2182 705 2248 eciem
735 2182 844 2264 michi,
860 2183 948 2267 quod
966 2183 1032 2250 iste
1060 2183 1128 2249 elie
1159 2181 1261 2250 verbe
1291 2203 1352 2248 sue
1385 2179 1540 2246 Dominio

404 2285 527 2373 Vestro
553 2287 752 2373 denoterem,
777 2297 810 2358 et
835 2290 923 2376 quod
947 2311 1046 2376 penes
1075 2311 1148 2358 enm
1176 2296 1285 2356 essent
1311 2288 1540 2368 secretissime,

412 2395 537 2464 scilieet
547 2397 643 2483 quod,
655 2399 1072 2468 sieutseiebetDominacio
1082 2399 1214 2481 Vestro,
1231 2397 1459 2484 ipsebabebet
1477 2395 1539 2462 duo

406 2501 524 2590 Regna
547 2506 592 2573 ad
615 2505 871 2591 gubernandum,
895 2507 1046 2574 videlicet
1061 2507 1265 2576 Delmatiam
1281 2513 1314 2572 et
1330 2503 1539 2586 Orchaeiam,

405 2613 466 2680 sub
492 2613 611 2697 quibus
637 2621 732 2683 erent
755 2615 828 2684 loce
851 2624 885 2684 et
909 2622 1022 2702 gentes
1047 2617 1082 2682 in
1106 2617 1299 2701 quantitate,
1314 2620 1350 2681 et
1364 2636 1422 2680 vos
1439 2617 1539 2680 eciem

405 2719 579 2790 habebatis
604 2722 676 2790 loce
700 2734 734 2789 et
758 2730 872 2809 gentes
896 2725 931 2792 in
957 2725 1151 2809 quantitate,
1175 2723 1233 2809 qui
1257 2723 1345 2789 forte
1371 2743 1438 2788 non
1467 2729 1539 2788 sunt

407 2829 504 2896 unius
520 2828 667 2897 eiusdem
682 2830 774 2914 velle,
789 2832 868 2899 licet
876 2832 943 2899 sint
951 2831 1172 2917 Principetus;
1187 2837 1298 2898 temen
1313 2831 1461 2916 rogabat
1478 2851 1540 2909 vce,

405 2937 496 3021 quod
527 2938 800 3022 quandocumque
830 2938 942 3024 ulique
970 2941 1099 3006 novitas
1130 2937 1331 3005 vestratibus
1363 2958 1426 3022 per
1469 2957 1540 3004 snos

403 3045 656 3132 impenderetur,
666 3047 754 3132 quod
770 3067 828 3132 per
842 3046 1001 3117 Vestrum
1014 3047 1208 3114 Dominium
1223 3045 1287 3112 sibi
1302 3043 1540 3132 notificaretu13

403 3176 481 3221 nem
506 3175 566 3239 per
589 3176 664 3223 eum
678 3155 913 3224 reformeretur
928 3155 1105 3222 secundum
1122 3154 1260 3223 formam
1275 3154 1378 3238 pacis,
1394 3153 1482 3238 quie
1497 3157 1541 3219 eet

408 3261 587 3348 dispositus
603 3285 675 3330 eem
686 3263 919 3333 inviolebiliter
936 3263 1121 3347 observare,
1136 3269 1170 3330 et
1185 3262 1278 3329 vobis
1294 3269 1329 3328 et
1343 3263 1540 3330 vest-retibus

411 3390 485 3436 curn
511 3369 635 3438 honore
662 3371 711 3439 sui
726 3370 859 3438 Domini
885 3377 919 3439 et
943 3393 1001 3438 suo
1025 3373 1060 3438 in
1079 3371 1230 3438 omnibus
1246 3370 1476 3454 complacere3
1493 3371 1538 3437 cui
1582 3373 1583 3380 ’

405 3476 546 3547 Domine
570 3479 624 3564 mi,
642 3483 846 3565 regraciatus
864 3478 921 3562 fui,
936 3488 974 3548 ut
990 3480 1109 3563 decuit,
1125 3503 1200 3548 cum
1215 3479 1325 3548 verbis
1341 3479 1541 3546 honorabili

405 3588 466 3654 bus
487 3593 522 3654 et
545 3586 690 3655 honestis
714 3595 882 3674 tamquam
897 3588 1046 3658 Nuncius
1064 3593 1192 3670 vester3
1213 3587 1271 3654 sed
1287 3591 1450 3672 tenquem
1467 3587 1541 3654 Ber·

405 3692 588 3762 tholomeus
604 3716 676 3762 cum
693 3698 781 3763 omni
799 3697 983 3763 reverentia
999 3695 1181 3762 domestice
1198 3694 1348 3762 dicebam
1365 3695 1441 3779 sibi,
1458 3694 1537 3781 qued

406 3801 580 3870 secundum
598 3805 739 3888 primum
755 3805 859 3872 visum
876 3806 1113 3889 unusquisque,
1135 3804 1192 3890 qni
1207 3804 1270 3870 hec
1286 3803 1428 3884 audiret,
1445 3803 1537 3870 babel

406 3930 537 3977 causam
562 3911 868 3993 admiracionis,·ne
893 3911 978 3978 forte
1003 3912 1142 3994 aliquod
1167 3911 1290 3978 lectum
1308 3919 1398 3978 esset
1411 3914 1467 3979 vel
1483 3912 1537 3978 lec

407 4023 536 4102 turum;
562 4018 619 4104 qui
634 4021 812 4106 respoudit,
829 4020 916 4106 quod
932 4020 1147 4089 nondicebat
1164 4042 1224 4105 pro
1240 4041 1286 4108 eo,
1304 4020 1394 4106 quod
1409 4017 1536 4107 aliquod

407 4123 529 4193 fectum
554 4134 642 4194 esset
664 4129 716 4196 vel
740 4126 913 4211 lecturum,
937 4128 1027 4214 quod
1053 4128 1181 4210 scriret,
1210 4136 1261 4195 set
1287 4127 1536 4196 solummodosi

408 4231 467 4302 fiet
493 4242 526 4301 et
542 4235 651 4302 edbuc
666 4236 694 4302 si
708 4243 795 4304 esset
809 4235 933 4304 sactum
948 4258 1009 4322 per
1023 4235 1153 4322 aliquos
1168 4237 1259 4322 elios,
1271 4257 1371 4320 quem
1388 4258 1452 4322 per
1468 4257 1533 4304 soce

409 4341 560 4410 subditos
586 4351 678 4411 extra
704 4366 798 4412 suum
814 4346 980 4432 regimem,
994 4351 1121 4414 teneret
1134 4344 1275 4428 modum,
1300 4345 1390 4428 quod
1416 4347 1534 4413 omnine

408 4447 652 4535 reformaretur,
677 4459 711 4519 et
734 4476 795 4539 pro
820 4459 915 4522 tauto
941 4452 1081 4521 dicebat.
1106 4452 1247 4520 Domine
1273 4454 1327 4536 mi,
1349 4453 1438 4519 sicut
1455 4454 1533 4534 dixit

414 4559 463 4625 ite
494 4560 610 4627 scribo.
639 4561 779 4646 Insuper
810 4563 952 4631 Domine
983 4564 1036 4648 mi,
1067 4569 1104 4628 ut
1135 4561 1390 4646 Magnificencia
1420 4560 1532 4634 Vester
