3110 5248
548 323 643 384 1348.
1098 325 1161 388 315

1 527 2 532 ¹
145 497 184 563 In
208 497 331 564 Christi
356 499 484 564 nomine
510 496 626 564 Amen.
652 495 754 564 Anno
781 496 976 564 Natiuitatis
1018 499 1161 566 eiusdem

1 683 2 689 ἵ
56 601 325 675 Mcccxhvm.
350 605 527 672 indictione
551 606 659 690 prima
684 605 737 669 dis
762 605 881 671 Martis
899 605 940 676 V.
956 609 1077 673 mensis
1093 603 1164 672 Au·
1234 689 1236 696 Ι

1 723 2 772 3
55 715 126 795 gusti
150 713 295 780 Veueciis
320 715 355 779 in
385 719 535 780 contrata
567 711 681 780 Sancti
711 712 819 778 Marci
845 715 906 781 stb.
922 711 1165 794 (kbvetkerika

1 833 2 916 ᾗ
55 817 279 905 fegyrersztmet
294 821 491 907 iinnepelyes
506 822 667 906 okmanya
683 821 767 886 mint
782 820 821 885 F.
837 820 946 906 alatt)

1 994 2 1011 ,
145 926 176 992 N
180 948 214 993 os
238 929 426 994 Ludoricus
451 928 611 1012 premissa
634 927 699 994 Dei
724 927 837 1011 gracia
867 927 940 992 Rex
964 931 1166 1014 proscriptus

1 1029 2 1123 i
55 1055 108 1100 una
134 1056 200 1102 cum
231 1036 350 1120 viginti
379 1035 569 1102 Beronibus
599 1035 821 1120 infrascriptis
847 1034 887 1100 de
905 1034 1107 1120 dignioribus
1133 1044 1166 1104 et

54 1145 142 1224 mags
156 1144 332 1228 prepositis
348 1143 457 1228 Regni
474 1144 579 1211 nostri
596 1143 749 1228 negociis,
761 1143 940 1228 juravimus
950 1147 1167 1228 corporaliter

1 1302 3 1369 5
55 1252 138 1317 tactis
151 1248 257 1318 Sacris
273 1249 468 1339 Scripturis,
484 1259 516 1316 et
528 1251 744 1337 jurejurando
760 1251 960 1317 firmauimus
976 1254 1168 1337 etpromisi·

54 1381 113 1424 mus
127 1359 275 1425 Nicoleto
293 1360 334 1426 de
349 1359 535 1428 Lambertis
552 1357 705 1446 SyndicO,
722 1367 756 1426 et
766 1360 980 1426 Procuratori
995 1367 1027 1427 et
1037 1360 1166 1429 Nunoio

54 1467 177 1534 eiusdem
200 1467 316 1544 Incliti
345 1469 449 1535 Ducis
466 1474 499 1534 et
515 1467 767 1535 Commuuitatis
792 1467 938 1552 predicte
954 1469 1073 1535 adhoc
1088 1470 1168 1557 Syn·

53 1575 178 1642 dicatum
208 1575 252 1641 ab
284 1576 332 1641 eis
365 1583 399 1642 ct
429 1576 563 1661 plenum
587 1575 779 1642 mandatum
804 1575 947 1658 habenti,
973 1583 1006 1642 et
1030 1579 1167 1663 proinde

53 1683 136 1748 nisso
149 1683 191 1750 ad
206 1683 410 1767 presentiam
427 1682 549 1749 Nostra
575 1682 779 1764 Serenitatis,
810 1682 939 1750 easdem
965 1687 1169 1771 compositio·

53 1813 106 1872 nes,
128 1799 281 1877 treuguas
309 1799 343 1859 et
359 1793 552 1860 concordias
568 1792 690 1873 firmas,
705 1799 806 1875 ratas,
823 1799 857 1857 et
872 1799 985 1879 gratas
997 1793 1118 1862 habere
1135 1801 1168 1861 et

54 1905 157 1984 tenue,
167 1906 201 1966 et
216 1899 336 1967 haberi
351 1899 459 1966 facere
475 1906 508 1967 et
524 1901 629 1965 teneri
644 1920 704 1984 per
720 1904 854 1965 cunctos
871 1901 1082 1967 etunisorsos
1097 1924 1170 1968 nos·

53 2013 110 2073 tros
124 2005 271 2074 subditos
305 2012 339 2073 et
365 2007 487 2090 fideles,
512 2030 550 2074 ac
576 2029 696 2092 omnes,
713 2008 769 2092 qui
786 2008 1015 2092 quoquomodo
1031 2007 1170 2078 fuissent

1 2174 3 2218 7
52 2119 79 2178 et
91 2121 190 2180 essent
204 2113 416 2200 favorabiles,
433 2113 632 2198 obedientes,
648 2114 699 2182 vel
716 2136 872 2199 sequaces
888 2112 1012 2182 Nostra
1024 2115 1168 2184 Olemen·

1 2223 2 2290 t
52 2222 97 2302 tie,
127 2245 164 2289 ac
187 2223 315 2290 eisdem
339 2224 496 2310 treuguis,
523 2222 815 2309 composicionibns
841 2230 875 2289 et
899 2224 1082 2290 concordiis
1106 2247 1171 2292 non

51 2332 265 2400 contrafacere
287 2333 338 2400 rel
363 2334 482 2418 venire,
505 2355 564 2400 neo
580 2333 768 2400 oontrafieri
792 2333 842 2400 vel
866 2333 973 2400 veniri
987 2333 1095 2402 facere
1111 2355 1171 2418 per

1 2458 2 2466 ¹
38 2440 201 2522 ,predictos
217 2443 272 2508 vel
287 2443 429 2525 aliquem
457 2444 678 2528 predictorum
704 2447 737 2508 et
761 2442 1046 2526 infrascriptorum
1079 2443 1172 2511 nobis

50 2547 183 2614 fidelium
216 2549 324 2616 eciam
355 2550 468 2634 aliqua
498 2551 630 2618 racione
655 2549 705 2616 vel
731 2571 839 2632 causa,
863 2549 991 2617 directa
1015 2551 1067 2618 vel
1090 2551 1173 2618 indi·

51 2662 138 2737 recta,
154 2664 213 2724 ant
229 2658 309 2724 dolo
334 2659 420 2726 malo
446 2661 498 2724 rel
514 2658 639 2740 fraude,
663 2659 771 2742 potius
788 2679 843 2724 eas
858 2659 1103 2742 inviolabiliter,
1118 2681 1167 2724 ve·

50 2765 201 2830 reciteret
218 2787 303 2849 pure
320 2764 492 2832 observare
508 2766 728 2850 promittimus
744 2771 778 2830 et
794 2765 966 2831 attendere
976 2766 1174 2848 inconcusse,

1 2863 3 2934 f
49 2891 81 2935 ac
88 2873 225 2954 attendi,
237 2874 408 2941 observari
424 2880 457 2940 et
472 2873 579 2941 facere
595 2894 698 2957 usque
715 2873 758 2938 ad
774 2878 902 2958 tempus
918 2881 1169 2956 comannorum,

1 3057 3 3081 ,
50 2978 126 3045 siout
139 3001 198 3065 per
216 2981 350 3046 eosdem
367 2979 538 3066 syndicos,
554 2979 807 3046 Ambaxiatores
824 2988 857 3046 et
881 2979 1028 3047 Nuncios
1044 2989 1077 3047 et
1093 2982 1175 3048 Pro·

1 3084 2 3178 J
49 3092 211 3154 miratores
226 3089 374 3170 partium
390 3087 613 3173 predictarum
628 3094 780 3169 tractate,
805 3088 992 3171 composite,
1016 3089 1175 3173 promisse

49 3200 78 3259 et
91 3194 256 3262 ratificate
280 3194 423 3274 suerunt,
453 3201 486 3260 et
512 3194 688 3260 secundum
713 3195 851 3260 formam
882 3201 915 3261 et
940 3195 1175 3262 continentiam

1 3283 3 3291 ⁸
48 3301 181 3385 predicti
206 3303 419 3368 instrumenti
444 3302 559 3368 exinde
585 3300 733 3383 confecti,
759 3301 799 3368 de
824 3323 888 3386 quo
914 3324 1014 3388 supra
1041 3302 1177 3370 fecimus

1 3402 3 3473 ἕ
48 3412 252 3478 mentionem.
285 3411 429 3480 Nomina
459 3417 569 3477 autem
601 3409 770 3476 Beronum
796 3416 828 3476 et
855 3409 1035 3478 Procerum
1068 3411 1176 3494 Regni

1 3489 3 3581 i
48 3521 156 3600 nostri,
187 3520 231 3586 de
264 3519 381 3604 quibus
413 3542 514 3605 supra
537 3518 664 3585 faciunt
706 3527 876 3604 presentes
917 3528 1031 3589 nostre
1061 3521 1175 3587 littere

1 3667 2 3705 2
48 3630 246 3695 mencionem
263 3636 337 3696 sunt
362 3629 431 3712 hec,
447 3627 615 3695 videcilet:
631 3628 791 3694 Dominus
815 3627 975 3696 Nicolaus
1001 3628 1175 3696 Palatinus

1 3726 2 3729 ¹
49 3733 151 3818 Regni
177 3735 353 3821 Hungarie
393 3737 532 3820 predicti
558 3743 591 3803 et
615 3735 725 3802 Judex
757 3735 988 3820 Cumanorum,
1029 3735 1178 3802 dominus

1 3867 2 3870 ¹
50 3841 237 3926 Stephanus
253 3843 419 3929 Wajroda
435 3843 670 3910 Transilranus
686 3851 719 3909 et
736 3841 852 3909 Comes
868 3845 909 3910 de
924 3842 1062 3926 Zolnok,
1079 3843 1179 3910 domi·

49 3969 105 4016 nus
132 3952 300 4020 Oliserius
324 3950 489 4038 Magister
515 3950 751 4018 Tsvarniorum
783 3958 972 4018 nostrorum
996 3951 1178 4036 Regalium,
1302 3979 1312 3992 ·

49 4059 124 4126 item
150 4060 303 4129 dominus
317 4059 490 4128 Johaunes
506 4059 653 4126 Ecclesia
678 4061 945 4144 wesprimiensis
971 4065 1005 4127 et
1029 4059 1179 4126 domiuus

1 4175 2 4181 ’
50 4163 208 4236 Nicotaus
223 4167 373 4236 Ecclesia
388 4167 568 4234 Nitriensis
584 4168 691 4234 Electi
707 4169 899 4251 confirmati,
915 4169 1063 4235 dominus
1079 4168 1179 4236 Tata-

52 4276 171 4342 merins
182 4277 377 4360 Propositus
387 4277 533 4344 Ecclesia
543 4273 701 4343 Albensis
723 4277 811 4344 Aule
821 4283 934 4345 nostre
944 4275 1191 4345 Vicelancella·'

51 4383 127 4463 rius,
152 4383 280 4450 Paulus
306 4384 469 4468 Magister
494 4383 753 4452 Tauarnicorum
784 4384 1004 4470 Reginalium,
1019 4385 1179 4450 Dominus

52 4486 209 4556 Nicotaus
234 4489 373 4560 Tmarus
398 4491 559 4576 Magister
585 4493 823 4559 Pinoernarum
849 4498 1034 4558 nostrorum
1060 4490 1179 4558 Comes
