3214 5260
94 561 296 628 naturaliter
321 562 446 628 subditi
471 562 573 648 ipsius
590 565 712 630 domini
729 565 841 649 Regis,
866 572 1025 652 tanquam
1041 571 1111 636 eius
1128 571 1233 653 regni—

96 668 165 734 oole
181 671 246 753 ipsi
263 670 395 737 domino
411 671 496 756 Regi
507 679 712 752 remaneant3
730 675 879 756 quamuis
896 676 1063 758 disrobeti‚
1079 685 1113 743 vt
1125 699 1233 762 supra,

8 856 14 875 Ι
93 775 233 860 Reliqui
258 800 336 844 uero
363 800 483 864 omnes,
508 786 578 846 tam
601 778 722 849 Veneti
738 803 837 866 quam
856 783 1060 867 stipendiarii
1076 786 1144 871 alij,
1161 787 1232 872 qui·

7 879 15 963 '‚
95 908 237 972 cumque
260 889 385 955 inuenti
410 910 465 955 seu
491 889 590 972 capti,
615 895 649 954 rt
666 909 775 974 supra,
790 892 824 955 in
840 892 937 958 dictis
953 893 1031 959 locis
1047 894 1228 976 Dalmacie,

93 997 163 1059 sint
187 999 222 1059 et
245 1016 316 1060 esse
341 993 568 1081 intelligantur
592 1003 626 1061 et
653 997 794 1064 debeant
819 1002 979 1066 carcerati
994 1008 1027 1067 et
1043 1003 1167 1087 captiui
1184 1003 1230 1086 ip·

7 1146 16 1157 -
93 1105 162 1168 sius
188 1102 315 1166 domini
339 1100 444 1169 Ducis
470 1111 503 1170 et
521 1104 708 1170 Communis
727 1105 751 1172 J
753 1127 846 1172 anne.
863 1107 1055 1190 Proprietas
1070 1116 1180 1184 tamen
1197 1114 1231 1174 et

7 1268 12 1291 ,
93 1210 277 1275 dominium
302 1209 463 1276 dictorum
489 1212 634 1277 locorum
658 1212 700 1277 ad
718 1211 840 1278 dictum
858 1213 1023 1280 dominum
1040 1215 1165 1301 Regem
1182 1239 1232 1284 re·

7 1316 16 1397 ζ·
92 1325 252 1384 maneant
277 1324 311 1382 et
335 1321 522 1402 pertineant
546 1319 642 1404 pleno
667 1320 746 1401 iure,
771 1323 1046 1406 quemadmodum
1070 1345 1141 1392 esse
1157 1347 1232 1389 oon-

7 1472 10 1504 e
92 1435 273 1494 sueverunt
300 1426 343 1494 ab
368 1431 514 1511 antiquo.
532 1427 569 1495 Si
586 1451 663 1496 uero
679 1430 768 1496 dicta
784 1412 876 1513 locas
892 1432 1047 1499 ciuitates
1063 1441 1096 1499 et
1112 1441 1231 1516 cetera,

7 1592 10 1607 .
93 1543 127 1602 rt
156 1557 268 1619 supra,
284 1536 448 1618 acquisita
472 1558 532 1620 per
547 1535 731 1602 Junuenses
748 1539 817 1602 sine
834 1539 998 1605 iuuamine
1014 1541 1093 1606 dicti
1109 1541 1231 1608 domini

7 1690 15 1716 2
92 1645 210 1730 Regis,
236 1665 301 1710 non
326 1653 435 1711 essent
458 1646 493 1710 in
519 1647 605 1710 (licto
632 1642 748 1730 Regno
770 1644 951 1731 Dalmacie,
977 1651 1077 1714 etiam
1093 1671 1154 1733 que
1170 1671 1230 1734 per

5 1808 10 1817 .
91 1755 202 1838 ipsum
219 1749 346 1818 Ducem
361 1759 394 1816 et
411 1750 591 1819 Commune
607 1751 824 1822 Vcneciarum
840 1760 1047 1839 tenerentur3
1064 1763 1142 1822 tunc
1158 1758 1231 1842 ipsa

6 1920 11 1949 ι
91 1865 166 1928 loca
191 1882 267 1925 cum
292 1860 440 1927 omnibus
465 1861 561 1927 bonis
586 1861 758 1927 mobilibus
784 1863 924 1930 inventis
949 1863 983 1929 in
1008 1865 1056 1929 eis
1075 1864 1118 1930 ad
1134 1865 1229 1932 Com·

4 1986 10 2023 ῑ
89 1991 190 2036 mune
217 1971 241 2035 J
243 1991 327 2035 anne
353 1971 541 2053 pertineant
556 1969 654 2054 pleno
677 1971 756 2035 iure.
773 1969 889 2036 Liceat
903 1977 1012 2036 tamen
1030 1972 1110 2057 ipsis
1125 1972 1230 2040 ‹Ianu-

5 2081 11 2155 “,
57 2153 62 2174 Ι
90 2077 226 2144 ensibus
252 2099 286 2142 se
312 2078 510 2144 concordare
535 2099 608 2143 cum
634 2078 680 2142 eis
706 2076 757 2143 uel
781 2099 853 2142 cum
878 2078 966 2144 dicto
990 2079 1120 2146 domino
1138 2082 1229 2166 Rege

4 2188 11 2260 ,“
90 2209 153 2272 pro
178 2187 235 2269 eis,
261 2186 294 2250 in
320 2186 456 2270 opnione
475 2185 620 2251 Amirati
636 2185 661 2250 J
662 2187 825 2266 asnensis
843 2185 899 2270 qui
918 2192 996 2252 tuno
1012 2190 1074 2254 erit
1090 2191 1124 2254 in
1141 2190 1226 2256 obsi·

5 2300 10 2310 '
89 2296 189 2362 dione
206 2315 264 2358 seu
281 2293 433 2377 captione
449 2293 596 2358 locorum
612 2292 835 2377 predictorum
856 2295 895 2360 de
912 2300 1050 2378 pecunia
1066 2297 1227 2364 soluenda

88 2427 110 2470 a
134 2405 236 2470 dictis
261 2404 403 2470 obsessis
428 2403 479 2469 sel
504 2405 609 2488 captis
635 2403 758 2469 eisdem
783 2405 1008 2470 Januensibus
1036 2427 1098 2490 pro
1124 2408 1224 2473 dictis

1 2587 6 2600 ¹
89 2515 190 2578 bonis
218 2511 391 2579 mobilibus
416 2534 472 2578 seu
493 2511 611 2596 predis,
635 2533 698 2596 que
714 2518 865 2595 spectare
882 2518 916 2577 et
929 2513 1094 2598 pertinere
1111 2514 1229 2580 debent

1 2669 5 2680 ,
89 2623 191 2688 dictis
216 2619 241 2685 J
242 2619 448 2702 remensibus,
464 2625 498 2684 vt
523 2641 632 2702 supra.
657 2619 767 2689 Versa
782 2618 851 2685 vico
866 2619 1013 2704 prelatus
1029 2618 1227 2703 Magnificus

0 2746 1 2753 ’
89 2731 244 2796 dominus
268 2727 346 2792 Dux
369 2733 402 2792 et
427 2723 616 2792 Consiliarii
642 2727 772 2792 nomine
802 2727 881 2792 dicti
908 2727 1099 2794 Communis
1115 2727 1225 2796 Januc

8 2921 14 2930 ,
89 2863 130 2904 ex
158 2859 262 2903 causa
286 2834 507 2920 predictorum
532 2835 816 2916 confederationis,
831 2838 959 2902 unionis
976 2843 1009 2901 et
1025 2839 1090 2920 lige
1107 2839 1225 2922 promi·

88 2951 207 3013 serunt
222 2946 309 3010 dicto
326 2943 455 3008 domino
472 2941 635 3028 Gregorio
651 2945 822 3028 recipienti
838 2946 965 3010 nomine
982 2943 1083 3028 ipsius
1100 2943 1226 3012 domini

87 3051 196 3137 Regis
223 3058 258 3117 et
283 3051 326 3116 ad
350 3052 511 3116 cautelam
530 3051 609 3116 mihi
626 3050 767 3118 Notario
782 3052 888 3119 cilicio
904 3053 1036 3136 publico
1053 3050 1223 3136 stipulanti

1 3159 2 3162 '
87 3162 224 3230 nomine
250 3165 284 3224 et
308 3159 377 3225 vice
403 3158 481 3224 dicti
507 3159 630 3225 domini
655 3157 767 3244 Regis,
792 3161 881 3246 quod
908 3161 970 3244 ipsi
989 3162 1076 3228 dieto
1093 3161 1223 3226 nornine

89 3269 273 3351 habebunt,
298 3268 457 3334 tenebunt
482 3276 514 3334 et
540 3269 739 3352 reputabunt
754 3290 814 3354 pro
830 3269 970 3334 inimicis
987 3268 1180 3353 capitalibus
1193 3276 1227 3337 et

1 3378 3 3427 ἓ
90 3386 215 3458 cetera,
230 3383 265 3442 vt
280 3397 389 3458 suoru,
405 3383 440 3442 vt
455 3377 488 3441 in
505 3378 620 3461 primo.

199 3485 286 3550 Item
311 3486 483 3551 voluerunt
499 3492 531 3551 et
547 3489 779 3550 consenserunt
795 3481 915 3568 prelati
932 3483 1082 3551 dominus
1098 3484 1176 3550 Dux
1191 3491 1225 3552 et

11 3625 14 3628 ·
88 3593 283 3660 Consiliarii
309 3593 437 3658 nomine
461 3593 541 3658 dicti
568 3591 764 3683 Communis,
791 3592 880 3674 quod
906 3594 933 3657 si
960 3595 1025 3658 inm
1045 3591 1152 3659 dictus
1168 3594 1225 3659 do·

1 3696 2 3705 ’
86 3705 199 3768 minus
226 3699 299 3765 Rex
324 3701 375 3765 vol
400 3707 514 3780 gentes
540 3722 596 3766 sue
623 3700 752 3784 aliquas
777 3701 940 3783 ciuitates,
962 3708 1077 3782 terras,
1102 3706 1222 3783 eastra,

1 3796 2 3848 7
89 3811 225 3894 oppida,
250 3809 447 3874 munitiones
473 3809 523 3874 vel
541 3808 716 3893 fortalicia,
732 3815 801 3874 tam
818 3810 850 3873 in
867 3805 983 3874 insulis
999 3808 1109 3889 maris,
1125 3828 1223 3891 quam

86 3919 124 3983 in
147 3915 313 4002 portubus
339 3923 372 3982 ct
396 3917 547 4001 portibus
571 3917 760 3983 marittimis
796 3917 829 3981 in
854 3916 1032 3995 Dalmatia,
1057 3915 1109 3980 vel
1134 3913 1221 3980 alias

86 4024 283 4108 ubicumque
308 4024 342 4088 in
368 4025 465 4089 terris
492 4031 526 4090 et
550 4025 674 4091 tcnutis
698 4027 859 4091 dictorum
876 4020 1076 4090 Venetorum
1091 4027 1224 4106 possent

88 4153 210 4217 cepere
234 4131 287 4198 rol
311 4129 458 4196 obtinere
485 4133 554 4197 sine
589 4133 753 4198 innomine
785 4130 864 4194 dicti
890 4128 1013 4195 domini
1038 4129 1140 4194 Ducis
1166 4146 1223 4195 sen

88 4240 280 4306 Communis
304 4239 424 4320 Janue,
454 4261 511 4305 seu
536 4239 732 4306 exercitibus
759 4239 809 4303 rel
835 4238 971 4304 armatis
997 4235 1223 4321 eorumbene

88 4347 226 4413 mobilia
241 4353 275 4411 et
291 4345 479 4428 immobilia,
495 4347 599 4430 preda
614 4354 648 4413 et
664 4346 786 4431 captiui
802 4345 981 4411 eorundem
998 4344 1062 4412 sibi
1078 4342 1223 4414 debeant

1 4516 2 4521 ,
87 4475 269 4522 remanere.

180 4563 268 4630 Item
293 4561 381 4628 inter
408 4557 513 4627 dictas
529 4568 640 4646 partes
656 4559 841 4628 nominibus
856 4555 973 4646 quibus
990 4579 1089 4645 supra
1105 4565 1156 4626 est
1171 4577 1223 4626 ac·

1051 4667 1114 4736 28*
