3108 5246
744 399 978 450 uranouaozmr
1003 387 1170 446 rutnans.

920 691 993 752 279.

389 852 420 916 A
445 851 598 917 uclarrzei
621 849 902 936 lcdztdrcasdpoalc
932 847 1087 915 Toreatoi
1111 850 1214 936 Lajos
1242 849 1285 913 dr.
1308 849 1339 912 I.
1362 848 1504 914 Jobanco

742 957 872 1022 sicilici
895 957 1175 1046 airalyne.1349.

495 1119 670 1204 Magnifice
686 1119 737 1184 vir
761 1123 795 1182 et
819 1116 916 1182 amici
931 1116 1100 1196 carissimi.
1116 1116 1195 1182 Non
1208 1116 1387 1183 insistimus
1402 1113 1504 1192 verbis,

389 1228 466 1310 quia
481 1228 563 1294 satis
588 1228 729 1294 amicitie
751 1232 856 1294 vestre
872 1225 955 1290 etin
970 1225 1200 1291 remotioribus
1215 1224 1366 1308 partibus
1385 1227 1501 1289 constat

389 1337 691 1420 experimentaliter
705 1356 777 1401 esse
793 1339 916 1416 notum,
932 1332 1077 1417 qualiter
1093 1333 1232 1400 illustris
1248 1331 1323 1398 Rex
1347 1330 1505 1414 Hungaric

388 1463 422 1510 se
440 1443 518 1510 fecit
535 1444 701 1529 publicum
716 1441 843 1510 hostem
862 1446 1019 1522 nostrum,
1033 1440 1251 1525 Regnumque
1267 1445 1415 1505 nostrum
1429 1438 1504 1502 iuva

389 1552 441 1635 sit,
465 1557 499 1617 et
515 1551 557 1618 ad
573 1552 728 1618 iteratam
750 1549 952 1616 invasionem
974 1569 1033 1632 per
1050 1553 1164 1632 gentes
1181 1569 1256 1614 suas
1272 1555 1307 1614 et
1323 1548 1407 1614 alios
1421 1567 1505 1629 appa

388 1665 481 1726 ratus
496 1661 629 1728 bellicos
645 1661 733 1726 nisus
749 1665 799 1725 est
814 1665 848 1725 et
862 1658 964 1724 nitiur
973 1663 1042 1724 toto
1053 1677 1150 1742 posse
1166 1664 1283 1723 contra
1298 1655 1518 1722 reverentiam·

388 1773 422 1832 et
438 1766 655 1835 obedientiam
672 1765 792 1834 Sancte
808 1765 931 1832 Matris
946 1765 1093 1832 Ecclesia
1103 1765 1279 1832 reverende
1290 1764 1421 1830 domine
1435 1767 1504 1826 mat

388 1878 433 1940 ris
449 1881 568 1955 nostre,
584 1875 643 1940 sub
659 1874 749 1940 cuius
764 1875 885 1940 virtute
902 1873 1035 1940 dextere
1058 1894 1117 1938 nos
1141 1873 1374 1957 prosequimur
1390 1889 1502 1937 causam

388 1989 542 2050 nostram.
559 1981 648 2068 Quin
663 1983 764 2068 igitur
780 1983 823 2050 ad
838 1981 1018 2049 tollendum
1028 2002 1179 2066 perverse
1190 2003 1247 2047 sue
1262 1979 1499 2048 machinationis

387 2090 576 2175 fomentum,
600 2091 689 2175 quod
712 2098 765 2157 est
788 2090 955 2175 hucusque
980 2091 1067 2156 visus
1091 2089 1273 2172 intendere,
1296 2091 1442 2175 signatas
1456 2107 1503 2171 per

388 2221 477 2267 mare
502 2206 608 2267 certas
623 2199 746 2283 galeas,
761 2205 830 2266 tam
845 2198 885 2264 de
908 2197 1059 2282 gentibus
1075 2198 1184 2283 Regni
1201 2200 1306 2264 nostri
1322 2221 1383 2284 pro
1400 2196 1501 2262 maiori

387 2314 493 2392 parte,
518 2327 617 2391 quam
642 2305 683 2371 de
708 2305 859 2390 gentibus
878 2303 1045 2386 Monachi,
1061 2325 1161 2388 quam
1176 2305 1282 2371 eciam
1297 2306 1375 2372 aliis
1391 2301 1500 2371 devotis

388 2415 508 2481 nostris
533 2415 668 2480 armatis
692 2412 892 2496 providimus
919 2413 1094 2480 secundum
1121 2413 1398 2481 deliberacionem
1416 2411 1500 2477 nostri

388 2521 525 2589 Consilii
548 2541 659 2587 versus
675 2520 749 2586 illas
765 2528 878 2603 partes
892 2521 1075 2588 maritimas
1091 2522 1293 2606 quamcicius
1309 2519 1497 2605 profecturas

386 2633 502 2695 contra
526 2629 632 2713 ipsum
648 2628 775 2695 hostem
792 2637 940 2696 nostrum
956 2635 989 2694 et
1004 2635 1118 2714 gentes
1135 2649 1219 2713 suas,
1235 2635 1268 2694 et
1283 2629 1355 2694 litis
1372 2649 1427 2694 sue
1440 2647 1499 2692 con·

386 2743 493 2803 sortes
516 2743 617 2821 atque
631 2737 817 2820 participes,
833 2738 1004 2822 complices
1019 2744 1054 2804 et
1068 2737 1242 2820 sanctores,
1257 2743 1292 2802 et
1308 2738 1353 2804 ad
1369 2743 1495 2802 nostran
1547 2740 1548 2743 ’

388 2854 423 2913 et
446 2854 633 2915 nostrorum
657 2847 862 2915 subditorum
878 2848 1148 2932 complacentiam
1174 2847 1305 2929 nullius,
1328 2846 1418 2930 quod
1436 2844 1499 2912 alte

386 2959 455 3023 rius
479 2955 632 3022 iniuriam
655 2957 708 3023 vel
731 2954 885 3022 offensam
911 2957 1079 3041 galearum
1104 2946 1236 3021 illarum
1253 2954 1435 3039 capitaneo
1450 2951 1497 3017 sub

388 3062 543 3147 gravibus
567 3063 659 3147 penis
684 3062 828 3129 realibus
845 3068 878 3128 et
892 3061 1120 3147 personalibus
1136 3083 1289 3146 expresse
1305 3062 1449 3128 duximus
1462 3060 1498 3124 in·

388 3171 596 3256 iungendum.
607 3167 799 3236 Amicitiam
814 3178 956 3237 vestram
965 3169 1140 3238 affectuose
1155 3191 1338 3255 precamur,
1355 3177 1498 3256 quatenns

388 3277 602 3363 Oapitaneum
618 3283 650 3342 et
665 3277 856 3362 navigantes
866 3279 899 3344 in
909 3279 1011 3361 galeis
1022 3277 1143 3344 eisdem
1158 3278 1266 3346 velitis
1283 3299 1396 3345 amors
1410 3273 1497 3342 nostri

388 3384 629 3451 commendatos
654 3385 827 3470 suscipere,
843 3392 876 3452 et
891 3388 924 3452 iu
940 3385 1018 3452 locis
1035 3392 1068 3452 et
1083 3386 1235 3470 partibus
1255 3389 1355 3454 vestri
1372 3381 1496 3452 Dominii
1553 3420 1554 3463 3

387 3494 544 3561 mandare
570 3515 627 3578 per
652 3499 779 3560 vestros
803 3493 916 3559 fideles
932 3500 964 3560 et
980 3493 1127 3561 subditos
1151 3496 1369 3562 amicabiliter
1391 3501 1496 3580 pertra-

387 3604 482 3688 ctari,
507 3623 546 3669 ac
572 3600 613 3669 de
628 3601 821 3670 victualibus
840 3609 874 3669 et
889 3603 1081 3669 necessariis
1095 3603 1179 3685 aliis,
1193 3625 1257 3688 que
1282 3602 1497 3688 requisiverat,
1553 3610 1554 3675 j

387 3709 559 3798 subveniri,
581 3710 732 3777 videlicet
755 3717 792 3776 nt
816 3711 921 3778 maior
944 3710 1036 3777 vobis
1061 3717 1096 3776 et
1119 3713 1236 3778 vestris
1260 3712 1301 3778 de
1318 3713 1420 3798 galeis
1433 3708 1496 3793 ipsis
1553 3730 1554 3751 ¹

386 3825 542 3905 suppetat
566 3821 738 3903 certitud0,
762 3825 990 3887 contentamur
1013 3825 1047 3886 et
1061 3821 1207 3887 volumus
1223 3820 1306 3887 stari
1319 3821 1433 3888 debere
1446 3819 1495 3884 ista
1553 3846 1554 3897 l

386 3929 455 3993 vioe
480 3929 644 4013 processui
668 3935 787 4014 vestro,
812 3927 965 3995 habendo
988 3929 1023 3993 in
1038 3949 1116 3995 casu
1131 3928 1279 4014 forsitan,
1303 3951 1370 4014 quo
1385 3930 1495 4011 aliquas

386 4041 437 4106 vel
462 4040 605 4125 aliquam
630 4059 669 4104 ex
694 4037 790 4105 dictis
815 4039 917 4124 galeis
941 4044 1056 4105 contra
1080 4060 1137 4105 vos
1162 4044 1197 4104 ot
1211 4044 1340 4105 vestros
1357 4061 1396 4106 ex
1410 4034 1495 4120 inopi·

387 4153 463 4214 nato
479 4147 677 4232 contingerit
708 4151 887 4230 autentare,
904 4147 993 4230 quod
1009 4146 1098 4214 nullo
1115 4146 1209 4213 modo
1227 4148 1389 4214 oredimus
1404 4147 1491 4212 locun
1553 4160 1554 4175 ¹

387 4255 517 4339 habere,
545 4277 615 4321 uum
633 4256 674 4322 de
690 4256 752 4322 hoo
768 4257 957 4340 specialiter
972 4278 1072 4343 supra
1086 4255 1233 4323 habeant
1248 4279 1323 4323 cnm
1338 4259 1422 4324 omni
1436 4253 1494 4318 dili·

387 4365 498 4446 gencie
523 4364 712 4430 aetencione
737 4387 851 4432 cavere
875 4366 947 4450 ipsi,
973 4372 1007 4432 et
1029 4366 1070 4432 de
1093 4365 1301 4432 affectatione
1317 4389 1376 4451 pro
1392 4367 1494 4432 honore
1553 4362 1554 4365 ’

387 4477 498 4537 nostro
523 4476 557 4536 et
580 4474 783 4557 complacent
806 4497 827 4541 a
851 4493 981 4558 quoquo
1006 4479 1114 4539 vestro
1139 4474 1335 4556 concessuri,
1358 4473 1385 4539 si
1398 4473 1494 4556 placet,

387 4577 493 4644 eidem
520 4575 704 4662 Capitaneo
730 4583 914 4647 securitatis
938 4587 1045 4647 vestre
1069 4582 1197 4650 litteras
1215 4589 1395 4667 oportunus
1413 4615 1446 4629 -
1460 4611 1493 4625 ·-
1553 4568 1554 4587 *
