3110 5248
571 323 665 397 1348.
1109 321 1171 396 nrt

72 502 251 573 Dalmatiam
268 514 300 572 et
313 507 494 586 Oroatism
508 508 612 572 nostri
630 508 727 573 etiam
746 515 886 590 taceant,
904 509 1040 574 diceudo
1052 509 1171 574 soluru:

3 603 7 690 l,
71 611 133 676 Dur
148 613 354 681 venetiarum
371 626 430 681 etc
901 596 904 608 ¹

3 693 5 820 l
158 721 280 805 Captet
299 721 482 808 Completis
495 731 605 790 autem
622 731 655 788 et
671 723 808 788 firmetis
825 725 969 806 negociis
985 725 1105 790 nostris
1121 725 1173 790 de·

3 827 5 890 l
67 826 150 893 beent
163 830 262 894 nostri
275 829 534 913 Ambexetores,
550 832 635 896 sicut
652 839 686 896 et
701 831 832 914 quaudo
850 833 896 896 eis
913 833 1085 914 videbitur,
1100 854 1174 916 pro

69 957 168 1001 curere
182 943 213 1002 et
228 938 336 1004 secere
353 957 448 1023 posse
464 961 568 1021 suum,
584 938 672 1023 quod
687 946 778 1003 terre
795 947 829 1003 et
844 938 926 1022 loce,
943 961 1025 1022 quas
1051 949 1084 1006 et
1109 962 1174 1022 que

3 1077 6 1160 μ
67 1047 160 1108 teuent
175 1043 291 1112 Comes
307 1046 499 1113 Maledinus
514 1054 548 1112 et
563 1045 691 1126 fratres,
716 1053 909 1113 remaneant
934 1049 1016 1130 ipsis
1042 1045 1174 1114 Comiti-

3 1161 7 1244 l
64 1149 112 1214 bus
125 1173 177 1233 per
192 1151 282 1218 illum
298 1153 439 1235 modum,
456 1155 511 1235 qui
530 1154 625 1219 dictis
652 1151 934 1220 Ambaxatoribus
959 1155 1125 1221 videbitur
1142 1161 1174 1221 et

65 1255 157 1324 lacere
169 1267 333 1344 poterunt

153 1366 274 1451 Capta:
291 1365 426 1436 Auditis
444 1374 478 1456 et
494 1367 667 1434 intellectis
679 1368 808 1449 litteris,
820 1389 903 1450 ques
913 1369 1005 1435 nobis
1016 1371 1175 1437 concessit

63 1469 198 1538 dominus
220 1471 298 1541 Rex
321 1473 503 1559 Hungarie,
529 1474 696 1540 allidendo
713 1473 957 1541 Ambaxatores
981 1485 1110 1543 nostros
1132 1477 1174 1544 ad

62 1580 149 1661 ipsum
173 1583 287 1665 ituros,
313 1604 379 1665 que
407 1589 484 1648 sunt
508 1583 589 1648 satis
614 1582 658 1648 ad
682 1583 833 1666 plenuun
858 1581 1044 1666 auditisque
1069 1585 1174 1651 verbis

62 1683 177 1753 Naterii
202 1687 360 1755 Consulis
385 1691 489 1754 nostri
515 1689 683 1772 Neapolis,
708 1689 887 1773 habitoque
912 1697 1070 1775 respectu,
1087 1691 1174 1773 quod

61 1791 287 1862 Ambaxetores
304 1797 426 1862 domini
438 1797 575 1862 Mastini
591 1799 656 1862 iam
672 1803 746 1862 sunt
763 1797 805 1862 ad
822 1796 895 1878 iter,
905 1795 1076 1864 consulunt
1092 1800 1175 1883 sapi·

61 1909 143 1981 entes,
157 1903 244 1985 quod
260 1906 296 1968 in
321 1905 451 1969 nomine
466 1903 602 1969 Domini
628 1901 874 1970 Ambaxetcres
900 1906 1003 1970 nostri
1020 1905 1174 1971 recedent

3 2017 11 2116 ᾗ
58 2008 86 2071 in
106 2008 187 2075 bona
209 2011 322 2095 gratia
354 2011 393 2076 de
408 2009 565 2093 Venetiis,
591 2019 623 2076 et
647 2016 889 2096 prosequantur
914 2012 979 2077 iter
1002 2033 1097 2078 suum
1122 2011 1175 2077 die

3 2117 9 2164 t
59 2113 140 2180 Jovis
153 2121 302 2201 proximo
318 2141 377 2202 per
401 2119 496 2202 (liem,
522 2141 595 2184 cum
620 2119 718 2201 ligna,
744 2141 816 2183 cum
843 2119 961 2202 quibus
986 2118 1065 2186 ituri
1091 2127 1175 2200 aunt,

59 2222 188 2289 renarint
200 2231 236 2291 et
249 2227 334 2291 bene
348 2235 469 2309 parate
486 2233 582 2292 erunt
598 2227 630 2290 in
647 2226 786 2290 termino
802 2233 990 2292 memorato.
1015 2223 1060 2290 Et
1077 2247 1174 2309 quam

60 2327 185 2396 velocius
200 2331 274 2398 lieri
291 2339 400 2415 potest
416 2331 601 2398 scribentur
617 2331 752 2398 Consuli
777 2338 889 2396 nostro
906 2331 1064 2415 Neapolis
1081 2355 1175 2413 nove,

58 2455 112 2517 que
125 2439 346 2506 intelleximus
363 2439 403 2505 de
419 2437 549 2504 Oomite
566 2438 731 2518 Palatino,
748 2439 804 2522 qui
820 2437 950 2504 videtur
967 2461 1036 2504 esse
1052 2439 1085 2504 in
1101 2461 1174 2524 par·

57 2541 132 2608 tibus
147 2544 251 2612 Treui
268 2568 343 2612 cum
358 2567 478 2630 magna
494 2546 639 2630 gentium
656 2547 817 2626 comitiva,
827 2552 963 2631 propter
979 2568 1078 2629 quam
1088 2547 1174 2613 vide-

56 2658 110 2733 tur,
124 2652 211 2737 quod
227 2655 391 2720 censimum
408 2655 448 2721 de
464 2654 575 2720 Trana
592 2653 769 2739 Neapolim
785 2653 915 2720 minime
942 2655 986 2720 sit
1010 2661 1175 2720 securum

57 2765 85 2822 et
96 2757 174 2844 ideo,
191 2781 268 2827 cum
285 2760 535 2828 deliberavimus
551 2765 681 2828 mittere
698 2769 830 2828 nostros
854 2759 1104 2843 Ambexetores,
1119 2764 1175 2847 qui

56 2866 194 2933 recedent
209 2869 247 2933 in
261 2868 365 2950 brevi,
381 2874 415 2934 et
431 2870 520 2952 quod
535 2867 661 2937 facient
686 2871 774 2935 viem
791 2867 903 2947 Treui,
921 2869 1121 2953 ¹mandemus
1137 2871 1175 2952 ei,

3 2999 17 3088 ᾗ,
57 2979 206 3053 quatenus
239 2977 274 3040 iu
298 2997 386 3062 cusu,
415 2997 479 3058 quo
505 2976 628 3043 dictum
654 2977 815 3042 caminum
842 2997 906 3041 non
923 2983 1009 3066 esset
1026 2997 1175 3042 securum

3 3101 6 3196 Ι
59 3099 111 3162 pro
126 3080 407 3150 Ambaxatcribus
424 3084 553 3166 nostris,
563 3089 783 3168 procuretper
794 3083 886 3149 illum
896 3090 1028 3150 centum
1037 3082 1175 3164 modum,

3 3197 5 3250 l
57 3189 108 3270 qni
125 3190 186 3255 sibi
203 3189 378 3270 uidebitur,
394 3198 427 3256 et
444 3213 516 3257 cum
532 3191 607 3275 hiis,
623 3212 685 3275 que
702 3190 899 3257 videbuntur
915 3191 1027 3272 eidem,
1044 3191 1084 3257 de
1099 3191 1176 3257 laci-

3 3251 6 3344 l
57 3295 139 3376 endo,
155 3297 247 3381 quod
273 3299 377 3362 nostri
393 3296 637 3365 Ambaxetcres
652 3299 781 3382 possint
800 3319 912 3364 secure
928 3298 974 3364 ire
991 3298 1175 3382 Neapolim,

3 3361 5 3492 l
57 3403 249 3471 solicitando
274 3405 337 3470 hoc
363 3426 462 3487 quam
485 3407 560 3491 plus
584 3407 718 3490 poterit,
743 3428 782 3471 ne
808 3403 1050 3471 Ambexatores
1064 3405 1176 3485 nostri,

3 3493 5 3578 l
59 3532 121 3576 cum
136 3521 235 3578 erunt
250 3513 285 3578 in
301 3513 424 3594 Tremo,
439 3511 540 3579 ullam
556 3519 733 3596 propterea
747 3513 910 3578 induciam
926 3513 1116 3596 reciperent,
1126 3511 1176 3576 rel

3 3591 5 3732 ξ
58 3617 192 3703 aliquam
215 3619 416 3686 tarditatem.

3 3773 5 3816 l
136 3781 138 3784 ·
241 3766 277 3826 (A
291 3765 434 3816 velenczei
448 3765 580 3816 »Secreta
590 3763 708 3818 Consilii
720 3763 990 3830 nogaretum-ool.)
