3220 5262
372 306 437 366 600
727 317 958 364 urrnouaczmr
977 306 1145 364 amalraus.

370 477 439 542 Tne
457 475 633 543 Serenitati
650 479 852 542 meminimus
869 497 927 560 per
944 475 1155 559 Apostolices
1172 478 1301 544 litteras
1317 477 1483 557 intimasse,

371 606 409 649 ac
424 583 708 666 Magnificentiam
734 583 849 665 Tuam,
865 585 905 649 de
921 606 988 668 qua
1003 583 1086 648 idem
1104 582 1177 650 Rex
1193 585 1372 668 plurimum
1387 607 1489 669 spere·

370 689 429 755 bat
445 697 477 754 et
494 696 615 773 sperat,
631 692 778 774 paternis
803 688 973 756 affectibus
998 691 1169 770 monuisse,
1185 697 1223 755 ut
1239 689 1282 756 ad
1303 691 1489 757 coadiuvau-

369 797 445 862 dum
469 796 655 864 huiusmodi
680 799 845 881 negotium
871 798 952 863 dicti
977 797 1122 881 passagii
1155 819 1204 880 ea,
1236 819 1299 881 que
1323 819 1383 881 pro
1407 799 1487 864 dioto

368 905 521 988 passagio
547 905 626 970 dere
651 904 847 989 disponeres,
871 927 990 989 parare
1017 904 1174 970 studeres.
1200 903 1287 988 Quia
1312 926 1387 969 vero
1410 913 1492 989 post-

369 1011 500 1076 modum
527 1010 612 1076 idem
637 1010 719 1094 Rex,
743 1021 842 1095 prout
866 1012 960 1078 nobis
979 1009 1149 1078 notificare
1166 1011 1299 1093 curarit,
1324 1011 1490 1077 nonnullas
1594 1005 1595 1008 ¹

368 1124 481 1202 partes
515 1117 658 1184 fidelium
693 1121 892 1202 peragravit,
924 1127 956 1185 et
986 1119 1186 1204 presentiam
1218 1119 1400 1202 aliquorum
1430 1121 1488 1186 Re·

373 1247 449 1308 gum
482 1232 515 1290 et
547 1225 740 1310 Principum
771 1227 861 1310 adiit,
893 1227 1076 1311 multosque
1101 1225 1276 1310 Magnetes
1303 1233 1334 1290 et
1349 1233 1492 1312 potentes

370 1333 413 1400 ad
439 1332 717 1400 transfretandum
744 1356 862 1419 secum,
896 1335 1039 1402 Domino
1064 1337 1155 1402 cuius
1193 1335 1360 1419 negotium
1391 1335 1494 1419 egitur

257 1443 265 1454 '
374 1441 565 1524 inspirante,
596 1442 733 1526 induxit,
764 1451 797 1508 et
828 1450 974 1526 tempore
1005 1443 1089 1508 reris
1124 1443 1270 1526 proxime
1303 1441 1407 1506 futuri
1431 1463 1493 1526 spe

370 1557 424 1614 rat
441 1571 514 1614 cum
531 1550 739 1618 multitudine
765 1552 924 1617 nobilium
941 1559 975 1617 et
990 1553 1129 1618 aliorum
1146 1550 1291 1617 fidelium
1307 1572 1378 1618 esse
1395 1550 1493 1618 Vane

369 1657 434 1738 riis,
460 1663 493 1721 et
517 1657 657 1740 interim,
683 1659 733 1724 rel
759 1667 934 1744 postquam
960 1659 1035 1724 inde
1053 1659 1232 1740 recesserit,
1248 1659 1395 1726 inolitam
1411 1667 1493 1724 tuam

370 1765 480 1832 videre
497 1787 693 1849 personam:
711 1764 953 1833 Sublimitatem
970 1767 1076 1833 Tuam
1093 1767 1266 1834 sollicitam
1285 1767 1451 1834 reddimus
1465 1774 1494 1832 et
1567 1779 1571 1787 “

257 1919 263 1930 .
372 1879 543 1958 attentam,
570 1895 707 1956 eamque
732 1874 920 1940 cordialiter
947 1877 1168 1960 deprecamur,
1194 1884 1356 1962 quatenus
1372 1897 1421 1960 ea,
1437 1897 1494 1960 que

371 1982 476 2048 eidem
492 1982 577 2066 Regi
594 1981 687 2066 inri
711 1983 745 2048 in
769 1982 873 2066 galeis
890 1983 941 2050 vel
957 1984 1041 2050 elias
1057 2007 1116 2068 pro
1134 1985 1222 2050 dicto
1248 1984 1393 2050 subsidio
1410 1984 1494 2050 exhi·

371 2091 448 2156 bere
475 2090 624 2170 volueris,
650 2091 783 2156 studeas
809 2113 1005 2176 prepararc;
1030 2099 1063 2158 et
1078 2094 1157 2176 quia
1183 2093 1271 2160 dicto
1287 2093 1373 2178 Regi
1390 2092 1495 2176 aliqua
1595 2081 1596 2138 ἶ

371 2197 518 2264 subsidia
534 2197 568 2264 in
585 2205 643 2263 tuo
658 2197 774 2282 Regno
800 2201 1026 2280 concessimus,
1042 2202 1076 2266 iu
1092 2223 1202 2267 eorum
1218 2202 1401 2285 receptione
1419 2221 1493 2264 nun-

371 2307 429 2372 ciis
455 2313 487 2371 et
512 2307 781 2388 procuratoribus
808 2308 874 2373 suis
892 2308 1013 2374 adhoc
1029 2307 1225 2393 deputandis
1251 2309 1331 2374 velis
1357 2309 1495 2373 favorem
1594 2295 1596 2374 Ϊ

371 2417 514 2500 Regium
531 2417 694 2482 exhibere.
720 2417 845 2483 Datum
862 2416 1024 2484 Arinione
1041 2418 1133 2484 nonis
1150 2418 1350 2500 Decembris,
1367 2417 1496 2482 Pontifi·
1594 2435 1596 2452 ²

372 2531 463 2591 catus
479 2526 581 2592 nostri
598 2546 683 2590 anno
699 2525 848 2590 secundo.

713 2673 757 2734 (V.
772 2674 866 2725 Orbrin
879 2675 951 2740 papa
965 2674 1152 2740 regeseeibol.)

857 2820 1017 2828 ———

900 2981 975 3044 440.

373 3140 402 3204 A
421 3139 573 3204 velenczei
584 3141 1498 3225 lcormdnytaadcakdrmenteaitdetbatdronn'aostrau-i
1593 3187 1595 3226 ,

396 3249 570 3326 lakoaaak,
581 3249 616 3312 ta·
626 3260 770 3334 tenperea
782 3249 937 3314 vclcncaei
953 3251 1057 3336 bajo'b
1075 3251 1157 3316 altat
1174 3251 1469 3338 meplcdrosr'ttatott.
1594 3243 1595 3282 i

892 3361 986 3424 1364.

479 3516 579 3581 Anno
607 3513 869 3583 MCOOLXIII.
896 3518 948 3584 die
966 3518 1010 3584 X.
1030 3517 1191 3584 «ianuarii.
1207 3515 1335 3602 Capta:
1353 3517 1434 3583 Cum
1449 3513 1496 3599 pri
1591 3573 1594 3582 .

373 3625 425 3690 die
443 3623 568 3690 venerit
583 3623 646 3688 huc
663 3624 794 3706 quidem
810 3624 837 3688 J
838 3625 981 3691 ohannes
997 3625 1037 3690 de
1055 3625 1317 3709 Traguri0,olim
1328 3624 1413 3690 filius
1429 3624 1497 3689 bla-
1592 3623 1594 3694 t

372 3733 466 3816 gistri
489 3731 621 3798 Nicolai
646 3731 772 3813 medici,
798 3755 870 3799 cum
885 3733 1006 3799 litteris
1023 3734 1108 3800 Bani
1125 3734 1293 3800 Dalmacie
1311 3739 1345 3800 et
1361 3755 1422 3798 vno
1440 3751 1494 3797 sno
1592 3713 1594 3784 i

374 3841 623 3924 Ambexiatore‚
655 3849 766 3924 petens
806 3842 1061 3909 satisfactionem
1092 3843 1277 3927 aliquorum
1309 3842 1496 3907 damnorum
1592 3891 1594 3908 ,

373 3970 512 4032 suorum,
537 3970 599 4032 que
625 3951 742 4014 asserit
768 3951 830 4015 sibi
860 3950 953 4017 illata
978 3949 1078 4017 fuisse
1104 3973 1163 4034 per
1180 3972 1233 4016 ser
1249 3949 1422 4016 Nicolaum
1438 3949 1496 4015 ra
1577 3956 1594 4040 Ἰ

375 4059 469 4124 ledro
486 4058 565 4123 olim
580 4057 800 4140 Capitaneum
817 4057 938 4143 Culphi
953 4080 1013 4143 pro
1031 4059 1253 4126 submersione
1278 4060 1372 4125 rnius
1386 4055 1497 4142 ligneti

373 4190 447 4233 cum
462 4166 716 4233 mercationibus
731 4168 873 4233 ethonis
890 4170 957 4234 suis
975 4168 1174 4235 venientibus
1192 4169 1232 4234 dc
1246 4168 1398 4252 pertibus
1409 4165 1496 4232 Sorie

374 4276 407 4340 in
432 4277 529 4358 aquis
555 4273 811 4358 Corphieneibus
836 4277 879 4342 ad
910 4277 1054 4342 valorem
1085 4275 1277 4342 ducatorum
1303 4276 1392 4341 mille
1420 4274 1497 4354 auri,

374 4388 474 4466 prout
491 4383 524 4447 iu
539 4383 660 4449 litteris
677 4385 755 4451 dicti
781 4383 865 4450 Bani
891 4387 1075 4452 continetur
1092 4410 1099 4450 ε
1115 4385 1207 4452 vedit
1222 4407 1309 4470 pare,
1325 4384 1412 4470 quod
1428 4403 1496 4468 pos

375 4491 442 4555 sint
466 4489 569 4572 accipi
596 4491 636 4556 de
661 4501 768 4558 monte
793 4493 905 4560 ducati
931 4501 1059 4562 centum
1085 4495 1323 4578 quinquaginta
1348 4493 1428 4573 euri,
1444 4489 1495 4574 qui
