3108 5246
196 329 205 346 '
257 337 322 412 lot
622 359 855 415 nrrnousezmr
872 343 1042 416 curritur.

257 503 315 608 git,
340 532 373 590 et
397 494 484 592 aelric
511 527 672 595 naturalis
698 528 917 596 benivolentia
944 529 1018 613 plus
1043 527 1220 612 astringit:
1245 527 1413 611 cupimus

259 654 316 700 voa
344 642 530 704 nostrorum
555 634 699 702 felicium
724 635 932 703 subcessuum
957 635 1053 732 reddi
1075 636 1273 721 participem
1307 633 1415 718 quod

268 741 365 808 debet
389 745 475 809 ratio
501 743 609 811 facere
634 745 853 829 quorumlibet
878 745 1138 829 contingeucium
1157 763 1223 809 uon
1239 749 1416 827 expertes.

163 862 165 868 '
264 848 431 918 Noueritis
448 851 593 936 quidem,
608 851 768 936 Magnum
784 853 892 936 Regni
909 851 1023 918 Sicilie
1042 849 1268 918 (temerarium
1286 859 1320 916 et
1336 849 1416 916 col·

263 957 353 1042 legas
383 979 468 1041 suos,
483 958 661 1043 Numptios
677 966 821 1045 nostros,
844 962 999 1045 vigesimo
1025 961 1131 1043 primo
1159 981 1262 1044 nuper
1295 957 1416 1042 elapsi

263 1067 385 1132 mensis
410 1066 529 1151 Martij
557 1068 598 1133 ‹le
623 1065 725 1134 Curia
749 1067 900 1134 Romana
926 1065 1103 1152 Neapolim
1118 1068 1314 1151 peruenisse,
1330 1074 1414 1132 tam

264 1193 337 1240 cum
352 1175 449 1240 bullis
476 1175 516 1243 ds
541 1176 718 1243 uniuersali
743 1176 920 1242 concordia
943 1177 1041 1260 plene
1056 1177 1201 1261 perlecta
1216 1198 1291 1242 cum
1307 1175 1415 1259 Rege

263 1279 415 1366 Vngaric
439 1304 498 1367 per
520 1285 737 1350 ministerium
759 1285 931 1351 DomIniee
948 1284 1150 1366 sanctitatis,
1166 1305 1229 1369 que
1246 1287 1414 1367 sequenti

267 1389 320 1455 die
335 1389 482 1456 XXIII.
507 1391 661 1475 eiusdem,
687 1399 840 1475 presente
859 1393 1067 1459 multitudine
1083 1394 1216 1477 eopiosa
1230 1392 1412 1477 publicata

242 1495 421 1580 ‚fuerunt3
445 1521 543 1583 quam
568 1500 722 1566 similiter
748 1523 821 1567 cum
846 1501 944 1567 bullis
959 1502 1034 1567 aliis
1050 1501 1272 1567 coronationis
1288 1507 1414 1566 nostre

266 1607 300 1670 in
326 1605 470 1672 instante
495 1605 578 1671 festo
605 1607 843 1675 Pentheoostes
868 1629 908 1674 ea
931 1607 1069 1674 conficta
1094 1609 1221 1674 ratione
1237 1607 1412 1674 celebrari

269 1713 408 1796 provise,
425 1735 492 1796 qua
507 1716 612 1781 nostri
638 1718 785 1783 amiciet
802 1716 859 1800 alij
875 1715 1092 1782 diueraimode
1123 1715 1220 1781 nobis
1236 1715 1414 1782 coniuncti

266 1819 352 1887 huno
377 1820 465 1888 diem
491 1821 607 1888 festum
635 1826 779 1909 prescire
796 1825 937 1905 valeant,
953 1831 987 1888 et
1002 1844 1081 1906 erga
1095 1845 1155 1889 nos
1171 1845 1306 1890 oausam
1321 1821 1412 1890 obli·

269 1929 377 1994 uionis
394 1951 506 1995 eorum
531 1952 591 2014 per
618 1931 866 2014 significationis
883 1930 1113 2014 negligentiam
1130 1951 1193 1996 non
1209 1930 1411 2014 impingant.

267 2035 512 2102 Affectaremus
528 2060 677 2122 namque,
703 2038 789 2121 quod
815 2039 986 2122 dispositio
1001 2044 1185 2122 temporum
1203 2045 1410 2122 exposceret,
1506 2053 1512 2060 ·

266 2151 303 2208 nt
319 2145 353 2207 in
370 2145 599 2227 solempnitate
624 2142 817 2228 huiuamodi,
842 2167 905 2228 que
929 2146 964 2210 in
988 2146 1055 2210 vita
1080 2151 1193 2211 nostra
1210 2121 1313 2210 semel
1329 2166 1410 2209 con-

266 2252 375 2337 tingit,
401 2273 440 2316 ex
464 2259 560 2336 parte
586 2259 696 2319 vestra
720 2255 863 2320 visitatio
878 2273 948 2320 esse
964 2259 1083 2338 posset.
1099 2249 1262 2337 Quamuis
1279 2241 1405 2319 sollici-¹

267 2365 339 2424 tare
366 2380 423 2424 vos
450 2359 492 2425 ad
518 2359 658 2427 honores
685 2367 812 2428 nostros
838 2384 903 2428 non
927 2361 1092 2446 expediat,
1117 2381 1199 2444 quos
1225 2361 1409 2426 eorundem

268 2464 481 2533 subcessuum
507 2466 678 2534 indiuidua
693 2470 903 2554 participatio
919 2469 964 2534 ad
981 2470 1087 2554 ipsam
1100 2467 1408 2536 honorificationem

268 2572 393 2639 inritat
411 2571 519 2658 Super
542 2597 607 2659 quo
632 2575 797 2661 Angelum
813 2578 854 2643 de
871 2577 974 2660 Senis,
991 2573 1241 2642 Cambellanum
1259 2583 1293 2644 et
1308 2575 1408 2642 fami·

267 2678 383 2745 liorem
399 2687 546 2748 nostrum
563 2683 726 2769 dilectum,
741 2683 878 2752 latorem
889 2685 1097 2770 presentium,
1107 2684 1290 2750 relaturum
1303 2687 1406 2750 etiam

266 2789 425 2869 premissa
441 2793 594 2855 oretenus
621 2793 726 2876 magis
745 2793 840 2877 plene
856 2794 899 2859 ed
916 2815 972 2858 vos
995 2792 1147 2858 duximus
1164 2792 1408 2858 destinandum.

266 2892 357 2958 Data
388 2894 531 2978 Neapoli
562 2897 622 2961 sub
655 2898 762 2963 anulis
788 2902 908 2966 nostris
934 2899 1067 2964 secretis
1093 2898 1146 2966 die
1171 2897 1251 2968 VII.
1273 2896 1407 2983 Aprilis

266 3002 379 3082 quinte
395 3002 586 3070 indictionis

965 3113 1039 3180 Rex
1066 3120 1099 3180 et
1142 3114 1332 3182 Jerusalem
1349 3119 1385 3180 et

861 3297 864 3302 ,
968 3223 1099 3306 Regina
1200 3215 1323 3288 Sicilie.

370 3356 406 3415 (A
422 3355 487 3406 Ood.
511 3357 588 3407 XVI.
612 3359 651 3408 Ol.
676 3359 726 3411 XI.
750 3357 813 3412 dist.
831 3367 851 3416 1.
868 3363 1000 3416 Arclrivio
1013 3367 1085 3419 delle
1099 3367 1315 3431 Itisormagioni‚
1329 3382 1346 3418 a
1359 3367 1407 3416 llo·
