3166 5256
630 373 725 437 1345.
819 363 822 370 ’
963 365 968 372 ’
1197 382 1239 443 se

6 610 9 634 ,
77 549 78 554 ’
120 547 196 629 qnod
219 547 389 612 firmarent
405 547 557 614 unionem
572 569 690 632 seeum,
704 548 855 616 habendo
872 548 1027 620 Castrum
1046 553 1185 636 Novum,
1202 561 1235 621 et

6 701 9 718 .
118 653 187 720 filios
201 675 260 721 seu
276 655 360 724 alios
375 656 478 723 bonos
509 650 647 740 obsides,
672 662 706 722 et
722 657 750 722 si
766 678 830 723 nen
847 667 981 741 possent
996 663 1158 745 complere
1175 682 1235 745 per

6 785 8 808 ÷
117 761 236 828 modum
260 763 455 848 predictum,
480 785 545 830 non
570 764 771 842 dimitterent
802 771 986 849 propterea,
1003 767 1082 852 quin
1097 767 1236 852 eomple-

6 905 8 942 ,
116 878 180 936 rent
193 893 268 938 oum
285 872 382 938 dictis
398 873 632 970 securitatibus
656 873 708 939 vel
732 893 806 939 cum
825 881 919 957 parte
936 896 1059 956 carum,
1076 875 1238 942 trahendo
1320 946 1321 954 ,

6 1009 9 1068 g
115 979 207 1046 abeis
223 1003 299 1048 cum
330 1002 428 1065 quam
457 980 577 1047 maiori
608 982 786 1048 securitate
817 991 958 1066 possent,
989 975 1233 1050 considerantes

6 1141 8 1164 ,
114 1111 194 1171 nunc,
209 1091 297 1175 quod
314 1113 374 1175 pro
390 1091 483 1158 nobis
499 1090 603 1159 faciat
627 1113 688 1176 pro
713 1090 870 1158 firmitate
885 1092 1092 1178 negotiorum
1108 1097 1235 1160 nostro·

6 1219 9 1256 :
114 1217 184 1281 rum,
200 1197 228 1262 si
244 1197 335 1264 dicta
350 1198 428 1265 unio
445 1197 578 1265 deberet
593 1199 674 1281 fieri,
699 1198 788 1284 quod
804 1200 982 1267 habeamus
998 1199 1100 1266 talem
1116 1199 1233 1266 securi·

113 1308 210 1387 tatem‚
242 1303 332 1390 quod
362 1306 521 1389 possimus
537 1307 579 1373 de
603 1308 676 1392 ipso
710 1304 838 1374 Gemite
856 1304 1104 1390 Gregorioesse
1119 1307 1236 1389 securi,

6 1427 8 1514 J
114 1411 190 1494 qnod
204 1410 403 1495 attenderet,
422 1412 610 1496 quidnobis
634 1416 851 1500 promitteret.
867 1413 948 1482 Ideo
969 1414 1164 1481 mandamus
1180 1415 1237 1496 eis,

6 1523 10 1608 ξ
114 1520 190 1603 quod
207 1522 274 1587 sint
289 1522 416 1606 provisi
432 1527 466 1587 et
482 1523 609 1608 attenti,
624 1523 708 1590 tales
732 1523 847 1590 obides
863 1529 896 1588 et
911 1523 1104 1588 securitates
1119 1522 1232 1587 firmas

113 1631 141 1691 et
154 1627 192 1692 ad
207 1629 340 1729 plenum
355 1631 499 1714 recipere
515 1636 549 1696 et
564 1631 693 1713 habere,
709 1630 904 1715 procedente
919 1631 1040 1696 unione
1056 1651 1130 1696 eum
1147 1628 1235 1694 dicto

116 1730 233 1801 Gemite
250 1734 423 1821 Gregorio,
446 1737 533 1820 quod
549 1737 650 1804 aimus
665 1745 701 1804 et
716 1759 785 1804 esse
801 1738 963 1822 possimus
977 1738 1061 1805 bene
1076 1735 1182 1803 securi
1198 1734 1239 1800 de

114 1845 190 1908 omni
223 1863 271 1927 eo,
304 1844 392 1928 quod
406 1846 615 1928 promitteret
640 1844 748 1911 dictus
781 1844 897 1913 Gomes
924 1843 1104 1931 Gregorius
1133 1842 1236 1910 nobis.

116 1947 210 2032 (rem
224 1949 412 2036 fogadtatik
427 1949 482 2037 er.)

6 2057 8 2148 ζ
212 2059 372 2144 Capta:
389 2058 450 2126 Ser
465 2059 635 2128 Jobennes
661 2060 788 2129 Sanuto
814 2067 848 2128 et
864 2082 915 2128 ser
931 2060 1089 2128 Perseius
1107 2057 1236 2127 Gredo-

6 2151 8 2212 l
113 2167 185 2249 nico,
195 2164 318 2252 Gapita
334 2167 375 2235 de
390 2167 455 2233 XL
472 2169 585 2234 volunt
600 2169 722 2235 dictam
732 2175 860 2253 partem
877 2190 949 2236 oum
966 2169 1030 2235 hac
1046 2167 1233 2236 additione:

113 2274 318 2360 intelligendo
349 2276 438 2360 quod
468 2277 636 2360 accipiant
666 2275 756 2359 apud
785 2276 869 2343 alias
902 2277 1092 2343 securitates
1107 2296 1129 2341 a
1144 2276 1231 2342 dicto

113 2377 224 2449 Gemiti
240 2381 402 2470 Gregorio
423 2407 484 2469 pro
500 2383 670 2452 obsidibus
695 2383 780 2451 filios
797 2405 881 2466 suos,
898 2388 949 2452 rel
967 2386 1118 2453 adminus
1134 2406 1234 2450 unum

6 2541 8 2582 3
115 2511 223 2558 corum.

212 2598 354 2684 Capta
364 2623 370 2664 :
382 2598 479 2684 Quod
494 2599 657 2666 scribatur
667 2607 702 2666 et
711 2600 934 2666 committatur
949 2601 1070 2666 nostris
1081 2600 1232 2666 Proviso-

6 2723 8 2732 *
114 2705 208 2789 ribus,
223 2707 311 2792 quod
325 2728 392 2772 non
406 2706 613 2790 impediendo
629 2711 801 2789 tractatus,
820 2728 900 2792 quos
917 2705 1087 2789 haberent,
1102 2707 1186 2772 siout
1201 2714 1235 2773 et

43 2863 48 2878 .
117 2814 239 2896 quando
255 2815 302 2881 eis
318 2813 493 2895 videbitur,
509 2813 633 2880 radant
648 2815 691 2879 ad
717 2822 825 2881 terras
841 2821 972 2882 nostras
989 2813 1136 2895 Sibinici,
1152 2815 1235 2882 Tra·

6 2997 8 3026 ι
118 2921 198 3003 gorii
212 2930 244 2988 et
259 2921 400 3006 Spalati,
411 2922 486 2987 etin
497 2921 646 3006 qualibet
655 2943 767 2988 earum
778 2923 813 2988 in
829 2944 885 2989 suo
898 2922 1016 2988 Maiori
1027 2919 1172 2988 Consilio
1187 2921 1234 2988 fa·

116 3028 197 3094 ciant
211 3029 429 3111 embaxatam,
446 3029 738 3097 recommendando
746 3030 940 3097 fidelitatem
956 3052 1066 3097 eorum
1082 3051 1140 3114 per
1155 3036 1235 3096 tem-

6 3127 8 3190 ?
113 3157 188 3218 pora
203 3139 323 3223 elapsa,
339 3160 398 3223 per
422 3159 520 3223 quam
544 3138 664 3206 luimus
692 3145 726 3206 et
741 3159 850 3206 sumus
875 3139 1026 3224 dispositi
1044 3138 1088 3204 ad
1104 3159 1234 3204 conser-

6 3293 11 3348 ἱ
114 3247 265 3314 rationem
282 3255 316 3314 et
331 3255 541 3332 augmentum
557 3269 677 3314 eorum.
692 3249 740 3314 Et
756 3269 827 3314 cum
844 3249 876 3312 in
892 3249 1007 3332 pactis,
1022 3269 1085 3332 que
1106 3247 1230 3312 habent

111 3355 273 3438 nobiscum,
289 3356 495 3422 contineatur
512 3376 670 3440 expresse,
686 3356 775 3441 quod
790 3357 938 3422 inimicos
953 3361 1082 3421 nostros
1099 3355 1232 3432 habere,

6 3449 8 3510 l
113 3461 243 3528 debeant
257 3485 316 3548 pro
332 3464 481 3544 inimicis,
497 3469 530 3528 et
555 3463 580 3530 J
581 3463 748 3530 adratinos
773 3461 952 3529 habeamus
977 3484 1037 3546 pro
1054 3462 1232 3529 rebellibus

6 3559 8 3648 ζ
112 3575 142 3632 et
156 3570 290 3638 inimicis
307 3573 438 3655 nostris,
455 3578 487 3638 et
503 3570 816 3656 intendamus,quod
832 3572 895 3656 ipsi
913 3577 946 3636 et
961 3571 1018 3637 alii
1035 3572 1140 3637 nostri
1155 3569 1233 3635 fide-

6 3745 8 3756 ,
111 3673 153 3740 les
168 3698 220 3742 eos
234 3679 386 3762 persequi
401 3677 558 3762 debeant,
575 3701 631 3746 eos
647 3680 815 3765 requirere
831 3678 983 3757 debeant,
995 3685 1027 3743 ot
1044 3699 1136 3742 suam
1153 3675 1231 3742 fide-

6 3829 8 3860 ,
112 3782 239 3866 litatem,
254 3787 342 3870 quod
359 3786 513 3854 studeant
530 3787 685 3872 persequi
696 3794 728 3852 et
743 3785 907 3852 offendere
919 3785 1024 3850 dictos
1034 3785 1060 3851 J
1060 3783 1231 3850 adratinos

112 3891 144 3956 in
157 3916 246 3961 avere
261 3903 294 3962 et
310 3897 458 3980 personis
483 3896 603 3981 ubique
627 3903 696 3962 tam
721 3897 755 3960 in
780 3895 875 3977 mari,
893 3917 992 3980 quam
1008 3895 1042 3960 in
1058 3902 1157 3978 terra,
1183 3896 1232 3959 ita

113 4001 226 4069 solicite
241 4011 273 4070 et
288 4003 460 4086 ferventer,
485 4005 572 4089 quod
598 4025 712 4070 eorum
737 4003 880 4069 fidelitas
895 4003 1000 4088 possit
1015 4003 1130 4068 merito
1147 4023 1232 4068 com·

113 4109 256 4196 mendam,
278 4119 312 4179 et
327 4113 416 4197 quod
442 4114 568 4198 possint
592 4120 739 4179 nostram
765 4112 907 4196 gratiam
923 4112 958 4177 in
978 4111 1045 4176 suis
1064 4109 1230 4177 favoribus

6 4209 8 4256 ἕ
113 4215 232 4284 uberius
246 4221 434 4304 promereri.
451 4221 498 4287 Et
513 4222 632 4288 ad'hee
656 4220 858 4306 perficienda
883 4219 910 4283 si
937 4219 1124 4302 indigerent
1139 4217 1231 4301 ligno

6 4319 9 4388 l
114 4330 143 4389 et
157 4327 256 4410 armis,
271 4327 379 4411 parati
396 4349 504 4394 sumus
532 4329 578 4394 eis
605 4327 775 4395 subvenire
800 4331 833 4390 et
849 4325 1034 4404 concedere,
1050 4329 1087 4389 ut
1102 4322 1232 4408 possint

6 4443 8 4518 ξ
115 4431 234 4515 plenius
249 4454 398 4500 exercere
415 4456 507 4501 suern
523 4436 644 4502 bonam
660 4435 852 4500 fidelitatem
869 4433 912 4498 ad
938 4431 1092 4498 damnum
1109 4437 1142 4496 et
1158 4451 1232 4496 eon·

6 4519 12 4626 l
115 4537 259 4608 lusionem
288 4543 452 4608 dictorum
482 4541 734 4610 Jadratinorum
766 4541 969 4607 inimicorum
994 4545 1181 4604 nostrorum
1198 4542 1230 4602 et

6 4631 8 4644 .
1083 4645 1123 4714 6*
