3214 5260
604 392 698 454 1355.
1154 392 1219 455 459

82 587 144 650 per
160 567 328 632 dominnm
354 566 549 632 Palmanum
575 567 705 631 nomine
730 566 851 632 domini
874 567 1087 652 Imperatoris
1104 569 1219 651 Raxie,

85 674 280 740 suburbium
295 681 405 740 antem
430 695 505 739 cum
529 680 627 757 porta
643 675 809 759 superiore
826 683 946 741 etcum
962 698 1049 759 saxo,
1064 678 1153 761 quod
1168 699 1220 742 ro-

84 789 183 848 catur
199 781 342 864 Opraclr,
367 789 456 847 tenet
481 781 632 846 dominus
647 783 759 848 Banue
775 785 905 849 nomine
921 784 1023 866 Regis
1039 783 1220 870 Hungarie.

84 889 205 972 Aliqui
223 911 262 954 ex
287 889 532 971 istis-partibus
558 889 656 952 locuti
684 889 815 954 suerunt
839 890 1006 958 nobiscum
1030 898 1221 975 asserentes,

85 997 175 1081 quod
194 997 222 1060 si
238 997 394 1061 vellemus
411 997 557 1077 aliquam
584 997 719 1078 pecunie
737 999 956 1081 quantitatem
973 1001 1150 1066 concedere
1165 1003 1221 1067 do·

85 1105 177 1170 mino
203 1103 343 1170 Nicolao
370 1104 462 1170 Bono
488 1105 643 1187 predicte,
670 1105 757 1188 qnod
778 1108 847 1188 ipse
865 1106 1045 1173 dimitteret
1059 1108 1148 1174 dicto
1166 1111 1220 1175 tlo-

85 1215 177 1278 mino
194 1212 356 1278 Palmano
373 1219 487 1294 totum,
515 1213 601 1295 qnod
629 1219 719 1280 tenet
734 1214 774 1278 de
792 1213 937 1296 Olieecio,
953 1222 990 1280 nt
1006 1217 1075 1298 ipse
1090 1217 1221 1283 Palma-

87 1341 150 1384 nus
168 1321 320 1403 primitus
337 1319 478 1401 tenebat,
495 1326 527 1383 et
544 1320 613 1403 ipse
630 1319 743 1384 Bonus
763 1327 981 1390 reverteretur
996 1321 1039 1388 ad
1056 1345 1131 1390 suas
1147 1347 1221 1408 per-

84 1433 146 1508 tes,
174 1447 259 1510 quas
284 1433 374 1492 tenet
398 1449 458 1511 pro
484 1427 614 1493 domino
638 1427 740 1512 Rege.
766 1427 893 1513 Quibus
909 1431 1013 1498 verbis
1030 1453 1219 1516 responsum

84 1535 235 1616 fecimus,
251 1536 339 1626 quod
364 1535 427 1617 ipsi
454 1535 610 1600 deberent
636 1538 818 1619 persentire
834 1536 876 1602 ab
892 1537 963 1622 ipso
981 1537 1109 1604 domino
1125 1539 1220 1604 Bano

86 1643 130 1709 de
148 1664 209 1707 sna
225 1641 415 1722 intentione,
434 1647 465 1707 et
483 1645 571 1726 quod
588 1646 782 1727 exprimant,
799 1652 954 1728 quantam
969 1647 1102 1730 pecunie
1119 1667 1221 1730 quan-

85 1753 219 1816 titatem
244 1751 349 1832 vellet,
375 1756 408 1814 et
434 1751 579 1816 notificet
595 1753 708 1832 nobis3
735 1773 816 1834 quos
833 1750 1037 1818 intendemus
1053 1753 1171 1820 ducere
1187 1757 1221 1819 in

84 1860 373 1944 prolongationem
392 1861 574 1942 verborum,
591 1860 694 1926 donec
711 1883 730 1925 o
746 1861 836 1925 robis
853 1859 1220 1945 superhochabebimus

83 1968 316 2051 responsivam.
342 1966 581 2033 Nicbilominus
607 1968 692 2032 idern
719 1968 868 2033 dominns
882 1969 998 2033 Banus
1014 1967 1171 2036 fortificat
1187 1992 1221 2035 se

85 2076 121 2138 in
140 2075 230 2140 dicto
246 2097 324 2140 saxo
350 2073 490 2157 crissen,
517 2082 674 2159 qnantum
693 2080 810 2159 potest,
826 2082 894 2140 tam
910 2076 949 2142 de
965 2076 1121 2142 hedeficio
1137 2078 1222 2144 muri

84 2203 188 2267 quam
214 2182 407 2266 lignaminis.
433 2181 562 2276 Omnia
577 2191 686 2248 autem
711 2185 771 2249 bec
797 2205 879 2248 nova
903 2190 969 2248 tam
986 2185 1074 2249 dicto
1091 2185 1221 2250 domino

1 2331 2 2335 =
88 2291 291 2375 Imperatori
316 2291 422 2357 Rexie
438 2313 536 2375 quam
563 2293 662 2357 etiam
688 2292 817 2356 domino
842 2291 970 2356 Jacobo
1002 2291 1131 2357 Delfino
1162 2313 1221 2375 per

83 2399 202 2484 plures
227 2421 341 2465 manus
365 2408 444 2467 nota
469 2399 603 2468 fecimus
629 2399 691 2466 stb.
716 2399 806 2464 Data
831 2397 958 2483 Spoleti
984 2397 1036 2463 die
1057 2398 1141 2464 XII.
1157 2399 1221 2464 De-

83 2507 238 2574 cembris.

446 2615 638 2682 Dominicus
655 2614 808 2695 Michael,
825 2614 988 2699 Mapbeus
1005 2611 1221 2694 ContarenuS,

445 2725 485 2790 de
510 2729 618 2790 vestro
643 2722 800 2788 mandato
826 2721 1018 2786 Provisores
1043 2721 1086 2788 ad
1111 2729 1221 2810 partes

738 2829 920 2896 Solanonic.

342 2977 482 3039 (Eredetie
497 2993 514 3027 a
528 2978 667 3026 velenczei
682 2991 757 3042 nagy
770 2973 962 3038 leveltrirbsn.)

623 3287 696 3347 370.

83 3447 116 3512 A
138 3447 290 3510 oclenczci
314 3448 525 3533 bortn‘rscsciq
551 3449 583 3509 ris
609 3445 778 3512 Carrarni
804 3446 945 3509 Ferencz
961 3447 1223 3532 padrcaifcjedc-

557 3556 625 3618 lem.
653 3557 746 3618 1355.

198 3711 297 3781 Anno
309 3712 506 3780 MCCCLV.
519 3715 570 3778 die
583 3713 704 3780 XXII.
723 3714 922 3779 Decembris.
939 3712 965 3777 C
980 3719 1085 3797 apta
1101 3739 1107 3777 :
1126 3711 1222 3795 Quod

83 3821 329 3905 respondeatur
347 3824 477 3888 domino
502 3823 613 3889 Pedue
630 3844 726 3906 snper
742 3820 847 3887 verbis
863 3822 959 3886 dictis
976 3842 1036 3904 pro
1052 3825 1147 3903 parte
1164 3841 1223 3884 sna

4 3965 15 3996 ·.
83 3951 148 4016 per
165 3931 330 3996 dominum
346 3933 369 3998 ,J
373 3933 531 3996 ohannem
550 3931 590 3995 dc
607 3929 745 4014 Perage,
761 3930 973 4012 regratiando
990 3931 1028 4008 ei,
1046 3929 1130 3993 sicut
1146 3947 1220 3992 con·

83 4037 185 4119 venit,
211 4038 252 4102 de
277 4060 314 4102 eo
338 4037 425 4122 quod
448 4037 598 4122 predicta
623 4038 725 4103 voluit
749 4037 949 4121 participare
975 4035 1152 4100 nobiscum.
1179 4035 1223 4099 Et

83 4151 250 4232 quantum
268 4152 318 4211 est
334 4145 373 4210 de
390 4144 462 4226 hiis,
488 4167 550 4230 que
579 4145 639 4210 sibi
658 4145 742 4210 dixit
757 4142 908 4210 (loradus
924 4144 1019 4227 Lupo
1036 4164 1132 4226 snper
1148 4161 1224 4206 con-

82 4253 255 4319 trahenda
279 4254 450 4337 parentela
475 4276 547 4320 cum
574 4254 663 4334 Rege
682 4253 871 4337 Hungarie3
897 4273 1007 4317 sumus
1023 4251 1115 4334 certi,
1133 4251 1221 4334 quod

84 4361 151 4427 sibi
168 4359 659 4445 responderitetrespondebit,
676 4361 759 4425 sicut
792 4361 961 4426 conveniet
985 4358 1101 4424 honori
1117 4379 1173 4424 suo
1190 4365 1224 4423 et

83 4477 211 4536 nostro.
228 4469 352 4536 Verum
379 4468 404 4534 si
422 4469 451 4533 ei
466 4466 643 4546 rideretur,
669 4469 871 4534 crederemus
888 4489 981 4533 omne
998 4466 1126 4547 bonum,
1144 4467 1222 4548 quia

87 4579 124 4644 in
149 4577 238 4642 omni
264 4575 482 4662 responsione,
509 4595 607 4656 qnam
634 4573 696 4639 sibi
721 4574 809 4654 facit,
834 4574 1010 4658 subiungit,
1035 4573 1223 4655 quodlicet
