3110 5248
589 341 684 405 1348.
1123 343 1185 404 287

1 516 3 595 t
75 521 133 580 stro
148 511 280 584 Vnionis
306 517 357 583 vel
384 517 514 601 Onlphi.
539 517 586 584 nt
612 516 778 584 scribatur
786 517 883 592 ,dicto
900 513 1025 584 (lomiti
1040 515 1187 600 Ragnsfi,

74 622 150 704 qnod
165 624 193 688 si
207 623 361 692 habuerit
384 625 427 692 ab
453 622 736 692 Ambaxatoribus
762 625 891 706 nostris,
918 644 1001 707 quos
1028 624 1187 692 habemus

1 760 2 781 ι
72 731 108 795 ad
120 730 240 813 Regem
256 732 439 814 Hungarie,
464 731 552 816 quod
571 731 672 797 simus
688 733 723 796 in
739 731 904 798 discordia
920 753 993 798 cum
1010 753 1058 814 eo,
1074 731 1188 798 statim

1 845 2 918 ζ
71 838 180 920 absque
203 837 272 904 ulla
299 839 460 905 dilacione
485 838 603 904 debeat
627 839 688 904 hec
714 838 857 906 scribere
873 860 1047 923 perunum
1063 838 1188 920 lignum

1 976 2 1015 1
69 951 216 1012 armatum
232 943 417 1030 (lapitaneo
442 945 580 1016 Vniouis
604 945 655 1011 rel
682 941 812 1030 Oulphi,
837 947 895 1029 qui
911 944 1031 1012 debent
1046 966 1081 1012 se
1097 966 1188 1032 repe-

1 1039 2 1103 Ῡ
68 1053 124 1118 rire
139 1054 171 1118 in
184 1053 338 1138 partibus
362 1053 524 1119 Mothoni.
548 1053 595 1118 Et
620 1052 786 1118 scribatur
811 1051 909 1118 dictis
925 1051 1116 1136 capitaneis
1132 1072 1188 1118 no·

1 1173 2 1232 j
67 1161 144 1242 stris,
166 1161 253 1242 qnod
279 1162 309 1224 si
335 1163 495 1226 senserint
518 1181 577 1244 per
601 1160 731 1225 litteras
757 1159 838 1226 dicti
854 1157 992 1227 Comitis
1007 1161 1121 1244 nostri,
1137 1159 1188 1225 rel

1 1309 3 1324 ›
66 1289 117 1351 per
138 1268 262 1336 litteras
288 1267 554 1335 Ambaxatorunr
578 1275 774 1349 nostrorum,
807 1267 895 1352 quod
921 1266 980 1354 (sit
1005 1267 1188 1355 discor)dia

67 1395 129 1440 cnm
143 1376 274 1442 domino
301 1376 396 1461 Rege
421 1376 578 1460 predicto,
603 1375 682 1442 dent
706 1395 841 1459 operam
867 1381 901 1440 et
926 1381 1102 1459 procurent
1127 1395 1187 1440 suo

1 1521 2 1574 1
64 1501 144 1564 pone
158 1503 218 1566 per
232 1481 331 1549 illam
349 1483 434 1550 riam
451 1487 484 1548 et
499 1482 640 1563 modum,
655 1482 713 1565 qui
728 1480 924 1548 videbuntur
934 1483 983 1548 eis
992 1502 1052 1565 pro
1062 1481 1187 1548 honore

1 1655 2 1676 ᾖ
64 1597 160 1655 nostro
186 1597 220 1656 et
246 1591 336 1658 bono
364 1590 489 1674 negocii
515 1611 553 1656 ac
577 1591 755 1680 securitate
778 1612 846 1671 suo,
862 1589 950 1674 quod
965 1589 1074 1656 insule
1089 1597 1121 1655 et
1136 1611 1188 1656 ea-

64 1705 154 1762 strum
178 1698 220 1764 de
245 1696 387 1782 corphu
412 1719 448 1764 se
473 1697 647 1764 submittat
670 1702 784 1763 nostro
809 1697 976 1778 Dominio,
991 1695 1140 1764 iaciendo
1156 1705 1188 1764 et

63 1804 261 1886 procurando
278 1805 346 1890 ipsi
363 1811 466 1886 caute,
482 1812 519 1870 ut
533 1805 661 1889 possint
685 1803 808 1870 habere
823 1811 856 1870 et
871 1806 1026 1887 consequi
1041 1812 1188 1872 nostram

1 1930 2 2007 ᾗ
65 1913 269 1979 intentionem
286 1934 361 1979 oum
385 1913 509 1979 honore
535 1921 650 1979 nostro
666 1919 699 1977 et
715 1913 915 1979 salvamento
931 1934 998 1992 sno,
1012 1920 1049 1978 ut
1065 1913 1187 1980 dictum

62 2027 112 2098 est
136 2028 168 2084 st
191 2023 304 2104 possit
328 2019 435 2088 dietus
461 2015 662 2104 Capitonem
688 2020 740 2085 vel
765 2017 950 2103 Oapitanei,
976 2019 1034 2104 qui
1058 2019 1120 2086 ibit
1136 2022 1187 2086 vel

61 2126 145 2192 ibunt
159 2149 221 2211 pro
238 2129 305 2193 isto
322 2130 467 2212 negocio,
482 2128 665 2212 expendere
682 2135 716 2194 et
733 2128 812 2194 dare
827 2129 911 2193 sicut
920 2127 1051 2210 putabit
1066 2129 1116 2194 vel
1130 2151 1188 2213 pu-

60 2233 167 2300 tabunt
181 2235 249 2320 ipsi
265 2237 348 2302 utile
363 2257 424 2320 pro
440 2237 666 2303 consecutione
683 2235 772 2302 laeti.
797 2238 843 2304 Et
859 2235 966 2303 sinon
982 2243 1115 2320 possent
1130 2236 1186 2302 ha-

60 2339 128 2406 bere
142 2342 252 2409 loenm
277 2351 312 2410 et
335 2343 474 2410 insulam
500 2341 612 2426 libere,
637 2345 704 2410 sint
720 2345 864 2410 contenti
879 2344 1028 2427 accipere
1044 2350 1187 2409 cestrum

1 2585 3 2690 l

1 2751 3 2840 l

1 2450 2 2467 ¹
60 2448 213 2517 innostra
230 2451 395 2532 custodia,
410 2453 507 2520 salvis
522 2451 649 2518 iuribus
665 2471 957 2550 quorumcumque

190 2595 228 2660 (A
243 2598 386 2648 velenezei
400 2597 529 2648 »Secreto
542 2599 656 2648 Oonsilii
668 2597 926 2664 Regnorum-bol.
940 2595 996 2645 Irit.
1009 2595 1052 2657 Β.)

590 3012 665 3075 259.

56 3167 82 3229 Ι.
99 3171 475 3260 Lajosmapyarkirdly
484 3173 567 3237 mint
584 3173 771 3239 siculotae
782 3159 1015 3257 rajerneelben
1024 3169 1190 3237 Μαῖῖθῡᾶὄ

1 3529 2 3611 ?
57 3541 157 3610 Anno
173 3547 219 3612 ab
236 3545 476 3614 Incarnacione
486 3548 629 3614 eiusdem
639 3547 808 3614 millesimo
819 3547 1047 3615 trecentesimo
1057 3553 1188 3629 quatra·
1303 3589 1307 3596 -

507 3278 626 3368 kirtly.
644 3283 740 3346 1348.

158 3435 211 3525 A)
237 3439 281 3504 In
305 3441 433 3505 nomine
448 3440 585 3507 Domini
610 3441 712 3506 nostri
727 3439 828 3506 Ihesu
853 3438 979 3506 Christi
994 3440 1060 3507 Dei
1076 3441 1189 3504 eterni.

1 3652 2 3696 3
58 3654 178 3732 gesimo
195 3661 312 3722 octavo
327 3655 380 3722 die
397 3657 626 3723 terciodecimo
642 3659 760 3724 mensis
776 3655 905 3741 Aprilis
920 3655 950 3721 Ι.
983 3655 1189 3721 indiccionis.

1 3823 2 3826 ,
57 3757 889 3850 RegnauteDominonostroLudoyco
915 3763 996 3829 Dei
1027 3763 1188 3848 gracia

1 3877 2 3880 ’
58 3865 363 3940 serenissimo
394 3873 643 3956 Hungarie‚
673 3873 932 3940 Jerusalem
960 3879 1002 3938 et
1033 3870 1189 3949 siclis,

57 3971 263 4046 Ducatus
280 3979 450 4064 Apulie
467 3987 509 4046 et
525 3979 826 4064 Principatus
843 3980 1002 4064 (lapus,
1018 3978 1190 4044 Dalma-

1 4089 2 4092 ’
58 4086 1189 4171 eis,Orohaoie,Rame‚Seruio,Gallieie‚Lodome·

1 4197 2 4254 ἶ
58 4193 712 4280 rie‚Gumanie‚Vulgarieque
741 4192 1190 4279 Rege,PrincipeSa-

58 4297 303 4387 lernitano,
334 4311 376 4369 et
406 4304 606 4370 Honoris
636 4302 806 4370 Montis
831 4302 991 4370 Sancti
1022 4299 1190 4384 Angeli

59 4407 527 4496 Domin0,Regnorum
552 4433 656 4476 vero
682 4413 777 4478 eius
808 4411 1047 4494 Hungarie
1077 4430 1190 4474 anno

60 4526 195 4603 sexto,
224 4517 487 4586 Jerusalem
519 4527 561 4584 et
592 4517 756 4585 Sicilie
788 4527 930 4586 autem
955 4517 1103 4602 primo.
1120 4514 1190 4580 Nos
