3166 5256
401 365 463 428 122
542 399 548 406 -
758 373 995 423 nrrnonnezmr
1011 357 1178 420 sunnonis

402 546 451 606 tes
475 560 625 623 campum
650 538 765 624 solum,
785 536 968 604 accessistis
985 533 1028 600 ad
1043 532 1210 600 dominum
1225 532 1441 618 Delphynum.
1456 531 1525 616 Qus

401 648 511 714 omnin
527 645 620 714 nobis
635 645 811 731 displicent
826 644 916 711 ultre
931 666 1030 729 quern
1047 643 1189 710 scribere
1204 642 1393 708 valeremus.
1402 640 1463 708 stb.

411 847 419 862 .
506 810 543 873 (Δ
557 809 686 862 »Secreta
699 809 813 862 Consilii
825 810 1014 875 negatorum«
1030 795 1085 858 litt.
1098 805 1134 858 Δ.
1146 808 1200 857 vol.
1218 806 1251 866 1.)

883 1021 1044 1032 u—-u--n-

399 1425 493 1489 Szent
510 1425 671 1510 Gto'zoqon
689 1419 815 1508 jadrae·
836 1399 1066 1486 monostornok
1091 1419 1210 1503 apdtja
1241 1417 1405 1504 enyertc'tyt
1428 1426 1520 1502 syort,
1581 1435 1582 1438 ’

570 1533 652 1618 toyy
667 1529 824 1614 kreldtoje
841 1552 863 1593 a
880 1527 1017 1593 odronto
1033 1526 1254 1592 bocsdttasee'lo.
1277 1527 1371 1591 1345.

508 1687 608 1756 Anno
624 1684 864 1757 Moooxnv.
880 1685 932 1752 die
948 1684 1008 1755 VI.
1025 1684 1226 1753 Decembris.
1257 1685 1419 1770 Capta:
1436 1682 1522 1770 Quod
1581 1687 1582 1692 ’

400 1799 598 1865 concedetur
613 1796 747 1864 licentio
762 1792 888 1862 Abbati
899 1791 1017 1860 Sancti
1026 1791 1205 1878 Grisogoni
1220 1793 1260 1859 de
1275 1792 1300 1859 J
1302 1792 1392 1874 adra,
1408 1793 1464 1877 qni
1479 1799 1520 1858 est

401 1907 442 1972 de
458 1906 601 1972 Francia
631 1912 664 1972 et
695 1903 736 1970 de
751 1922 834 1970 novo
866 1908 996 1969 oreatus
1011 1924 1069 1986 per
1085 1901 1253 1968 dominum
1283 1901 1422 1986 Papam,
1443 1899 1521 1986 quod

402 2015 505 2099 possit
529 2014 660 2080 mittere
686 2012 720 2077 in
746 2011 888 2078 Jadram
913 2032 1014 2076 unum
1038 2032 1134 2078 suum
1158 2010 1297 2076 fratrem
1323 2008 1363 2074 de
1386 2031 1449 2076 sus
1469 2007 1520 2072 lin·

400 2141 474 2205 gue,
489 2127 522 2187 et
544 2142 646 2188 unum
661 2141 753 2186 suum
769 2118 928 2187 famulum
943 2140 1017 2185 oum
1034 2119 1100 2186 suis
1115 2119 1264 2203 personis
1280 2117 1393 2185 solnm.

588 2285 624 2347 (Α
638 2284 766 2335 »Secreta
779 2282 894 2334 Consilii
905 2282 1095 2348 Rogotornm«
1110 2283 1164 2333 Lit.
1178 2283 1201 2334 1.
1215 2284 1269 2333 vol.
1282 2283 1317 2345 Ι.)

887 2445 1048 2454 -..——-

934 2675 1008 2739 114.

435 2834 466 2901 A
483 2836 637 2902 celeoozei
654 2837 997 2924 kormdnytana'cscak
1012 2837 1125 2905 Jadra
1142 2835 1306 2942 tcvttcltre
1323 2835 1493 2904 vocassent

783 2947 1027 3014 tacdoskozdsa.
1055 2947 1151 3014 1345.

511 3104 610 3172 Anno
626 3103 867 3176 MOOOXLV.
882 3105 1061 3174 indictione
1085 3105 1177 3178 XIV
1178 3155 1185 3171 .
1210 3107 1262 3174 dio
1281 3105 1381 3178 VHL
1396 3104 1517 3171 Decem·

401 3215 479 3282 bris.
497 3213 559 3282 Ser
574 3217 709 3283 Morcus
724 3213 930 3282 Leuredano.
956 3213 1045 3300 Quis
1069 3213 1149 3282 facit
1172 3237 1234 3302 pro
1249 3217 1346 3284 nobis
1362 3217 1516 3284 ethonore

401 3329 513 3392 nostro
529 3345 706 3408 procurare
721 3345 780 3408 per
796 3345 923 3391 omnem
948 3323 1080 3391 modum
1097 3324 1136 3390 de
1151 3324 1302 3392 habendo
1318 3325 1514 3392 intentionem

401 3438 434 3498 et
449 3432 605 3499 honorem
619 3437 770 3500 nostrum
785 3433 820 3498 in
834 3430 923 3499 facto
939 3433 964 3500 J
966 3433 1045 3500 edre
1061 3458 1069 3499 :
1085 3431 1177 3500 vadit
1192 3453 1280 3518 pars,
1307 3433 1392 3518 quod
1408 3424 1515 3500 scribs-

401 3548 457 3609 tur
474 3540 665 3628 (lapitensis
681 3543 802 3610 nostris
812 3539 919 3609 Maris
934 3547 968 3608 et
984 3541 1097 3624 Terre,
1113 3540 1451 3626 ethbernstoribus,
1465 3540 1515 3626 qni

403 3670 462 3716 nos
479 3655 723 3735 representant:
740 3651 816 3718 Hoc
831 3651 1000 3736 negotium
1015 3649 1120 3718 Jadre
1130 3673 1285 3737 magnum
1301 3673 1381 3737 esse,
1396 3657 1429 3719 et
1443 3647 1515 3736 quod

402 3758 555 3824 honoret
571 3763 676 3825 status
700 3767 810 3826 noster
834 3760 972 3827 multum
997 3761 1107 3845 perdit
1130 3761 1166 3828 in
1181 3761 1247 3844 illo,
1266 3770 1419 3848 optemus
1432 3755 1516 3846 pluri·

404 3887 492 3932 mum
507 3865 551 3931 ed
566 3865 664 3932 finem
680 3871 830 3951 optatum
844 3889 906 3953 per
920 3889 1048 3934 omnem
1064 3869 1151 3935 viem
1170 3873 1204 3934 et
1219 3869 1352 3936 modum
1367 3866 1516 3954 pervenire
1573 3851 1577 3856 ¹

401 3996 475 4041 eum
490 3975 613 4041 honore
638 3981 761 4044 nostro.
785 3977 833 4042 Et
847 3975 921 4044 ideo
946 3975 986 4043 de
1011 3976 1221 4062 providentie
1241 3983 1274 4044 et
1297 3977 1453 4044 fidelitate
1467 3992 1514 4040 sus

403 4083 609 4166 confidentes,
625 4084 855 4152 committimus
881 4085 938 4168 eis,
963 4085 1051 4168 quod
1075 4084 1221 4152 habeant
1245 4085 1433 4154 libertatem
1446 4091 1506 4149 trac

402 4193 503 4274 tondi,
528 4194 714 4278 inquirendi
740 4185 1014 4280 et'investigsndi
1038 4216 1243 4279 peromnem
1268 4194 1387 4263 abilem
1401 4193 1515 4263 vismei

405 4301 539 4368 modum
555 4310 679 4370 secrete
695 4325 769 4371 eum
785 4303 935 4370 omnibus
951 4303 1019 4370 illis
1044 4304 1201 4389 personis,
1233 4324 1296 4388 que
1312 4302 1376 4370 sibi
1391 4301 1515 4369 vidoren·
1581 4296 1583 4349 i

403 4416 468 4493 tnr,
485 4410 524 4476 de
540 4411 692 4480 habendo
709 4419 967 4498 pertractatum
983 4412 1160 4481 Ciuitatem
1176 4411 1201 4477 J
1202 4411 1282 4478 edre
1297 4411 1401 4479 libere
1416 4416 1446 4476 et
1460 4406 1513 4473 sinc

406 4515 595 4586 condicione
611 4520 725 4604 eliqua
740 4521 773 4587 in
788 4520 886 4588 fortio
901 4527 1025 4604 nostra,
1040 4520 1201 4608 possendo
1226 4522 1419 4607 promittere
1433 4516 1476 4585 illi
1488 4517 1515 4580 et
