3108 5246
377 352 442 417 338
728 365 962 414 nmaonncmm
978 352 1148 413 auribnus.

376 533 543 613 prestante
559 529 713 609 Domino,
728 527 883 609 consequi
900 545 1084 592 mereamur
1101 523 1252 591 effectum
1270 529 1425 607 optatum
1441 523 1494 590 cc

376 646 483 704 terum
500 638 597 704 dictis
614 635 781 702 Oenomao
798 641 831 699 et
846 633 960 716 Militi,
972 641 1023 700 ‘ut
1039 633 1082 700 ad
1098 633 1226 718 Regem
1242 632 1380 698 eundem
1394 651 1496 717 perse

376 747 448 812 nire
464 752 498 814 et
512 747 621 812 redire
646 745 688 812 ab
714 765 753 810 eo
770 765 882 810 secure
897 742 1034 827 possint,
1057 764 1206 810 secmum
1222 742 1415 808 conductum
1429 762 1495 806 con·

377 847 502 939 cadere,
528 876 566 920 ac
592 853 635 920 ab
661 852 776 920 eodem
800 854 902 917 etiam
927 849 1020 934 Rege
1036 851 1116 916 velis
1131 850 1316 917 liberaliter
1331 850 1495 934 inpetrare.

376 960 501 1028 Datum
526 960 691 1028 Arinione
717 959 825 1025 idibus
851 958 1036 1038 Februarii,
1068 957 1286 1024 Pontificatus
1301 957 1404 1023 nostri
1419 977 1495 1022 anno

381 1071 529 1154 septimo.

684 1217 744 1280 (Vl.
763 1215 898 1266 Kelemen
920 1215 992 1279 ptpa
1011 1213 1202 1279 regeattibbl.)

862 1359 1023 1371 μ*-

902 1523 977 1586 281.

393 1684 541 1751 illicebris
555 1684 664 1750 lstudn
680 1684 763 1749 mint
779 1706 920 1771 rncpyar
937 1684 1131 1769 kormdoyzo
1141 1677 1381 1746 Gatatrtutan.
1392 1679 1480 1745 1349.
1551 1733 1553 1784 j

376 1834 381 1843 ’
486 1841 538 1910 De
557 1839 724 1929 Stephano
741 1842 905 1924 Misbano,
921 1843 977 1926 qni
994 1863 1028 1906 se
1051 1841 1194 1908 faciebat
1210 1840 1339 1906 Ducem
1355 1839 1495 1906 Calabria
1551 1839 1553 1876 ³

381 1953 541 2020 tirannice
557 1954 729 2019 nominari.

487 2061 675 2128 Lndoricus
690 2068 722 2126 et
737 2061 894 2129 Johanna
910 2066 971 2125 ete.
989 2056 1148 2126 Generali
1158 2057 1342 2143 Capitoneo
1353 2057 1494 2124 Calabria
1551 2129 1553 2136 Α

380 2169 430 2234 vel
447 2169 637 2236 Justitiario
654 2169 800 2236 eiusdem
816 2168 994 2252 Provincia,
1010 2189 1135 2233 necnon
1152 2165 1335 2252 (lapitaneo
1359 2165 1494 2234 Ciuitate

380 2275 477 2361 Regij
504 2278 620 2361 suique
645 2277 837 2361 Districtue,
862 2275 913 2342 rel
938 2295 1049 2341 eorum
1066 2275 1171 2358 alteri,
1185 2274 1339 2342 fidelibus
1355 2279 1419 2340 suis
1432 2294 1493 2358 gra·

380 2385 460 2450 tiam
477 2392 537 2450 etc.
554 2384 646 2452 Sicut
662 2388 812 2470 exposuit
826 2384 921 2450 nobis
937 2381 1275 2450 nouiterGuillelmus
1285 2382 1414 2449 Morelli
1428 2380 1493 2446 fide·
1551 2419 1553 2430 -

378 2492 421 2557 lis
447 2499 567 2576 noster,
592 2493 715 2559 dudum
740 2493 829 2560 clare
856 2493 1009 2558 memorie
1034 2491 1230 2558 reverendus
1255 2492 1402 2557 dominus
1424 2506 1491 2556 auus

380 2605 491 2666 noster
506 2599 694 2666 Jerusalem
711 2605 744 2665 et
760 2597 871 2666 Sicilie
895 2599 968 2666 Rex
992 2598 1139 2681 illustris,
1155 2599 1231 2665 dum
1255 2601 1390 2684 sineret,
1405 2603 1492 2663 atten-

272 2777 273 2783 χ
379 2707 459 2774 dens
483 2706 587 2788 fidam,
603 2708 808 2790 industriam,
824 2707 1075 2774 sollicitudinem
1090 2714 1124 2773 et
1139 2707 1342 2790 legalitatem
1365 2705 1490 2772 eiusdem

379 2813 560 2898 Gnillelmi,
576 2836 650 2882 eum
669 2815 895 2882 Castellianum
911 2814 1021 2882 Casiri
1037 2816 1137 2882 nostri
1155 2814 1268 2882 Sancti
1285 2814 1397 2881 Niceti
1411 2811 1489 2880 duxit

379 2943 482 3007 usque
499 2923 543 2988 ad
557 2923 747 2991 Maiestatis
773 2923 840 2991 Sue
856 2924 1096 3008 beneplacitum
1121 2945 1194 2990 cum
1211 2925 1376 2990 consuetis
1401 2920 1491 3007 gagijs

378 3050 438 3112 per
456 3032 613 3114 speciales
630 3033 867 3098 commissionis
891 3053 948 3098 sue
972 3033 1109 3099 lieteras
1125 3031 1360 3114 ordinandum;
1375 3029 1490 3112 Nosque

379 3135 509 3220 Regina
533 3137 649 3204 deinde
673 3137 759 3206 infra
783 3145 910 3224 tempus
926 3143 1030 3207 nostri
1054 3141 1220 3226 regiminis
1235 3137 1491 3219 Guillelmumip

380 3267 450 3310 sum
475 3245 510 3310 in
535 3246 647 3312 eodem
674 3245 875 3314 Castellanie
890 3246 986 3316 offcio
1013 3248 1271 3315 confirmandum
1287 3249 1430 3315 duximus
1444 3265 1491 3328 per

379 3359 509 3420 nostras
540 3353 673 3421 lieteras
704 3376 743 3421 ae
767 3358 866 3423 etiam
894 3356 1121 3424 ordinandum.
1139 3355 1198 3424 Set
1213 3355 1338 3424 factum
1353 3357 1452 3423 extitit
1464 3355 1490 3415 et

380 3467 558 3545 sequutum,
582 3464 671 3548 quod
694 3465 886 3546 insurgente
911 3466 1043 3532 turbine
1060 3472 1093 3532 et
1109 3471 1223 3531 exorto
1239 3465 1372 3532 fremitu
1387 3463 1488 3545 inipso

379 3567 524 3635 Calabra
549 3571 681 3655 regione
705 3580 841 3656 propter
856 3571 1030 3640 adventum
1054 3575 1224 3658 potissime
1239 3572 1344 3658 Regis
1359 3567 1487 3654 Vngarie

379 3675 497 3759 notorij
516 3675 619 3741 hostis
644 3680 760 3761 nostri,
775 3687 808 3744 et
833 3679 1023 3746 dominante
1039 3685 1119 3745 tune
1134 3678 1217 3745 inibi
1233 3677 1402 3765 Stephano
1417 3677 1489 3744 dicto

379 3783 543 3863 Misbano,
558 3786 614 3869 qui
641 3806 675 3850 se
691 3785 835 3854 faciebat
844 3787 970 3853 Ducem
986 3785 1140 3854 Calabria
1156 3788 1318 3854 tirannice
1336 3785 1489 3866 nomimrj‚

379 3891 536 3957 nonnulla
562 3901 670 3959 castra
694 3901 727 3960 et
751 3901 840 3963 terre
856 3895 989 3961 fuerunt
1004 3916 1064 3980 per
1096 3895 1234 3961 eundem
1251 3893 1448 3980 Stephanum
1460 3893 1491 3958 de

378 3997 476 4079 lacto,
492 4006 525 4064 et
549 4010 640 4068 motu
655 4003 800 4088 ejusdem
817 4003 977 4090 Stephani
993 4011 1159 4088 occupate,
1175 4007 1409 4090 summisseque
1423 4003 1491 4086 regi·

380 4109 460 4172 mini
491 4106 649 4193 Stephani
682 4113 870 4196 supradicti.
893 4114 1046 4197 Dumque
1062 4113 1259 4180 Guillelmus
1274 4113 1370 4198 idem,
1388 4121 1447 4179 tam
1460 4129 1490 4172 ex

380 4221 515 4299 sequuta
544 4219 760 4286 mortalitatis
791 4227 915 4304 eventu,
941 4243 1003 4306 que
1029 4224 1207 4287 servientes
1231 4221 1375 4287 eiusdem
1392 4219 1490 4286 caste.

379 4325 624 4391 remanentibus
644 4329 690 4394 ibi
715 4327 943 4397 tantummodo
960 4335 1102 4412 quatuor
1116 4329 1316 4414 pauperibus
1342 4339 1375 4396 et·
1390 4326 1491 4412 egmtis

377 4433 413 4496 in
430 4452 588 4498 concursu
600 4457 672 4501 oum
689 4435 851 4503 defunctis
868 4438 944 4522 alijs
960 4438 1000 4503 de
1017 4437 1078 4503 bac
1104 4437 1170 4504 vita
1187 4437 1396 4520 subduxerat,
1412 4451 1490 4519 qnam

381 4537 541 4606 devictum
573 4543 754 4623 egritudine
786 4547 835 4610 sui
868 4545 1061 4627 languentis
1086 4547 1120 4611 in
1144 4546 1228 4611 lecto
1245 4545 1450 4629 disposuisset
1463 4544 1488 4605 in
