3166 5256
558 309 651 374 1346.
1103 315 1166 380 133

9 527 11 578 3
65 510 158 558 sonam
180 487 261 556 clere
285 489 444 554 memorie
460 487 590 554 Andros
605 487 708 571 Regis
725 487 847 570 Sicilie,
863 491 1010 574 germani
1026 493 1083 574 tui,
1099 516 1119 559 a
1135 493 1170 560 fi-

9 587 11 674 {
65 599 106 664 liis
125 597 223 664 Belial
248 598 360 662 extitit
375 595 564 681 proditione
580 596 830 665 horribilissimo
846 601 1026 683 prohdolor
1042 611 1169 686 perpet-

9 697 11 730 *
62 713 160 792 retum,
179 706 309 772 litteras
327 711 459 773 nostres
476 702 675 772 Celsitudini
691 705 770 788 Eue,
786 729 825 774 ec
840 709 1008 776 carissime
1021 709 1058 776 in
1074 709 1170 776 Chri·

9 829 11 840 *
61 821 101 880 sto
112 814 284 882 filiencstre
300 813 477 880 Elisabeth
492 811 617 898 Regino
633 811 781 898 Vngsrie
795 815 925 896 illustri,
940 817 1092 902 genitrici
1101 825 1166 899 tue,

61 921 270 990 consolatorios
290 923 400 1004 modo,
416 944 481 1007 quo
494 912 600 988 tristis
616 927 648 986 ct
665 922 779 988 dolens
795 927 908 1008 potest
925 924 1085 992 similibus
1101 947 1167 992 res·

9 1077 11 1086 ›
58 1052 152 1115 persus
175 1031 323 1098 dolorum
350 1029 626 1098 amaritudinibus
652 1032 825 1112 consolari,
852 1033 1053 1100 meminimus
1071 1033 1167 1100 desti·

9 1211 11 1234 2
58 1159 141 1223 mse,
154 1137 255 1206 milne
271 1139 507 1222 subiungentes
524 1159 647 1221 earum,
663 1138 750 1222 quod
766 1146 889 1206 certem
905 1160 1089 1224 porsonam,
1105 1162 1164 1225 per

9 1251 11 1302 ἶ
57 1267 135 1330 qnam
157 1247 194 1313 de
218 1253 334 1314 nostra
360 1253 394 1312 et
419 1245 558 1313 fratrum
584 1258 772 1312 nostrorum
798 1247 978 1315 intentione
998 1250 1086 1314 circa
1100 1247 1163 1314 hoc

9 1367 11 1448 f
56 1354 233 1422 Excellentie
256 1363 315 1421 tue
341 1356 569 1438 innotesceret,
593 1354 841 1420 intendebamus
866 1355 909 1420 ed
924 1361 1016 1420 tuam
1031 1361 1064 1420 et
1080 1357 1167 1422 eius·

9 1459 11 1532 ἷ
57 1461 114 1527 dem
134 1461 254 1548 Begine
277 1464 481 1548 presentium
504 1461 648 1530 breviter
672 1461 847 1530 destinare.
868 1461 966 1528 Nunc
981 1469 1098 1542 nutem,
1114 1463 1162 1530 fili

9 1557 12 1608 ἶ
57 1571 207 1652 mrissime
231 1572 460 1656 oportunitate
491 1575 633 1656 captata,
658 1570 719 1636 stb.
745 1570 946 1636 venerabiles
971 1569 1090 1635 fratres
1106 1592 1163 1636 no-

9 1727 12 1762 Ι
56 1684 124 1744 siros
136 1679 356 1746 Bertrandum
370 1678 601 1746 Patriaroham
616 1678 883 1764 Aquilegensem,
899 1684 932 1742 et
951 1677 1163 1744 Franciscum

54 1785 228 1871 Episcopum
259 1786 493 1872 Tergestinum
527 1783 723 1871 Apostolice
749 1783 844 1851 Sedis
863 1783 1012 1857 Nuntios
1039 1784 1100 1850 stb.
1120 1784 1163 1850 sd

55 1894 168 1964 candem
181 1901 272 1961 tunm
282 1901 317 1961 et
327 1895 428 1979 ipsius
444 1894 571 1978 Repine
587 1895 784 1978 presentiam
800 1892 1000 1960 destinantes
1017 1893 1078 1958 stb.
1096 1889 1162 1958 Ds-

9 2009 10 2016 ’
55 2006 111 2066 tum
137 1999 299 2070 Aninione
331 2001 374 2072 V
400 2002 473 2068 idus
504 2001 659 2068 Janunrii
693 2000 911 2066 Pontificatus
942 2000 1045 2066 nostri
1075 2023 1161 2068 enno

9 2085 11 2112 ’
9 2115 160 2193 4111111.

9 2173 13 2304 Ι
141 2219 179 2284 In
194 2219 309 2286 eodem
325 2218 421 2284 modo
440 2216 565 2302 Regine
580 2215 737 2300 Vngsrie,
753 2237 792 2280 nc
809 2213 977 2299 Stephano
993 2214 1081 2282 clarc
1097 2237 1162 2282 me·

9 2323 138 2400 noris
151 2321 261 2393 Caroli
277 2325 382 2410 Regis
397 2321 544 2410 Vngsrie
559 2331 646 2404 nate,
661 2322 750 2390 Duoi
765 2321 985 2390 'l'rnnsilusno

353 2527 388 2589 (V
391 2526 411 2576 1
425 2525 558 2576 Kelemen
571 2525 643 2590 pstps
653 2523 839 2590 regesttibol.)

513 2721 672 2734 ...nn-‘—

9 3021 13 3236 Ι
58 3135 100 3199 Vl.
122 3139 264 3204 Kelemen
286 3141 383 3224 φάρει
407 3136 636 3224 upynnnzolcot
662 3135 797 3221 cjctnljo
823 3158 844 3198 a
866 3133 989 3220 lenpycl
1007 3133 1039 3196 ts
1055 3155 1076 3197 a
1093 3133 1161 3196 cseb

55 3243 261 3338 lirdlyoltnalc²
278 3271 299 3311 a
317 3268 428 3310 merua
446 3243 639 3332 doprofnalc,
654 3267 725 3308 sas
741 3254 852 3306 acisclo·
857 3243 904 3306 iar
900 3239 1147 3328 'berczepnelc'
1130 3261 1162 3304 es

416 3352 777 3440 berczepne‘nek.1346.

9 3567 11 3596 ,
140 3513 287 3582 Clemens
302 3514 487 3599 Episcopus
513 3517 573 3578 etc.
591 3511 759 3576 carissimo
775 3510 810 3575 in
827 3505 940 3574 Christ
927 3514 960 3573 to
977 3509 1044 3573 filio
1062 3507 1161 3572 Keri-

9 3597 11 3716 Ι
56 3619 120 3686 niro
139 3621 222 3707 Regi
236 3623 373 3689 Polonie
397 3622 516 3687 illust
474 3627 519 3686 trr
539 3621 677 3686 salutem
704 3625 763 3685 cto
780 3617 864 3684 Cum
879 3615 1081 3682 venerabiles
1098 3613 1162 3678 irs

9 3719 12 3878 Ι
55 3732 105 3794 tres
118 3736 239 3798 nostros
255 3729 477 3798 Bertrsndum
493 3729 723 3794 Patrierchnm
740 3723 1004 3810 Aquilegensem,
1015 3730 1047 3786 et
1057 3721 1161 3787 Fren-

9 3849 11 3922 Ι
55 3832 152 3903 oiscum
155 3838 374 3928 Episcopum
399 3835 637 3920 Tergestinum,
662 3832 854 3919 Apostolice
882 3831 977 3898 Sedis
1007 3829 1110 3896 Nunt'
1087 3835 1161 3908 t,ros

9 3937 11 4020 Ι
54 3940 165 4014 nrosu
144 3947 255 4030 utique
279 3945 443 4030 profunde
471 3945 603 4010 scientie
620 3941 704 4030 (igy)
729 3943 884 4027 preditos,
900 3938 1069 4006 fidelitatis
1086 3957 1161 4001 con-

9 4021 11 4150 Ι
55 4051 157 4118 nantia
171 4061 203 4119 et
219 4053 518 4137 circumspectionis
534 4052 725 4120 maturitate
737 4050 935 4134 conspicuos
946 4068 985 4112 ec
999 4045 1033 4110 in
1049 4043 1161 4110 arduis

9 4097 185 4240 inspectos
209 4163 356 4246 negotiis,
387 4161 431 4228 ad
462 4161 665 4227 carissimum
690 4161 723 4224 in
749 4157 861 4223 Christ
863 4153 996 4221 ofilium
1014 4158 1162 4219 nostrum

9 4201 12 4360 Ι
58 4259 238 4335 liudericum
254 4269 382 4352 Regem
396 4267 543 4352 Vngarie
560 4269 652 4334 illust
638 4272 772 4333 ttreme
759 4265 871 4330 ttPar
872 4262 1003 4340 esillas,
1019 4281 1079 4344 pro
1096 4280 1162 4324 cer-

9 4371 11 4460 Ι
61 4368 96 4434 tis
108 4394 160 4456 per
175 4395 232 4442 nos
248 4376 370 4444 eisdem
386 4376 545 4460 impositis
561 4375 703 4459 negotiis
719 4373 936 4438 destinemus:
952 4367 1165 4451 Magnificen-

9 4463 14 4568 Ι
63 4479 129 4546 tium
143 4481 240 4550 Euam
256 4484 399 4570 Regiam
422 4505 577 4569 rogamus
594 4488 727 4567 attente,
745 4486 905 4568 quatenus
916 4476 1044 4544 eosdem
1055 4474 1165 4541 Putri-

9 4587 11 4622 Ι

9 4623 14 4674 l

9 4705 11 4760 .

9 4781 15 4926 Ι
