3166 5256
389 351 431 410 90
738 364 969 412 nrrrousozrm
988 353 1154 411 aurianae.

390 531 424 590 et
439 525 589 608 nuncium
609 525 785 609 specialem
801 525 843 590 ad
859 525 1115 592 conveniendum
1132 549 1203 592 cum
1221 524 1433 593 Seranissimo
1449 525 1507 591 Do-

387 633 482 714 mino,
492 633 621 698 domino
631 630 767 698 Andrea
776 634 931 700 Dandulo
941 633 1004 700 Dei
1021 636 1133 718 gracia
1143 633 1372 717 Veneciarum,
1382 634 1505 700 Dalma-

387 741 434 806 oie
454 747 555 822 atque
566 739 726 808 Chroaeie
742 739 845 824 Duce,
861 747 895 808 et
910 740 1051 808 Domino
1063 742 1187 827 Quarto
1198 742 1311 808 Partis
1328 749 1361 807 et
1376 739 1506 808 Dimidio

390 850 496 914 tocius
512 848 650 933 Imperii
666 849 835 932 Romania,
851 849 962 916 inclito
978 850 1073 930 Duci‚
1089 872 1146 916 seu
1162 872 1235 916 cum
1252 849 1376 916 sindico
1390 850 1435 915 vel
1450 851 1507 914 sin-

389 956 480 1038 dicis,
506 957 671 1041 provisore
696 958 748 1023 vel
772 959 992 1043 provisoribus
1012 959 1098 1024 dicte
1117 959 1359 1026 Dominationis
1375 965 1406 1023 et
1420 955 1506 1023 Com-

388 1065 494 1130 munis
511 1064 736 1150 Veneciarum,
753 1087 810 1132 seu
827 1088 896 1132 cum
918 1065 1105 1150 deputando
1120 1067 1170 1132 vel
1186 1066 1410 1150 deputandisa
1425 1065 1506 1130 dicto

388 1171 529 1238 Domino
544 1173 594 1238 vel
610 1197 630 1239 a
646 1175 734 1240 diota
749 1174 997 1258 Dominacione,
1013 1182 1046 1241 et
1063 1175 1105 1242 ad
1120 1174 1329 1242 tractandum
1341 1180 1372 1239 et
1386 1173 1507 1238 firman·

388 1279 465 1345 dum
490 1303 564 1346 oum
588 1282 676 1348 dicto
703 1281 844 1348 Domino
862 1283 914 1348 vel
941 1304 1014 1348 cum
1044 1283 1209 1368 deputatis
1240 1281 1291 1346 vel
1322 1280 1506 1365 deputandis

387 1388 429 1453 ab
467 1410 505 1454 eo
528 1396 626 1474 pacta
650 1399 683 1456 et
720 1392 951 1458 conventiones
994 1391 1138 1474 quelibet
1169 1389 1219 1456 vel
1252 1389 1505 1471 quoslibetque

387 1495 583 1562 videbuntur
623 1497 746 1564 sindico
789 1498 965 1582 antedicto,
1003 1519 1077 1564 eum
1117 1496 1266 1563 omnibus
1306 1505 1339 1560 et
1377 1495 1505 1579 singulis

387 1604 635 1689 provisionibus
660 1605 927 1691 obligacionibus,
959 1604 1236 1691 stipulationibus,
1266 1605 1454 1670 iuramentis
1477 1611 1506 1668 et

387 1735 545 1797 penarum
570 1714 815 1799 adiectionibus,
840 1736 903 1798 que
927 1716 990 1800 ipsi
1017 1715 1143 1780 sindico
1157 1713 1361 1794 videbuntur,
1379 1734 1434 1778 seu
1449 1733 1506 1796 que

389 1841 448 1906 pro
474 1843 584 1888 eorum
600 1821 755 1890 firmitate
771 1825 1002 1908 promittentur
1019 1829 1051 1888 et
1067 1821 1189 1888 fuerint
1205 1820 1445 1905 quomodolibet
1458 1840 1506 1903 op

388 1936 548 2013 portuna3
565 1931 680 1998 dantes
706 1940 738 1998 et
757 1933 971 2000 concedentes
987 1932 1073 1998 dicto
1088 1931 1158 1997 eius
1175 1928 1297 1997 sindico
1314 1935 1348 1994 et
1361 1949 1507 2012 procura-

388 2038 461 2120 tori,
473 2059 511 2104 ac
526 2059 669 2122 pereum
680 2040 913 2107 substitutore]
925 2038 1310 2121 substituend0,1iberum
1321 2036 1506 2120 etgenerale

388 2146 587 2228 mandatum,
611 2167 684 2212 cum
710 2148 816 2231 plena,
842 2146 947 2213 libera
971 2153 1004 2212 et
1019 2146 1163 2230 generali
1179 2143 1505 2212 administracioneiu

386 2254 534 2320 omnibus
545 2255 724 2338 etsingulis
739 2256 912 2322 antedictis
929 2256 1094 2337 clausulis,
1108 2255 1223 2341 pactis,
1239 2251 1506 2332 conventionibus,

384 2383 423 2426 ac
437 2364 631 2446 promittens
646 2363 717 2446 ipse
734 2362 883 2429 dominus
894 2362 1011 2430 (lomes
1029 2362 1154 2429 Paulus
1171 2362 1337 2447 predictus
1353 2383 1412 2446 per
1427 2381 1460 2427 se
1475 2365 1503 2425 et

387 2491 461 2536 suos
485 2469 621 2535 heredes
647 2477 680 2536 et
698 2491 898 2537 successores
917 2471 1015 2536 michi
1031 2471 1172 2538 Notario
1187 2469 1398 2553 infrascripto
1413 2471 1507 2553 stipu-

384 2578 468 2645 lanti
494 2586 526 2646 et
550 2579 718 2664 recipienti
743 2583 813 2647 rice
830 2587 863 2646 et
879 2583 1007 2647 nomine
1023 2581 1103 2646 dicti
1118 2580 1239 2647 domini
1255 2577 1359 2645 Ducis
1375 2585 1407 2644 et
1422 2577 1507 2645 Com-

384 2689 490 2753 munis
521 2685 748 2771 Veneciarum,
774 2691 842 2754 sive
869 2688 1066 2754 sindicorum
1091 2688 1143 2755 vel
1158 2690 1364 2772 provisorum
1382 2685 1460 2768 eins,
1477 2691 1505 2750 et

386 2795 540 2877 omnium,
564 2818 702 2880 quorum
727 2798 864 2864 interest
887 2797 938 2861 vel
965 2797 1120 2863 interesse
1141 2796 1271 2879 poterit,
1287 2799 1446 2878 perpetuo
1460 2792 1506 2856 lir-

386 2926 483 2988 mum,
498 2911 608 2970 ratum
626 2911 658 2970 et
674 2911 803 2988 gratum
819 2904 940 2970 habere
956 2926 1015 2989 per
1027 2927 1059 2970 se
1075 2910 1109 2969 et
1124 2924 1198 2969 suos
1214 2901 1362 2985 heredes,
1378 2909 1411 2967 et
1427 2903 1506 2984 quic-

389 3012 469 3095 quid
495 3034 555 3095 per
581 3013 705 3078 dietum
732 3036 824 3078 suum
850 3021 1094 3098 procuratorem
1109 3012 1229 3077 factum
1244 3010 1296 3078 vel
1313 3009 1512 3075 substitutum

385 3120 485 3185 luerit
500 3122 629 3187 nomine
646 3143 709 3206 quo
727 3144 827 3206 supra
844 3124 878 3188 in
894 3122 1050 3207 predictis
1082 3129 1115 3186 et
1131 3120 1278 3204 quolibet
1300 3118 1510 3203 predictorum

385 3228 563 3293 observare
589 3228 829 3309 inviolabiliter,
856 3237 889 3293 et
912 3251 976 3294 non
1002 3225 1224 3294 contrafacere
1249 3224 1299 3290 vel
1315 3225 1437 3307 venire,
1461 3221 1512 3288 sub

388 3335 592 3418 obligaoione
617 3337 760 3401 omnium
787 3357 919 3401 suorum
944 3337 1104 3412 bonorum
1129 3335 1331 3418 presencium
1348 3339 1382 3399 et
1397 3330 1512 3398 futuro·

388 3465 478 3522 1·um;
496 3450 527 3508 et
553 3442 596 3508 ad
620 3445 775 3509 maiorem
801 3446 1034 3527 premissorum
1050 3441 1249 3507 evidenciam
1265 3441 1352 3506 idern
1369 3439 1509 3505 dominus

387 3550 503 3618 Comes
529 3550 655 3618 Paulus
679 3551 843 3635 predictus
860 3551 1028 3618 mandavit
1046 3549 1294 3615 michiNotario
1309 3546 1510 3630 infrascripto

383 3679 518 3744 presens
535 3660 782 3725 instrumentem
798 3660 980 3726 rescribere
990 3666 1023 3724 et
1032 3659 1212 3725 reformare
1229 3659 1263 3722 in
1278 3655 1419 3723 formam
1434 3654 1507 3740 pub·

384 3767 481 3833 licam
498 3774 530 3833 et
547 3769 754 3833 autenticam.
771 3764 895 3834 Actum
906 3769 939 3833 in
955 3774 1064 3833 castro
1082 3765 1260 3832 Ostrovicii
1275 3764 1436 3850 predicto,
1450 3783 1511 3848 pre

385 3875 531 3942 sentibus
556 3874 720 3959 Magistro
745 3877 860 3943 Marco
885 3875 1018 3941 aurifice
1045 3873 1183 3940 condam
1209 3895 1261 3938 ser
1287 3872 1446 3958 Raynerii
1475 3869 1508 3933 de

381 3980 547 4063 Veneciis‚
573 3990 606 4048 et
632 3979 833 4049 Garalnucio
860 3983 999 4048 condam
1023 3982 1187 4048 Johanuis
1213 3981 1253 4057 de
1281 3980 1316 4045 la
1341 3979 1455 4045 Panna
1477 3975 1510 4040 de

378 4091 508 4175 Firmo,
539 4093 677 4159 testibus
703 4095 745 4160 ad
770 4094 830 4159 hec
855 4093 988 4176 vocatis,
1020 4092 1151 4158 adhoc
1183 4090 1371 4175 specialiter
1402 4095 1435 4155 et
1462 4108 1506 4154 ro

384 4206 480 4281 gam
494 4289 546 4375 (P.
571 4289 629 4374 Η.)
647 4289 720 4374 Ego
736 4288 888 4355 Dalfinus
904 4290 1041 4356 condam
1057 4289 1150 4377 Petri
1176 4289 1217 4354 de
1242 4287 1441 4354 Monteforte
1455 4293 1511 4350 ter-

383 4396 491 4461 ritorii
506 4396 759 4481 Fregnanensis,
774 4397 972 4463 Mutinensis
999 4396 1157 4477 Diocesis,
1173 4395 1331 4461 Publicus
1347 4389 1509 4479 Imperiali

389 4504 585 4572 auctoritate
609 4511 642 4570 et
657 4527 743 4572 nuno
760 4505 883 4572 domini
900 4504 1036 4572 Comitis
1046 4503 1210 4572 Maladini
1227 4503 1267 4571 de
1283 4502 1405 4570 Oliscio
1421 4501 1510 4569 Jura-
