3220 5248
626 357 721 422 1359.
1175 363 1238 427 558

108 531 249 616 dietam3
275 554 372 619 super
397 535 513 620 quibus
537 533 602 602 1515
625 540 695 603 tam
711 554 770 620 per
786 529 1047 605 Vniuersitatem
1067 558 1165 622 quam
1181 559 1240 621 per

106 640 297 728 predictum
323 641 730 727 Ballotam'signifieatum
764 649 798 708 55
831 641 1052 728 supplicatum
1085 643 1240 735 Dominio

109 751 291 834 antedicto,
307 749 395 835 quod
410 757 449 816 ut
463 756 555 835 patet
570 749 710 835 publicis
725 751 928 818 documentis
946 751 1109 836 provisum
1126 750 1191 819 fuit
1206 760 1240 820 et

107 858 298 950 ordinatum
321 879 380 944 per
396 857 579 942 predictum
594 857 783 926 Dominium
799 859 921 926 dietam
936 851 1105 944 pecuniam
1115 853 1241 929 debere

110 967 252 1049 55551551,
277 967 365 1052 quod
382 965 549 1051 hueusque
565 987 629 1034 non
645 967 757 1034 5551515
772 971 977 1052 exequutum.
993 967 1091 1034 Nune
1105 990 1181 1036 vero
1197 968 1239 1036 ad

106 1074 357 1161 requisitionem
381 1079 415 1141 55
438 1075 633 1142 instanciam
659 1075 739 1141 disti
765 1074 895 1142 Bellote
911 1081 945 1142 55
959 1097 1092 1144 suorum
1107 1077 1240 1161 propin-

107 1205 249 1270 quorum
274 1184 506 1250 sententiatum
527 1188 619 1250 extat
643 1182 790 1265 iuridioe,
814 1185 903 1269 quod
918 1183 1128 1252 Vniuersitas
1151 1191 1240 1252 torre

107 1291 197 1376 Pagi
222 1290 348 1358 solvere
373 1294 524 1358 teneatur
539 1291 628 1358 dioto
643 1291 776 1360 Belloio
791 1297 826 1359 et
840 1292 911 1359 eius
925 1291 1119 1378 propinquis
1135 1292 1240 1360 dictos

106 1397 249 1466 florenos
274 1396 361 1468 000
386 1395 460 1467 5551
479 1400 655 1468 seeundum
670 1400 874 1468 taxaoionem
890 1399 970 1467 dieti
987 1399 1108 1468 damni.
1126 1400 1238 1486 Quare

106 1527 183 1574 oum
208 1527 275 1574 non
300 1507 345 1573 sit
369 1527 544 1576 consonum
569 1508 702 1590 5551551,
727 1513 765 1574 55
789 1508 875 1593 quod
902 1509 1002 1575 semel
1021 1513 1171 1575 exactum
1188 1511 1240 1575 est

106 1613 249 1700 amplius
264 1616 424 1701 exigatur,
439 1623 474 1683 et
491 1637 564 1682 sum
581 1615 670 1683 dicta
684 1616 852 1702 quantitas
868 1609 1021 1700 pecunie,⁸
1029 1621 1067 1681 55
1081 1615 1240 1700 premitti-
1327 1637 1335 1660 ⁵

105 1727 170 1805 tur,
194 1722 261 1788 iam
277 1728 393 1789 sxaota
412 1723 559 1791 extiterit
574 1729 608 1790 et
622 1728 766 1808 aeeepta,
781 1728 819 1790 ut
832 1722 1031 1807 predicitur3
1047 1743 1112 1790 non
1131 1721 1235 1788 eradi-

105 1850 180 1896 mus
204 1828 274 1896 iore
299 1826 442 1914 dignum,
478 1830 566 1915 quod
600 1827 837 1899 Vniuersitatis
861 1831 898 1896 in
920 1829 1077 1915 prediotis
1101 1828 1239 1896 ulterius

105 1943 294 2020 agravetur.
311 1935 421 2022 Quare
430 1935 694 2020 Magnitudinem
705 1935 861 2005 Vestram
869 1937 1076 2023 presentibus
1088 1935 1239 2003 duximus
1288 1989 1291 1994 .

106 2042 357 2131 deprecandam,
374 2051 538 2128 quatenus
548 2043 882 2128 iustitiaprooedenta
897 2063 958 2128 pro
975 2043 1099 2110 honoro
1116 2042 1240 2109 domiui
1337 2043 1342 2051 '

106 2151 216 2221 nostri
230 2149 333 2236 Regis
349 2159 383 2218 st
399 2151 519 2218 nostris
536 2149 826 2218 interuenientibus
840 2150 991 2234 praeibas
1006 2148 1236 2234 indempnitati

106 2259 257 2347 predicta
272 2257 510 2327 Vniuersitatis
535 2261 570 2324 et
595 2256 709 2342 populi
733 2257 845 2323 taliter
861 2257 1031 2340 providere
1050 2255 1236 2342 dignemini,

1 2355 2 2358 ¹
105 2367 199 2454 quod
223 2365 408 2434 eedat'iuri
433 2371 466 2432 55
490 2365 608 2431 honori
632 2369 742 2430 vestro
766 2362 973 2448 odlandum,
999 2368 1034 2430 55
1049 2386 1089 2430 55
1105 2364 1241 2448 quarela

105 2491 221 2544 eorum
244 2475 286 2541 ad
311 2494 407 2540 55555
422 2473 525 2558 Regis
541 2472 651 2539 valeat
666 2471 826 2552 devenire,
843 2469 900 2538 sod
917 2492 978 2557 per
994 2471 1236 2538 satisfationem

105 2583 323 2670 condigname
353 2602 465 2649 eorum
494 2580 698 2667 querimonia
724 2599 851 2646 cessare
879 2577 1039 2665 cogantur
1069 2576 1117 2645 Et
1142 2599 1239 2662 super
1331 2645 1333 2653 ,

104 2693 183 2773 15115,
214 2711 276 2775 que
290 2689 414 2760 Vestra
428 2688 683 2774 Magnificenoia
709 2687 910 2755 ordinaverit
924 2690 958 2753 55
974 2687 1179 2773 disposuerit,
1211 2685 1239 2750 si

105 2800 226 2886 placet,
249 2797 402 2882 dignetur
426 2796 607 2863 rescribere
623 2815 682 2881 per
697 2795 844 2862 latorem.
863 2790 957 2859 Data
971 2793 997 2861 J
997 2793 1077 2860 adre
1093 2789 1237 2860 XXIII.

105 2906 310 2976 Dsoembris.

216 3011 374 3101 Nicolaus
384 3011 424 3078 de
435 3009 546 3077 Zesoh
554 3009 746 3093 Regnorum
754 3006 927 3078 Dalmaeie
937 3011 970 3072 et
980 3003 1116 3073 Oroatia
1124 3004 1239 3072 Banus
1365 3003 1374 3012 '

105 3119 294 3204 Generalis,
310 3119 492 3204 Cumasque
508 3118 659 3186 Civitatis
676 3118 701 3186 J
703 3117 791 3184 5155.

218 3229 339 3296 Kissa:
355 3227 495 3294 11555155
513 3233 546 3292 55
560 3223 739 3310 Magnifice
755 3223 885 3291 domino
901 3221 1049 3290 Johanni
1064 3217 1239 3305 Delphyne

105 3333 173 3402 Dei
199 3335 310 3419 gratia
334 3333 449 3400 inolito
466 3331 553 3400 Duoi
578 3329 809 3399 Vanesiarum.
834 3329 948 3398 Bonus
973 3319 1145 3397 Solanonie
1179 3345 1237 3411 pro

106 3439 324 3528 Pagsnsibus.

219 3585 256 3646 (A
276 3584 421 3636 Marciana
433 3585 506 3636 55511
519 3582 661 3634 velenezei
683 3581 824 3647 kdnyvttr
846 3579 912 3632 uod.
933 3581 997 3632 Lat.
1019 3578 1119 3629 LXXI.
1143 3575 1240 3627 555555

107 3675 231 3728 55515551
245 3675 399 3741 555155551;
412 3689 429 3725 5
441 3689 477 3726 m.
490 3677 511 3726 t.
522 3674 600 3725 ukad.
614 3671 901 3739 kdnyrttrtbanlevd
911 3669 1031 3721 55555155
1041 3668 1199 3720 555515547.
1210 3665 1240 3728 1.)

310 3871 356 3959 B)
380 3867 692 3957 Ugyanannak
714 3885 926 3954 ugyanaz.
952 3869 1047 3932 1359.

217 3999 390 4066 Excelsam
407 3995 692 4082 Magnificeneiam
712 3992 871 4063 Vestram
886 4012 951 4059 non
966 3990 1071 4058 latere
1087 3989 1240 4068 volentes,

109 4107 204 4176 vobis
228 4107 379 4173 duximus
403 4105 607 4191 presentibus
633 4104 704 4171 fore
728 4108 854 4185 notum,
878 4099 966 4185 quod
992 4120 1102 4166 eoram
1121 4097 1240 4165 Judies

1 4282 2 4287 ,
109 4215 264 4285 Civitatis
289 4215 395 4283 Jadre
420 4214 549 4280 nomine
575 4217 763 4279 cunctorum
788 4207 958 4277 Nobilium
982 4212 1016 4274 at
1050 4203 1241 4274 Communis

109 4326 280 4411 querelam
306 4329 534 4408 exposuerunt,
560 4320 648 4406 quod
672 4341 746 4385 oum
756 4315 824 4385 ¹nos
840 4316 909 4382 5155
924 4314 1031 4400 Regia
1047 4315 1094 4382 eis
1111 4313 1240 4382 oomni-

109 4433 246 4502 serimus
270 4430 384 4516 aliqua
400 4429 595 4516 peragenda,
611 4433 762 4496 asserunt
777 4447 817 4492 ea
832 4447 897 4492 non
916 4425 1061 4509 potuisse
1075 4423 1241 4509 perfluere,

8 4559 12 4564 ·
111 4543 269 4629 quoniam
294 4540 479 4607 necessaria
503 4538 546 4606 ad
571 4535 724 4624 predicta
742 4555 806 4600 non
823 4539 959 4622 possunt
973 4532 1105 4615 habore,
1122 4533 1184 4602 nisi
1200 4529 1239 4599 do
