3134 5252
576 344 680 408 racc..
819 313 822 320 ’
1127 349 1190 410 153

86 519 219 589 cordiales
240 521 352 608 ipsius.
369 519 437 588 Sed
454 519 546 613 ¹sicut
560 521 643 589 scire
659 522 776 607 potuit,
794 523 944 592 dominus
959 522 1037 591 Dux
1052 524 1191 594 Austris

4 635 6 664 ³
84 651 131 714 per
143 651 223 696 suam
236 631 449 696 ambaxatem
468 630 591 714 requiri
616 649 675 696 nos
700 630 787 716 lecit,
812 634 900 716 quod
927 655 1002 698 curn
1027 635 1191 716 sensisset,

83 737 185 822 Regem
199 737 370 822 Hnngorie
387 745 558 822 grandnm
575 759 644 804 esse
661 744 779 818 contra
794 760 860 821 nos,
871 741 1011 808 libenter
1027 742 1114 807 inter
1131 765 1190 810 nos

4 853 6 858 ’
83 855 110 913 et
122 849 214 930 ipsum
229 848 314 913 riam
332 847 612 913 reconciliacionis
628 848 804 928 inveniret;
821 856 855 915 et
871 849 958 932 quod
974 850 1120 934 placeret
1135 871 1190 917 no·

4 945 6 1038 l
81 956 122 1022 bis
135 958 253 1022 mittere
269 963 403 1022 nostros
422 953 666 1021 Ambaxatores
682 955 725 1021 ad
742 977 823 1022 enm.
841 955 984 1042 Propter
999 957 1096 1042 quod,
1112 958 1191 1025 licet

4 1147 6 1158 ,
81 1066 250 1131 nesciremus
267 1065 374 1130 ullam
389 1063 622 1130 rationabilem
642 1085 774 1130 causam
789 1065 986 1134 turbationis
1000 1063 1103 1152 Regis
1120 1087 1191 1151 pre-

4 1183 5 1236 }
81 1173 145 1240 dicti
167 1180 276 1241 contra
303 1194 371 1253 nos,
399 1174 452 1240 cui
478 1177 509 1238 et
532 1172 799 1257 progenitoribus
824 1174 891 1240 suis
910 1195 949 1239 ex
964 1180 1060 1259 parte
1076 1181 1192 1241 nostra

4 1301 6 1334 ὲ
81 1303 188 1368 semper
210 1283 371 1366 gessimus
397 1281 616 1347 reverenciam
643 1286 675 1345 et
698 1302 850 1364 amorem,
875 1288 911 1347 ut
930 1288 1043 1348 notum
1060 1287 1128 1364 est;
1143 1288 1192 1348 ta·

4 1421 6 1494 3
80 1411 139 1455 men
158 1390 299 1456 misimus
325 1395 455 1454 nostros
471 1387 718 1455 Ambaxatores
738 1388 920 1456 addictum
935 1389 1069 1476 Ducem,
1085 1390 1193 1458 volen-

4 1553 6 1582 ,
79 1507 126 1580 tes,
147 1508 302 1584 quantum
329 1521 369 1565 ex
385 1504 481 1584 parte
497 1504 612 1565 nostra
628 1505 710 1583 erat,
725 1519 794 1565 esse
810 1499 843 1565 in
859 1499 947 1566 omni
963 1520 1042 1584 pace
1059 1507 1093 1566 et
1107 1516 1194 1565 arno-

4 1583 6 1696 Ϊ
80 1630 184 1673 recum
199 1609 286 1674 dicto
303 1606 405 1691 Rege,
421 1608 505 1673 sicut
520 1607 643 1673 amicus
658 1606 738 1674 iacit
754 1628 828 1672 curn
846 1609 961 1674 amico.
977 1605 1044 1674 Sed
1059 1608 1198 1690 videtur,
1254 1637 1258 1648 v

4 1707 6 1730 ’
79 1716 151 1800 quod
164 1718 230 1800 ipse
239 1716 317 1782 Rex
326 1737 384 1800 per
393 1736 468 1781 snos
478 1712 721 1782 Ambaxatorcs
741 1716 857 1782 missos
878 1715 920 1782 ad
938 1715 1061 1783 dictum
1077 1715 1199 1782 Ducem

4 1809 6 1844 ³
80 1831 155 1908 petet
179 1833 252 1892 ante
281 1825 393 1891 omnia
418 1824 574 1890 removeri
600 1825 774 1891 exercitum
800 1829 955 1892 nostrum
972 1825 1014 1891 ab
1030 1825 1200 1892 obsidione

4 1919 6 1986 l
79 1933 175 2015 Jadre,
199 1933 288 2018 quod
314 1955 379 2000 non
396 1939 480 1999 esset
502 1931 706 2015 rationabile,
725 1951 786 1999 nec
802 1939 857 1998 est
875 1931 915 1998 de
930 1933 1112 2003 intentione
1126 1953 1201 1999 nos-

4 2097 6 2130 ,
79 2048 138 2124 tra;
160 2063 229 2108 cum
256 2041 384 2108 Civitas
414 2039 439 2105 J
441 2041 520 2108 adre
545 2039 644 2107 luerit
668 2046 791 2122 nostre,
821 2046 855 2106 ct
876 2062 942 2126 per
967 2061 1026 2108 nos
1050 2060 1202 2125 possessa

4 2133 7 2246 ξ
76 2151 131 2216 iam
152 2151 305 2218 trecentis
324 2149 417 2217 annis
433 2155 467 2215 et
482 2149 570 2214 ultra
584 2149 654 2214 sine
671 2147 929 2216 contradictione
955 2148 1155 2235 cuiusquam,
1170 2155 1202 2216 et

4 2305 6 2344 :
77 2260 246 2344 exereitum,
272 2279 369 2343 quern
395 2255 562 2339 babemus,
581 2255 761 2321 habeamus
778 2277 872 2342 super
892 2255 1063 2323 territorio
1079 2262 1202 2322 nostro,

4 2345 6 2362 ’
77 2389 126 2431 nec
147 2368 296 2433 miuriam
322 2365 422 2432 alicui
446 2363 614 2447 faciamus,
629 2364 657 2429 si
673 2363 762 2447 quod
778 2370 924 2431 nostrum
940 2371 1038 2432 estet
1053 2362 1117 2430 fuit
1132 2384 1193 2449 per

76 2471 299 2558 longitudinem
315 2473 401 2540 tanti
415 2473 580 2558 temporis,
597 2473 747 2558 aquirere
763 2492 984 2557 procuramus.

170 2585 215 2649 Et
224 2581 432 2669 postmodnm
449 2579 590 2647 dicatur:
600 2579 690 2666 quod
705 2579 781 2644 licet
797 2600 856 2662 per
869 2577 938 2662 hec,
949 2600 1011 2663 que
1026 2577 1192 2682 habemus,

4 2673 8 2760 l
75 2690 192 2757 mittere
208 2692 420 2758 ambaxatam
436 2694 583 2756 nostram
598 2688 677 2753 illuc
692 2709 757 2753 non
774 2692 860 2754 esset
875 2687 1059 2771 expediens,
1077 2688 1103 2752 si
1119 2689 1192 2754 Rex

4 2773 7 2802 Ι
75 2799 249 2868 firmaretur
274 2822 373 2885 super
395 2801 475 2866 hoc:
493 2805 602 2866 tamen
628 2803 807 2882 sperantes,
824 2797 910 2881 qnod
926 2796 1093 2882 predictus
1111 2797 1193 2880 Rex,

78 2916 192 2976 attenta
208 2909 341 2975 iusticia
357 2914 478 2988 nostra,
488 2905 707 2973 conformabit
723 2906 864 2972 animum
880 2925 973 2970 suum
989 2905 1090 2987 adid,
1106 2904 1193 2990 quod

4 3049 5 3054 ¹
76 3018 129 3084 erit
141 3020 261 3084 iustum
278 3025 312 3084 et
323 3017 456 3098 decens,
472 3020 645 3101 postquam
662 3011 832 3079 consilium
848 3013 927 3080 dicti
942 3013 1027 3080 Beni
1037 3021 1094 3094 eet,
1104 3012 1194 3097 quod

4 3175 6 3194 .
76 3128 234 3192 mittamus
257 3126 467 3193 ambaxatam
486 3131 632 3190 nostram
647 3123 735 3205 illuc,
750 3120 992 3209 providebimus
1009 3121 1049 3186 de
1064 3121 1194 3188 mitten-

76 3235 109 3302 do
124 3236 298 3303 secundum
314 3232 592 3301 consiliumsuum
613 3237 743 3298 nostros
759 3230 1002 3297 Ambaxatores
1012 3230 1055 3296 ad
1072 3228 1193 3296 dictum

75 3341 198 3428 Regem,
213 3350 366 3430 rogantes
383 3341 505 3407 dictum
520 3339 658 3422 Banum,
677 3344 840 3423 quatenus
858 3361 931 3405 curn
947 3338 981 3402 in
998 3358 1037 3404 eo
1054 3357 1144 3422 apem
1161 3343 1194 3404 et

75 3451 218 3518 fiduciam
242 3453 415 3519 maximam
440 3447 627 3532 babeamus,
652 3447 788 3512 velutin
805 3446 909 3512 fratre
925 3445 1077 3513 ctamico
1097 3447 1193 3513 caris·

76 3561 159 3640 simo,
175 3563 206 3627 ei
221 3562 348 3646 placeat
367 3579 428 3625 nos
448 3563 480 3623 et
495 3564 609 3622 nostra
625 3555 769 3639 negocia,
786 3576 848 3639 que
863 3560 972 3638 potest
987 3575 1046 3620 sua
1061 3555 1195 3639 propria

4 3733 6 3756 ,
75 3678 229 3756 reputare,
250 3670 372 3736 babere
396 3668 431 3733 in
456 3687 535 3733 casu
553 3664 698 3750 quolibet
716 3662 942 3730 fovorabiliter
957 3663 1194 3746 commendata,

4 3787 6 3878 l
76 3785 103 3844 et
116 3801 174 3867 per
189 3799 261 3845 suos
276 3775 518 3844 Ambaxatores
534 3775 634 3840 etiam
650 3772 757 3857 aliter,
782 3777 820 3838 ut
845 3771 875 3837 ei
890 3769 1006 3836 melius
1022 3770 1192 3837 videbitur.

231 3941 263 4002 (A
278 3941 407 3993 »Secreta
420 3937 534 3992 Consilii
545 3934 799 4004 nogentorum-bol
810 3934 866 3987 Lit.
879 3935 911 3986 Δ.
926 3935 982 3986 vol.
995 3929 1032 4002 1.)
