3110 5248
367 338 432 406 292
719 356 955 407 annonarum
971 335 1140 406 nuntior.

367 510 1485 602 sicilie,DueatusApulieetprincipatusoapue,

366 619 1485 706 Dalmacie‚Oroacie‚Rame,Seruie,Gallicie,Lo
1550 611 1552 680 ἓ

366 727 1488 816 ἀοιηοηίοΝΙςοηὶοΟιιηηοηὶοοηο,Βοςο,Ρτὶηοίοο
1548 737 1552 760 “

368 833 1487 920 SalernitanoetHonorisMontisSanctiAngeli
1550 833 1552 928 ξ

366 947 565 1027 Domino,
596 945 851 1029 Regnorum
888 967 992 1011 vero
1031 947 1128 1012 eius
1159 945 1487 1029 Vngarieanno
1549 937 1552 998 ¹

369 1050 1488 1137 sextoetSicilieannoprimofeliciterAmenMense
1546 1069 1552 1142 ,j

368 1162 516 1248 Maijdie
534 1159 712 1246 penultimo
737 1159 891 1244 ciusdem,
906 1161 1013 1243 prima
1038 1161 1220 1228 indictione
1245 1159 1371 1228 Mani
1377 1157 1488 1224 redo
1550 1153 1552 1246 l

370 1272 449 1337 nie.
465 1266 536 1335 Nos
552 1265 708 1346 Nicolaus
726 1266 766 1332 de
776 1266 927 1352 Ragonio
937 1266 1062 1351 Regius
1072 1289 1131 1352 per
1141 1267 1349 1334 Provinciam
1366 1263 1489 1351 Capita·
1550 1267 1552 1324 l

370 1384 465 1446 neate
479 1377 504 1445 J
506 1374 601 1458 udex,
613 1376 813 1443 Benedictus
824 1375 978 1442 Pandeus
995 1375 1154 1461 Puplicus
1170 1399 1230 1462 per
1243 1382 1350 1444 totum
1365 1374 1489 1441 eandem
1550 1367 1552 1400 ³

366 1479 581 1554 'Provinciam
605 1483 714 1566 Regia
742 1483 940 1550 auctoritate
966 1481 1132 1566 Notarius,
1159 1489 1192 1550 et
1207 1489 1309 1550 testes
1326 1479 1488 1566 subscripti
1550 1479 1552 1506 ¹

371 1594 433 1660 stb.
450 1589 715 1678 (Vegrendelet.)
1549 1599 1552 1654 l

479 1699 530 1784 Κ)
570 1697 669 1764 Αηηο
695 1697 945 1766 Incarnacionis
975 1698 1111 1764 Domini
1140 1699 1245 1764 nostri
1268 1699 1354 1766 Jesn
1377 1696 1489 1765 Christi

372 1805 543 1874 millesimo
559 1806 785 1872 trecentesimo
798 1806 1041 1891 quatragesimo
1052 1811 1178 1873 octauo.
1187 1804 1361 1892 Regnante
1370 1805 1489 1873 domino

372 1913 518 1982 Lodoico
542 1913 607 1978 Dei
631 1914 742 1996 gracie
767 1913 925 1996 Vngarie,
949 1911 1138 1980 Jerusalem
1163 1920 1197 1979 et
1215 1910 1335 1996 Sicilie,
1350 1913 1488 1980 Ducatns
1548 1963 1552 2002 ,

373 2019 497 2106 Apulie
514 2026 547 2083 et
562 2019 776 2104 Principatus
793 2019 915 2104 Capua,
931 2017 1114 2104 Dalmacie,
1129 2017 1278 2103 Oroacie,
1294 2019 1408 2104 Rame,
1423 2019 1488 2088 Ser·
1545 2005 1552 2072 l

373 2130 433 2212 rie,
451 2127 600 2210 Gallicis,
611 2128 815 2210 Lodomerie,
826 2127 986 2212 Vulgarie
997 2128 1218 2212 (inmaniaque
1233 2128 1336 2213 Rege,
1350 2129 1489 2210 Principe

377 2233 590 2302 Salernitano
615 2239 650 2300 et
674 2235 820 2301 Honoris
832 2235 958 2302 Montis
984 2233 1098 2301 Sancti
1113 2233 1237 2318 Angeli
1251 2235 1401 2314 Domino,
1415 2234 1490 2316 Reg-

375 2361 492 2410 norum
508 2363 584 2407 vero
609 2341 689 2407 dicti
713 2341 817 2426 Regis
841 2343 874 2408 in
890 2341 1007 2426 Regno
1024 2340 1170 2425 Vngarie
1187 2363 1272 2408 anno
1289 2348 1389 2426 sexto,
1403 2341 1427 2408 J
1429 2363 1488 2406 eru·

376 2450 479 2516 salem
495 2453 530 2514 et
556 2446 667 2515 Sicilie
693 2468 778 2514 anno
803 2450 909 2533 primo
925 2447 1064 2515 feliciter
1080 2445 1196 2514 Amen.
1212 2447 1327 2516 Mense
1342 2449 1367 2517 J
1368 2450 1431 2515 unii
1445 2448 1490 2514 dia

376 2555 555 2642 penultimo
572 2556 730 2638 eiusdem,
746 2557 854 2640 prima
870 2556 1049 2622 indictione
1065 2555 1153 2641 apud
1168 2557 1417 2622 Botontum.
1427 2554 1488 2638 Ego

376 2664 528 2750 Angelus
553 2663 641 2730 filius
673 2665 836 2748 quondam
861 2685 914 2732 ser
937 2663 1071 2732 Nicolai
1096 2665 1136 2731 de
1160 2663 1344 2731 Guarnerio
1360 2664 1489 2731 infirmus

377 2775 486 2840 iacens
502 2771 563 2838 stb.
588 2767 847 2858 (Vegrendelet.)
1382 2831 1384 2834 .

483 2877 530 2964 L)
545 2879 585 2944 In
600 2879 729 2944 nomine
745 2878 869 2946 domini
887 2879 951 2946 Dei
962 2878 1148 2947 Saluatoris
1165 2881 1269 2946 nostri
1279 2879 1305 2945 J
1306 2901 1363 2948 esu
1373 2879 1489 2956 Christi,

378 3006 464 3055 anno
481 2987 522 3053 ab
540 2985 778 3051 Incarnacione
802 2987 871 3052 eius
895 2986 1067 3053 millesimo
1091 2989 1319 3054 trecentesimo
1336 2994 1489 3073 quatrage

377 3095 459 3161 simo
477 3101 604 3176 octauo,
631 3115 742 3159 mense
766 3091 793 3157 J
793 3093 851 3159 ulii
878 3094 930 3160 die
945 3095 1097 3161 vicesimo
1113 3096 1215 3161 tercio
1232 3096 1490 3181 eiusdemprina

379 3201 555 3268 indictione
571 3208 652 3284 aput
668 3200 796 3266 'fram
807 3222 825 3267 0
838 3207 883 3266 nt
896 3219 967 3267 um.
984 3200 1159 3286 Regnaute
1170 3198 1490 3270 SerenissimoDomi·

380 3330 422 3376 no
439 3313 562 3389 nostro,
577 3309 708 3374 domino
725 3307 879 3393 Lodoyco
895 3309 958 3374 Dei
976 3309 1089 3394 gracia
1105 3309 1260 3392 lingonis,
1276 3308 1452 3377 Jerusalem
1465 3311 1490 3370 ot

380 3414 500 3498 Sicilie,
516 3416 665 3482 Ducatns
681 3415 804 3501 Apulia
821 3423 855 3482 et
870 3417 1081 3502 Principatus
1097 3414 1220 3502 Capue,
1235 3417 1404 3484 Dalmacie
1427 3415 1490 3482 oro

381 3523 458 3607 acie,
475 3522 589 3607 Rame,
616 3521 737 3604 Serme,
764 3523 915 3606 Gallicie‚
941 3525 1147 3608 Lodomerie,
1164 3524 1322 3592 Oumanie
1338 3523 1490 3610 Bulgarie·

367 3652 444 3714 ,quc
458 3629 560 3714 Rege,
576 3650 616 3696 ac
631 3629 786 3716 Principe
812 3631 1000 3700 Saleritano
1026 3640 1059 3700 et
1085 3633 1230 3699 Honoris
1245 3633 1372 3700 Montis
1395 3626 1490 3698 Sancti

369 3736 503 3823 Augeli
518 3738 668 3820 Domino,
683 3740 874 3825 Regnorum
890 3743 958 3808 eins
973 3739 1121 3825 Vngarie
1137 3762 1222 3806 ωηο
1249 3746 1353 3822 sexto,
1376 3740 1400 3806 J
1401 3756 1489 3804 croso·

380 3847 446 3914 lem
462 3852 495 3912 et
511 3843 622 3912 Sicilie
648 3868 733 3912 anno
759 3848 875 3931 primo.
901 3847 972 3913 Nos
989 3846 1171 3914 Adenolfns
1197 3849 1237 3913 dc
1254 3846 1447 3913 Fontanella
1460 3841 1489 3906 de

383 3953 565 4020 'Frumento
591 3954 632 4021 ad
658 3953 858 4022 Contractus
883 3953 1001 4037 Judex,
1027 3953 1244 4022 Thomasinus
1272 3954 1312 4020 de
1330 3952 1446 4018 Alfano
1460 3945 1489 4011 de

386 4060 566 4127 ¹l¹ramonto
584 4059 741 4145 Puplicus
757 4061 900 4128 eiusdem
934 4063 1037 4128 Terre
1060 4047 1168 4146 Regia
1194 4065 1391 4129 auctoritate
1404 4058 1489 4126 Nota·

383 4168 461 4251 rius,
477 4175 512 4233 et
525 4175 626 4235 testes
644 4169 820 4255 subscripti
837 4171 899 4238 stb.
917 4169 1069 4256 (Eladasi
1086 4171 1282 4258 snerzodes.)

491 4274 545 4361 M)
563 4275 604 4341 In
621 4277 750 4342 nomine
766 4275 900 4342 Domini
925 4279 1029 4344 nostri
1044 4275 1071 4341 J
1072 4299 1130 4343 esu
1155 4275 1287 4345 Olnisti.
1302 4275 1398 4344 Anno
1412 4270 1490 4340 Nati·

383 4380 499 4446 uitatis
515 4382 659 4448 eiusdem
676 4384 848 4450 millesimo
864 4386 1097 4451 trecentesimo
1124 4387 1367 4470 quatragesimo
1382 4389 1489 4449 octauo.

355 4486 556 4588 *Regnante
583 4488 795 4557 Serenissimo
819 4493 962 4559 Domino
986 4499 1100 4561 nostro
1126 4493 1258 4558 domino
1275 4493 1422 4576 Lodoyco
1437 4484 1489 4553 Dei
