3220 5248
737 391 975 436 nrenouncamr
992 371 1162 438 siturum.

908 677 984 741 428.

387 839 438 902 VI.
467 838 577 902 orlon
599 843 694 924 pdpa
723 840 815 902 Pe'ter
842 839 975 902 volarat
994 839 1258 924 pdspbleb'tbiaza
1283 839 1484 924 mop,b09pl.

382 949 479 1032 Lajoa
497 969 636 1031 erruqyar
647 947 765 1032 kiroly,
781 947 795 1007 l
800 946 835 1008 V.
847 946 974 1030 Ka‘roly
985 951 1124 1024 esdazdr,
1137 947 1158 1008 I
1162 947 1196 1011 V.
1207 947 1336 1031 Rudolf
1342 946 1483 1010 aetaztrioi

378 1057 503 1140 berczep
519 1055 550 1116 ea
565 1053 669 1119 Jonos
686 1053 811 1118 rnorooi
826 1055 952 1138 berczep
969 1053 1038 1117 kozr
1054 1055 1159 1140 helpre
1169 1056 1283 1119 cillitsa
1294 1081 1313 1118 α
1325 1055 1485 1138 bdkessdpet.

894 1164 987 1226 1362.

487 1321 640 1390 Vrbanus
664 1322 846 1404 Episcopus
872 1341 982 1385 servus
1009 1342 1175 1386 servorum
1199 1321 1263 1388 Dei
1287 1323 1410 1387 dilectis
1425 1319 1485 1384 filiis
1585 1341 1587 1404 f

378 1428 616 1512 Regiminibus,
638 1451 678 1494 ac
695 1426 841 1493 Consilio
859 1434 892 1493 et
908 1427 1082 1494 Communi
1102 1427 1256 1494 Ciuitatis
1273 1429 1432 1495 Florentio
1447 1449 1486 1491 sa·
1585 1437 1587 1474 ἰ

378 1538 479 1602 lutem
504 1545 537 1601 et
564 1536 791 1620 Apostolioam
818 1536 1083 1602 benedictionem.
1111 1535 1342 1602 Venerabilem
1368 1536 1486 1602 fratrem

378 1650 524 1710 nostrum
541 1644 677 1710 Petrum
693 1644 894 1726 Episcopum
911 1643 1202 1712 Vulterranensem
1224 1646 1361 1710 latorem
1377 1665 1487 1728 presen·
1586 1677 1587 1728 ,

377 1753 460 1819 tium
477 1754 519 1818 ad
535 1752 778 1818 carissimorum
794 1749 934 1816 liliorum
950 1759 1139 1817 nostrorum
1155 1751 1268 1817 Caroli
1284 1754 1488 1819 Romanorum
1585 1815 1587 1838 4

376 1859 594 1946 Imperatoris
619 1857 754 1941 Semper
778 1853 931 1938 Augusti,
963 1879 1002 1922 ao
1032 1859 1191 1924 Lodouici
1221 1859 1325 1941 Regis
1356 1859 1488 1943 Vngarie
1585 1841 1587 1862 ⁴

376 1968 521 2048 illustris
546 1988 606 2032 nec
632 1987 696 2031 non
722 1965 914 2030 dilectorum
929 1965 1072 2031 filiorum
1087 1965 1223 2031 Rodulfi
1239 1966 1342 2032 Ducis
1361 1965 1488 2044 Austrie,
1585 1957 1587 1994 ³

376 2099 415 2141 ac
430 2075 594 2140 lobannis
610 2074 650 2138 de
666 2073 804 2138 Boemia
819 2073 1022 2139 Marchionis
1033 2075 1181 2140 Moravie
1197 2074 1394 2158 presentiam
1409 2093 1489 2137 occa-

377 2186 466 2250 sione
492 2182 659 2248 cuiusdam
684 2181 845 2246 discordie
871 2181 994 2247 dudum
1010 2184 1094 2248 inter
1111 2184 1198 2267 ipsos
1215 2188 1337 2264 exorte,
1352 2203 1409 2264 per
1423 2179 1489 2244 dicti

376 2293 533 2375 Episcopi
551 2290 767 2356 ministerium
784 2291 981 2356 auctoritate
998 2280 1083 2356 diere
1101 2288 1195 2356 Sedis
1210 2290 1344 2356 fauente
1363 2291 1488 2355 Domino

377 2400 572 2483 procidendo
604 2399 805 2464 destinamus
830 2399 873 2463 ad
904 2419 1046 2482 presens
1077 2400 1203 2482 sibique
1233 2421 1293 2482 per
1326 2396 1490 2464 Ciuitabem
1585 2393 1587 2470 l

377 2515 520 2573 vestram
546 2507 675 2573 facturo
710 2507 882 2572 transitum
913 2509 1052 2590 quedam
1084 2507 1203 2576 Vestro
1236 2505 1410 2572 Deuotioni
1438 2525 1489 2587 per
1585 2495 1587 2544 ⁴

378 2634 450 2679 eum
478 2622 634 2698 exparte
660 2621 774 2680 nostra
799 2615 991 2697 exponenda
1017 2617 1246 2695 commisimus,
1273 2636 1369 2698 super
1385 2613 1489 2697 quibus

376 2723 481 2787 eidem
505 2722 669 2805 Episcopo
696 2720 794 2787 fidem
819 2721 924 2787 velitis
950 2723 1116 2788 credulam
1137 2721 1407 2787 adhiberemus
1423 2718 1491 2784 Ari·
1586 2749 1587 2762 κ

374 2841 469 2896 nione
495 2830 612 2899 VIIII.
638 2830 797 2895 kalendas
821 2828 1022 2914 Decembris,
1049 2829 1264 2897 Pontificatus
1289 2829 1393 2896 nostri
1417 2847 1491 2893 anno
1585 2839 1587 2878 t

374 2958 489 3022 primo.

484 3083 536 3144 (ΑΖ
550 3080 711 3152 >Ambivio
734 3087 807 3135 delle
829 3086 1065 3152 Risormagionie·
1089 3087 1141 3135 ben
1164 3087 1218 3135 vol.
1238 3085 1305 3135 XVI
1329 3085 1372 3134 die
1384 3079 1493 3145 Capituli

376 3173 414 3223 Cl.
428 3174 477 3223 XI.
491 3173 554 3224 dist.
572 3176 646 3226 1·bol
660 3191 676 3225 a
689 3177 819 3226 florenczi
835 3178 1027 3238 leveltarban.)

860 3319 1020 3329 muna-

900 3485 974 3548 429.

373 3639 404 3711 Ᾱ
430 3645 580 3720 (loreocza'
605 3646 837 3732 korrndnyaak
866 3645 1022 3711 Tarentoi
1040 3647 1140 3730 Lajos
1156 3645 1286 3710 sicilici
1303 3645 1412 3730 kirrilp
1428 3646 1457 3707 e's
1473 3643 1493 3704 Ι.
1586 3637 1587 3640 ¹

712 3755 870 3819 debanna
888 3756 1051 3837 kirotgput
1071 3758 1165 3818 1362.

480 3915 666 3997 Magnificis
691 3916 768 3980 viris
794 3913 967 3978 Prioribus
993 3911 1128 3979 Artium
1155 3922 1188 3979 et
1213 3911 1403 3980 vexillifero
1419 3909 1489 3974 Jus·
1585 3893 1587 3936 ⁷

372 4024 444 4088 titio
460 4023 580 4106 Populi
596 4031 629 4087 et
641 4020 827 4087 Communis
838 4020 988 4088 Civitatis
1005 4023 1173 4088 Florentio
1191 4022 1370 4086 carissimis
1386 4019 1492 4084 amicis
1586 4045 1587 4066 ι

372 4134 502 4198 nostris,

480 4239 553 4306 Viri
580 4239 750 4322 Magnifici
776 4244 808 4302 et
833 4238 929 4303 amici
945 4235 1117 4302 karissimi.
1136 4235 1240 4320 Super
1264 4259 1379 4302 securo
1395 4243 1495 4304 truns-

374 4348 440 4413 situ
466 4369 523 4430 por
549 4354 659 4430 partes
678 4355 810 4426 vestras
831 4353 863 4411 et
879 4368 976 4430 super
993 4346 1217 4430 impendendis
1234 4345 1425 4410 necessariis
1441 4366 1494 4428 pro
1585 4397 1587 4408 ,

373 4454 520 4538 personis
545 4463 577 4518 ct
601 4456 692 4539 cquis
716 4457 775 4520 sub
803 4456 995 4539 competenti
1023 4461 1056 4519 et
1073 4453 1248 4518 tollerabili
1266 4454 1413 4538 utrisque
1429 4475 1494 4536 pre·
1585 4523 1587 4542 Ι

373 4565 419 4632 tio
437 4561 606 4648 Magnifici
625 4566 685 4632 riri
704 4563 840 4630 Comitis
856 4563 1004 4628 Niccolai
1022 4561 1192 4628 Generalis
1210 4559 1382 4646 Carpitanei
1399 4562 1495 4628 felicis
1585 4545 1587 4610 f
