3220 5262
380 353 445 411 678
737 365 973 410 nrrnonlcmar
999 352 1168 410 ruminans.

380 528 440 592 bus
458 533 490 592 et
504 527 634 612 juribus
652 547 710 609 pcr
727 523 909 608 predictum
933 525 1100 592 dominum
1120 523 1277 591 Carolum
1292 526 1417 610 Regem
1441 534 1510 612 pat-

379 659 449 702 rem
464 642 615 701 nostrum
631 633 710 718 ipsis
727 633 857 700 donatis
874 633 1026 719 legaliter
1043 641 1076 699 et
1101 635 1264 701 concessis
1295 633 1508 719 indempniter

380 764 592 821 conseruare,
618 741 696 826 quia
727 741 943 808 Serenissimu
985 741 1143 826 Princeps
1174 741 1307 808 domina
1337 743 1510 810 Elizabetb

379 852 494 918 inclita
510 849 682 934 Hungarie
698 849 836 932 Regina,
854 851 997 932 genitrix
1013 859 1126 916 nostra
1143 851 1323 932 carissima,
1334 851 1374 917 de
1386 872 1514 919 conces·

380 959 471 1024 sione
494 956 716 1042 predictarum
741 956 930 1022 libertatum
956 958 1177 1040 pereundam
1208 963 1334 1041 patrem
1366 967 1511 1026 nostrum

379 1064 468 1132 facta
484 1087 518 1130 se
542 1065 729 1130 memoriter
757 1065 934 1150 recordari,
960 1071 993 1129 et
1020 1066 1183 1150 predictas
1206 1067 1337 1134 litteras
1360 1074 1512 1152 patentes

379 1175 484 1258 ipsius
499 1174 602 1258 patris
619 1173 721 1238 nostri
737 1172 770 1238 in
787 1175 894 1255 specie
914 1178 992 1238 ante
1007 1175 1112 1257 ipsam
1128 1172 1198 1240 fore
1215 1174 1377 1241 exhibitas
1404 1197 1512 1242 coram

380 1277 474 1348 nobis
490 1279 685 1361 affirmauit3
702 1278 774 1345 ideo
790 1300 849 1344 nos
872 1301 911 1344 ex
928 1279 1163 1346 inl'ormacioue
1188 1281 1253 1348 iam
1269 1282 1355 1348 dicte
1383 1283 1512 1350 domine

380 1391 507 1473 Regine
532 1389 700 1473 genitricis
726 1393 837 1454 nostre
861 1387 1027 1453 carissime
1043 1388 1189 1472 plenarie
1205 1396 1238 1454 et
1254 1389 1451 1456 lucidissime
1469 1391 1507 1460 de

382 1500 513 1564 veritate
539 1496 716 1564 earundem
741 1497 927 1562 litterarum
953 1496 1078 1577 edocti;
1110 1497 1276 1582 predictas
1309 1500 1438 1566 litteras
1468 1501 1507 1566 de

380 1606 479 1673 verbo
510 1607 553 1672 ab
586 1605 721 1671 verbum
751 1605 946 1670 transscribi
977 1605 1122 1690 t‘ecimuS,
1153 1613 1186 1671 et
1209 1606 1341 1672 easdem
1363 1629 1402 1672 en
1419 1614 1510 1674 certa

382 1714 520 1780 sciencia
535 1712 658 1779 Nostra
676 1712 865 1777 Maiestatis
881 1713 1079 1778 anctoritate
1102 1711 1211 1797 Regia
1227 1714 1415 1781 innouaudo
1440 1739 1511 1782 con·

381 1823 556 1903 firmamus,
581 1821 781 1888 ratificamus
806 1829 839 1887 et
864 1822 1092 1907 approbamus,
1119 1824 1410 1890 consuetudinaria
1440 1825 1510 1909 legc

383 1931 489 2015 Regni
506 1932 620 2012 nostri,
637 1951 699 2014 que
716 1929 902 1997 huiusmodi
927 1930 1058 1997 litteras
1083 1938 1312 1998 extranearum
1337 1931 1511 2000 Ciuitatum

381 2039 511 2104 firmare
536 2041 668 2104 minime
693 2040 872 2120 consueuit,
899 2058 963 2103 uon
990 2039 1151 2114 obstante.
1176 2040 1319 2124 Dempta
1345 2049 1454 2106 tamen
1479 2049 1511 2108 et

382 2153 516 2230 excepto
541 2167 605 2211 uno
631 2146 770 2211 anticulo
796 2148 944 2230 superius
970 2168 1134 2231 expresso,
1159 2147 1192 2212 in
1217 2169 1282 2232 quo
1308 2149 1427 2214 dicitur
1454 2149 1511 2214 ›In

383 2261 479 2339 porta
504 2254 592 2320 vrbis
617 2254 820 2335 Budensis«;
845 2255 993 2321 volumus
1025 2257 1110 2320 eninr
1136 2262 1170 2322 et
1194 2259 1398 2340 presencium
1429 2259 1510 2324 serie

386 2363 626 2443 committimus,
638 2367 675 2426 ut
685 2362 811 2428 tributa
820 2345 1048 2446 religiosarum
1063 2363 1269 2429 dominarum
1286 2365 1512 2430 sanctimonia·

382 2472 463 2537 lium
480 2473 520 2538 de
536 2473 652 2538 Insula
667 2473 833 2557 Leporum
848 2475 882 2539 in
898 2473 1046 2558 predicta
1062 2481 1158 2558 porta
1183 2471 1336 2540 Ciuitatis
1353 2473 1512 2540 Budensis

383 2583 470 2667 exigi
480 2590 635 2649 consueta
645 2583 844 2650 seecundum
855 2583 1090 2674 continenciam
1101 2589 1135 2649 et
1146 2583 1512 2666 connotatapriuilegic
1607 2657 1609 2666 y

383 2712 454 2756 rum
473 2711 532 2774 per
548 2692 620 2774 pios
645 2690 892 2774 predecessores
917 2697 1047 2758 nostros
1070 2689 1214 2756 illustres
1240 2689 1350 2775 Reges
1376 2690 1513 2776 Hunga·
1607 2683 1609 2734 3

382 2801 430 2865 rie
455 2799 576 2864 eisdem
601 2798 763 2884 religiosis
789 2799 982 2866 dominabus
1014 2820 1242 2866 concessorum
1267 2819 1325 2882 per
1351 2798 1514 2883 predictos

383 2913 578 2994 mercatores
595 2913 629 2973 et
644 2907 727 2972 alios
752 2907 916 2990 quoslibet
940 2907 1160 2991 indenrpniter
1185 2907 1423 2992 persoluentnr.
1446 2906 1514 2973 Nos
1608 2945 1609 2968 ι

383 3014 540 3099 siqnidem
565 3016 709 3080 volentes
735 3015 838 3098 ipsius
866 3014 987 3080 domini
1012 3015 1115 3080 Ducis
1141 3022 1176 3081 et
1201 3013 1356 3097 Palatini,
1382 3037 1513 3082 consau·
1607 3001 1609 3056 ³

382 3125 492 3208 guinei
517 3122 623 3188 nostri
640 3121 808 3204 carissimi,
824 3125 909 3189 votis
933 3122 1080 3188 fraterno
1106 3143 1276 3188 occurrere
1293 3144 1366 3188 cum
1383 3144 1513 3191 amore:

384 3233 616 3298 committimus
635 3237 668 3296 et
683 3232 877 3297 mandamus
895 3230 955 3295 sub
972 3231 1080 3297 edicto
1100 3230 1206 3316 Regio
1231 3232 1439 3314 iniungentes
1465 3231 1516 3298 fir·
1606 3225 1608 3246 ⁴

383 3342 479 3405 miter
504 3347 538 3405 et
571 3339 720 3404 districtc
746 3341 911 3405 modernis
936 3339 1121 3405 tributariis
1157 3345 1191 3405 et
1221 3339 1514 3406 tricesimatoribus
1606 3393 1608 3416 ,

383 3449 490 3532 Regni
508 3450 610 3514 nostri
627 3449 825 3531 constitutis,
843 3455 876 3514 et
892 3448 1126 3514 constituendis
1141 3449 1175 3513 in
1201 3447 1360 3530 loturum,
1385 3456 1422 3512 ut
1447 3469 1514 3514 eos-
1605 3485 1607 3498 ‹

385 3562 459 3626 dem
476 3565 681 3638 mercatores,
715 3559 802 3622 ciues
827 3563 859 3622 et
884 3557 1029 3621 homines
1057 3554 1143 3620 dicte
1170 3553 1324 3622 Ciuitatis
1348 3553 1515 3639 Amberge
1606 3545 1607 3594 3

384 3692 456 3736 cum
482 3665 580 3734 rebus
606 3671 640 3731 et
665 3667 827 3732 mercibus
853 3687 967 3731 eorum
991 3671 1060 3730 tam
1076 3667 1110 3729 in
1127 3663 1292 3746 veniendo,
1308 3664 1466 3730 intrando
1482 3671 1513 3730 et

383 3775 540 3855 exeundo,
554 3773 645 3839 ultra
670 3776 859 3856 premissam
885 3779 1019 3856 quotam
1045 3779 1077 3837 et
1101 3773 1333 3838 limitacionem
1350 3772 1467 3838 tributi
1484 3779 1517 3838 et

384 3885 547 3951 tricesimo
573 3883 748 3948 molestare
775 3902 967 3964 aggranare,
995 3887 1028 3947 et
1052 3881 1096 3946 ad
1119 3878 1365 3965 superdoiorem
1382 3881 1518 3948 solucio
1604 3875 1607 3960 j

385 4015 458 4060 nem
484 3991 676 4074 compellere
703 3995 736 4055 et
756 3996 924 4056 coarctare
950 3989 1137 4056 nullatenus
1162 3987 1308 4053 audeant
1333 3989 1386 4054 vel
1410 4009 1517 4072 prasu-
1604 3995 1606 4048 ἑ

383 4108 493 4184 mant3
510 4103 565 4166 sed
582 4101 776 4184 permittant
792 4102 880 4184 ipsos
898 4102 931 4166 iu
948 4101 1113 4184 premissis
1140 4099 1272 4182 graciis,
1297 4097 1516 4178 libertatibus
1604 4101 1606 4114 '

383 4209 638 4276 limitacionibns
655 4215 686 4271 et
703 4209 904 4292 perogatiuis
930 4229 989 4290 per
1005 4205 1142 4272 eundem
1169 4204 1335 4269 dominum
1364 4202 1517 4270 Carolum
1604 4229 1606 4258 ι

383 4319 508 4400 Regem
534 4327 662 4402 patrem
686 4322 835 4382 nostrum
862 4315 1021 4381 concessis
1048 4320 1080 4378 et
1107 4314 1308 4396 conscriptis,
1332 4333 1372 4378 ac
1387 4335 1447 4396 per
1460 4337 1517 4380 nos

386 4426 596 4507 confirmatis,
621 4425 679 4506 uti,
703 4423 770 4490 frui
795 4423 928 4509 pacifice
954 4428 986 4488 et
1012 4420 1164 4506 gaudere,
1189 4421 1248 4487 sub
1274 4425 1386 4486 nostre
1413 4421 1517 4505 Regie

384 4535 571 4601 dileccionis
604 4537 715 4600 t'auore
749 4541 779 4598 ct
811 4534 955 4600 obtentu.
980 4532 1153 4598 Preseutes
1185 4537 1293 4596 arrtcm
1320 4532 1353 4594 in
1381 4529 1515 4596 formam
1604 4583 1605 4586 ,

1602 4465 1605 4560 ι
