<?xml version="1.0" encoding="UTF-8"?>
<!DOCTYPE html PUBLIC "-//W3C//DTD XHTML 1.0 Transitional//EN"
    "http://www.w3.org/TR/xhtml1/DTD/xhtml1-transitional.dtd">
<html xmlns="http://www.w3.org/1999/xhtml" xml:lang="en" lang="en">
 <head>
  <title>
</title>
<meta http-equiv="Content-Type" content="text/html;charset=utf-8" />
  <meta name='ocr-system' content='tesseract 3.04.00' />
  <meta name='ocr-capabilities' content='ocr_page ocr_carea ocr_par ocr_line ocrx_word'/>
</head>
<body>
  <div class='ocr_page' id='page_1' title='image "./magyardiplomacz01wenzgoog_0353.png"; bbox 0 0 3110 5248; ppageno 0'>
   <div class='ocr_carea' id='block_1_1' title="bbox 561 377 1170 453">
    <p class='ocr_par' dir='ltr' id='par_1_1' title="bbox 561 377 1170 453">
     <span class='ocr_line' id='line_1_1' title="bbox 561 377 1170 453; baseline 0.007 -4"><span class='ocrx_word' id='word_1_1' title='bbox 561 377 657 452; x_wconf 76' lang='grc'>1348.</span> <span class='ocrx_word' id='word_1_2' title='bbox 1107 381 1170 453; x_wconf 78' lang='lat' dir='ltr'><strong>tlt</strong></span> 
     </span>
    </p>
   </div>
   <div class='ocr_carea' id='block_1_2' title="bbox 1 557 1174 3238">
    <p class='ocr_par' dir='ltr' id='par_1_2' title="bbox 10 557 1172 752">
     <span class='ocr_line' id='line_1_2' title="bbox 55 557 1172 648; baseline 0.01 -25"><span class='ocrx_word' id='word_1_3' title='bbox 55 563 84 624; x_wconf 89' lang='lat' dir='ltr'><strong>et</strong></span> <span class='ocrx_word' id='word_1_4' title='bbox 105 557 280 628; x_wconf 80' lang='lat' dir='ltr'><strong>Commune</strong></span> <span class='ocrx_word' id='word_1_5' title='bbox 307 557 522 631; x_wconf 83' lang='lat' dir='ltr'><strong>Venetiarum</strong></span> <span class='ocrx_word' id='word_1_6' title='bbox 546 565 649 648; x_wconf 71' lang='lat' dir='ltr'><strong>lactis&#39;,</strong></span> <span class='ocrx_word' id='word_1_7' title='bbox 672 571 706 629; x_wconf 90' lang='lat' dir='ltr'><strong>et</strong></span> <span class='ocrx_word' id='word_1_8' title='bbox 722 562 861 648; x_wconf 78' lang='lat' dir='ltr'><strong>publicis</strong></span> <span class='ocrx_word' id='word_1_9' title='bbox 885 565 1115 648; x_wconf 77' lang='lat' dir='ltr'><strong>instrumentis,</strong></span> <span class='ocrx_word' id='word_1_10' title='bbox 1133 589 1172 634; x_wconf 86' lang='lat' dir='ltr'><strong>ue</strong></span> 
     </span>
     <span class='ocr_line' id='line_1_3' title="bbox 10 667 1171 752; baseline 0.005 -18"><span class='ocrx_word' id='word_1_11' title='bbox 10 667 13 672; x_wconf 73' lang='grc'><strong>’</strong></span> <span class='ocrx_word' id='word_1_12' title='bbox 55 668 171 736; x_wconf 81' lang='lat' dir='ltr'><strong>tandem</strong></span> <span class='ocrx_word' id='word_1_13' title='bbox 197 671 316 737; x_wconf 74' lang='lat' dir='ltr'><strong>nocuis</strong></span> <span class='ocrx_word' id='word_1_14' title='bbox 341 671 460 736; x_wconf 86' lang='lat' dir='ltr'><strong>litteris</strong></span> <span class='ocrx_word' id='word_1_15' title='bbox 487 671 603 736; x_wconf 80' lang='lat' dir='ltr'>exinde</span> <span class='ocrx_word' id='word_1_16' title='bbox 629 669 790 752; x_wconf 79' lang='lat' dir='ltr'><strong>confectis,</strong></span> <span class='ocrx_word' id='word_1_17' title='bbox 816 670 971 739; x_wconf 87' lang='lat' dir='ltr'><strong>stabilitis</strong></span> <span class='ocrx_word' id='word_1_18' title='bbox 987 679 1019 738; x_wconf 92' lang='lat' dir='ltr'><strong>et</strong></span> <span class='ocrx_word' id='word_1_19' title='bbox 1034 672 1171 740; x_wconf 86' lang='lat' dir='ltr'><strong>firmatis</strong></span> 
     </span>
    </p>

    <p class='ocr_par' dir='ltr' id='par_1_3' title="bbox 54 775 1172 866">
     <span class='ocr_line' id='line_1_4' title="bbox 54 775 1172 866; baseline 0.004 -25"><span class='ocrx_word' id='word_1_20' title='bbox 54 775 148 842; x_wconf 82' lang='lat' dir='ltr'><strong>lacere</strong></span> <span class='ocrx_word' id='word_1_21' title='bbox 163 778 293 862; x_wconf 83' lang='lat' dir='ltr'><strong>debent,</strong></span> <span class='ocrx_word' id='word_1_22' title='bbox 309 780 394 848; x_wconf 74' lang='lat' dir='ltr'><strong>sicru</strong></span> <span class='ocrx_word' id='word_1_23' title='bbox 418 785 451 845; x_wconf 89' lang='lat' dir='ltr'><strong>et</strong></span> <span class='ocrx_word' id='word_1_24' title='bbox 466 801 524 845; x_wconf 90' lang='lat' dir='ltr'><strong>nos</strong></span> <span class='ocrx_word' id='word_1_25' title='bbox 543 778 690 846; x_wconf 90' lang='lat' dir='ltr'><strong>similiter</strong></span> <span class='ocrx_word' id='word_1_26' title='bbox 706 801 778 846; x_wconf 90' lang='lat' dir='ltr'><strong>cum</strong></span> <span class='ocrx_word' id='word_1_27' title='bbox 794 779 908 864; x_wconf 84' lang='lat' dir='ltr'><strong>viginti</strong></span> <span class='ocrx_word' id='word_1_28' title='bbox 931 783 1052 848; x_wconf 87' lang='lat' dir='ltr'><strong>nostris</strong></span> <span class='ocrx_word' id='word_1_29' title='bbox 1068 783 1172 866; x_wconf 91' lang='lat' dir='ltr'><strong>potio-</strong></span> 
     </span>
    </p>

    <p class='ocr_par' dir='ltr' id='par_1_4' title="bbox 1 883 1174 2268">
     <span class='ocr_line' id='line_1_5' title="bbox 53 883 1172 973; baseline 0.003 -24"><span class='ocrx_word' id='word_1_30' title='bbox 53 883 131 950; x_wconf 85' lang='lat' dir='ltr'>ribus</span> <span class='ocrx_word' id='word_1_31' title='bbox 167 885 356 953; x_wconf 88' lang='lat' dir='ltr'><strong>Barcnibus</strong></span> <span class='ocrx_word' id='word_1_32' title='bbox 396 907 494 972; x_wconf 90' lang='lat' dir='ltr'><strong>super</strong></span> <span class='ocrx_word' id='word_1_33' title='bbox 525 885 751 954; x_wconf 79' lang='lat' dir='ltr'><strong>observacione</strong></span> <span class='ocrx_word' id='word_1_34' title='bbox 782 887 960 954; x_wconf 82' lang='lat' dir='ltr'><strong>earundem</strong></span> <span class='ocrx_word' id='word_1_35' title='bbox 995 909 1098 973; x_wconf 88' lang='lat' dir='ltr'><strong>usque</strong></span> <span class='ocrx_word' id='word_1_36' title='bbox 1130 887 1172 956; x_wconf 89' lang='lat' dir='ltr'><strong>ad</strong></span> 
     </span>
     <span class='ocr_line' id='line_1_6' title="bbox 1 993 1173 1081; baseline 0.005 -25"><span class='ocrx_word' id='word_1_37' title='bbox 1 1045 2 1049; x_wconf 63' lang='lat'>,</span> <span class='ocrx_word' id='word_1_38' title='bbox 52 999 169 1075; x_wconf 88' lang='lat' dir='ltr'><strong>tempus</strong></span> <span class='ocrx_word' id='word_1_39' title='bbox 185 1000 258 1061; x_wconf 84' lang='lat' dir='ltr'><strong>octo</strong></span> <span class='ocrx_word' id='word_1_40' title='bbox 274 1016 445 1074; x_wconf 82' lang='lat' dir='ltr'><strong>annorum,</strong></span> <span class='ocrx_word' id='word_1_41' title='bbox 461 994 545 1060; x_wconf 88' lang='lat' dir='ltr'><strong>sicut</strong></span> <span class='ocrx_word' id='word_1_42' title='bbox 570 1015 630 1080; x_wconf 90' lang='lat' dir='ltr'><strong>per</strong></span> <span class='ocrx_word' id='word_1_43' title='bbox 656 993 785 1061; x_wconf 87' lang='lat' dir='ltr'><strong>eosdem</strong></span> <span class='ocrx_word' id='word_1_44' title='bbox 802 993 968 1081; x_wconf 69' lang='lat' dir='ltr'><strong>syndicus,</strong></span> <span class='ocrx_word' id='word_1_45' title='bbox 993 995 1173 1064; x_wconf 86' lang='lat' dir='ltr'><strong>Ambaxia·</strong></span> 
     </span>
     <span class='ocr_line' id='line_1_7' title="bbox 1 1101 1174 1187; baseline 0.002 -19"><span class='ocrx_word' id='word_1_46' title='bbox 1 1139 2 1168; x_wconf 78' lang='lat'>1</span> <span class='ocrx_word' id='word_1_47' title='bbox 53 1107 132 1165; x_wconf 87' lang='lat' dir='ltr'><strong>tores</strong></span> <span class='ocrx_word' id='word_1_48' title='bbox 147 1107 179 1168; x_wconf 93' lang='lat' dir='ltr'><strong>et</strong></span> <span class='ocrx_word' id='word_1_49' title='bbox 207 1101 449 1169; x_wconf 76' lang='lat' dir='ltr'><strong>Pnocuratores</strong></span> <span class='ocrx_word' id='word_1_50' title='bbox 467 1108 594 1168; x_wconf 85' lang='lat' dir='ltr'><strong>nostros</strong></span> <span class='ocrx_word' id='word_1_51' title='bbox 608 1107 762 1186; x_wconf 88' lang='lat' dir='ltr'><strong>tractate,</strong></span> <span class='ocrx_word' id='word_1_52' title='bbox 777 1103 937 1187; x_wconf 89' lang='lat' dir='ltr'><strong>promisse</strong></span> <span class='ocrx_word' id='word_1_53' title='bbox 953 1107 987 1170; x_wconf 89' lang='lat' dir='ltr'><strong>et</strong></span> <span class='ocrx_word' id='word_1_54' title='bbox 1001 1103 1174 1187; x_wconf 89' lang='lat' dir='ltr'><strong>ratificate,</strong></span> 
     </span>
     <span class='ocr_line' id='line_1_8' title="bbox 1 1206 1172 1295; baseline 0.006 -22"><span class='ocrx_word' id='word_1_55' title='bbox 1 1213 2 1292; x_wconf 39' lang='lat' dir='ltr'><em>g</em></span> <span class='ocrx_word' id='word_1_56' title='bbox 50 1206 177 1293; x_wconf 85' lang='lat' dir='ltr'><strong>luerunt,</strong></span> <span class='ocrx_word' id='word_1_57' title='bbox 194 1232 233 1278; x_wconf 89' lang='lat' dir='ltr'><strong>ac</strong></span> <span class='ocrx_word' id='word_1_58' title='bbox 249 1211 428 1278; x_wconf 88' lang='lat' dir='ltr'><strong>secundum</strong></span> <span class='ocrx_word' id='word_1_59' title='bbox 444 1212 677 1277; x_wconf 83' lang='lat' dir='ltr'><strong>continentiam</strong></span> <span class='ocrx_word' id='word_1_60' title='bbox 692 1216 725 1276; x_wconf 91' lang='lat' dir='ltr'><strong>et</strong></span> <span class='ocrx_word' id='word_1_61' title='bbox 740 1210 875 1277; x_wconf 88' lang='lat' dir='ltr'><strong>formam</strong></span> <span class='ocrx_word' id='word_1_62' title='bbox 891 1211 1031 1295; x_wconf 81' lang='lat' dir='ltr'><strong>predicti</strong></span> <span class='ocrx_word' id='word_1_63' title='bbox 1054 1212 1172 1280; x_wconf 86' lang='lat' dir='ltr'><strong>iustru-</strong></span> 
     </span>
     <span class='ocr_line' id='line_1_9' title="bbox 1 1313 1173 1402; baseline 0.003 -20"><span class='ocrx_word' id='word_1_64' title='bbox 1 1313 2 1324; x_wconf 72' lang='grc'>’</span> <span class='ocrx_word' id='word_1_65' title='bbox 50 1319 141 1383; x_wconf 88' lang='lat' dir='ltr'><strong>menti</strong></span> <span class='ocrx_word' id='word_1_66' title='bbox 156 1319 264 1385; x_wconf 86' lang='lat' dir='ltr'><strong>nostri</strong></span> <span class='ocrx_word' id='word_1_67' title='bbox 280 1320 396 1385; x_wconf 83' lang='lat' dir='ltr'><strong>exinde</strong></span> <span class='ocrx_word' id='word_1_68' title='bbox 411 1317 549 1385; x_wconf 88' lang='lat' dir='ltr'><strong>confecti</strong></span> <span class='ocrx_word' id='word_1_69' title='bbox 574 1318 790 1402; x_wconf 86' lang='lat' dir='ltr'><strong>corporaliter</strong></span> <span class='ocrx_word' id='word_1_70' title='bbox 805 1319 990 1400; x_wconf 84' lang='lat' dir='ltr'><strong>iuravimus,</strong></span> <span class='ocrx_word' id='word_1_71' title='bbox 1007 1321 1173 1387; x_wconf 82' lang='lat' dir='ltr'><strong>venerabi·</strong></span> 
     </span>
     <span class='ocr_line' id='line_1_10' title="bbox 50 1421 1172 1494; baseline 0.003 -4.874"><span class='ocrx_word' id='word_1_72' title='bbox 50 1421 105 1490; x_wconf 88' lang='lat' dir='ltr'><strong>lem</strong></span> <span class='ocrx_word' id='word_1_73' title='bbox 119 1425 152 1490; x_wconf 91' lang='lat' dir='ltr'><strong>in</strong></span> <span class='ocrx_word' id='word_1_74' title='bbox 168 1423 306 1493; x_wconf 80' lang='lat' dir='ltr'><strong>Christo</strong></span> <span class='ocrx_word' id='word_1_75' title='bbox 330 1426 467 1494; x_wconf 90' lang='lat' dir='ltr'><strong>Patrem</strong></span> <span class='ocrx_word' id='word_1_76' title='bbox 493 1425 658 1493; x_wconf 88' lang='lat' dir='ltr'><strong>dominum</strong></span> <span class='ocrx_word' id='word_1_77' title='bbox 683 1425 820 1492; x_wconf 87' lang='lat' dir='ltr'><strong>fratrem</strong></span> <span class='ocrx_word' id='word_1_78' title='bbox 836 1425 996 1494; x_wconf 76' lang='lat' dir='ltr'><strong>Thomam</strong></span> <span class='ocrx_word' id='word_1_79' title='bbox 1021 1425 1172 1494; x_wconf 84' lang='lat' dir='ltr'><strong>Electum</strong></span> 
     </span>
     <span class='ocr_line' id='line_1_11' title="bbox 1 1532 1172 1609; baseline 0.003 -12"><span class='ocrx_word' id='word_1_80' title='bbox 1 1606 2 1609; x_wconf 10' lang='lat'>¹</span> <span class='ocrx_word' id='word_1_81' title='bbox 51 1532 314 1601; x_wconf 82' lang='lat' dir='ltr'><strong>llilohoriensem·</strong></span> <span class='ocrx_word' id='word_1_82' title='bbox 337 1533 491 1600; x_wconf 87' lang='lat' dir='ltr'><strong>dilectum</strong></span> <span class='ocrx_word' id='word_1_83' title='bbox 516 1539 662 1600; x_wconf 87' lang='lat' dir='ltr'><strong>nostrum</strong></span> <span class='ocrx_word' id='word_1_84' title='bbox 688 1540 722 1600; x_wconf 92' lang='lat' dir='ltr'><strong>et</strong></span> <span class='ocrx_word' id='word_1_85' title='bbox 746 1533 874 1601; x_wconf 86' lang='lat' dir='ltr'><strong>fidelem</strong></span> <span class='ocrx_word' id='word_1_86' title='bbox 902 1535 936 1600; x_wconf 92' lang='lat' dir='ltr'><strong>in</strong></span> <span class='ocrx_word' id='word_1_87' title='bbox 959 1533 1112 1604; x_wconf 85' lang='lat' dir='ltr'><strong>Veneciis</strong></span> <span class='ocrx_word' id='word_1_88' title='bbox 1129 1535 1172 1603; x_wconf 88' lang='lat' dir='ltr'><strong>ad</strong></span> 
     </span>
     <span class='ocr_line' id='line_1_12' title="bbox 50 1639 1172 1711; baseline 0.003 -4.833"><span class='ocrx_word' id='word_1_89' title='bbox 50 1641 170 1708; x_wconf 84' lang='lat' dir='ltr'><strong>eusdem</strong></span> <span class='ocrx_word' id='word_1_90' title='bbox 203 1647 238 1709; x_wconf 90' lang='lat' dir='ltr'><strong>et</strong></span> <span class='ocrx_word' id='word_1_91' title='bbox 268 1643 304 1708; x_wconf 94' lang='lat' dir='ltr'><strong>in</strong></span> <span class='ocrx_word' id='word_1_92' title='bbox 334 1639 441 1708; x_wconf 87' lang='lat' dir='ltr'><strong>medio</strong></span> <span class='ocrx_word' id='word_1_93' title='bbox 464 1641 652 1708; x_wconf 89' lang='lat' dir='ltr'><strong>eorumdem</strong></span> <span class='ocrx_word' id='word_1_94' title='bbox 692 1641 842 1707; x_wconf 85' lang='lat' dir='ltr'><strong>duximus</strong></span> <span class='ocrx_word' id='word_1_95' title='bbox 873 1643 1172 1711; x_wconf 86' lang='lat' dir='ltr'><strong>transmittendum.</strong></span> 
     </span>
     <span class='ocr_line' id='line_1_13' title="bbox 1 1745 1171 1835; baseline 0.005 -23"><span class='ocrx_word' id='word_1_96' title='bbox 1 1759 2 1831; x_wconf 43' lang='grc'><em>3</em></span> <span class='ocrx_word' id='word_1_97' title='bbox 51 1745 289 1816; x_wconf 82' lang='lat' dir='ltr'><strong>Constituentes</strong></span> <span class='ocrx_word' id='word_1_98' title='bbox 312 1751 420 1835; x_wconf 90' lang='lat' dir='ltr'><strong>ipsum</strong></span> <span class='ocrx_word' id='word_1_99' title='bbox 435 1754 468 1816; x_wconf 91' lang='lat' dir='ltr'><strong>et</strong></span> <span class='ocrx_word' id='word_1_100' title='bbox 484 1748 688 1834; x_wconf 87' lang='lat' dir='ltr'><strong>preficientes</strong></span> <span class='ocrx_word' id='word_1_101' title='bbox 705 1755 852 1816; x_wconf 89' lang='lat' dir='ltr'><strong>nostrum</strong></span> <span class='ocrx_word' id='word_1_102' title='bbox 869 1749 1123 1818; x_wconf 78' lang='lat' dir='ltr'><strong>Procuratorem</strong></span> <span class='ocrx_word' id='word_1_103' title='bbox 1138 1755 1171 1818; x_wconf 92' lang='lat' dir='ltr'><strong>in</strong></span> 
     </span>
     <span class='ocr_line' id='line_1_14' title="bbox 1 1855 1171 1944; baseline 0.002 -20"><span class='ocrx_word' id='word_1_104' title='bbox 1 1879 2 1924; x_wconf 87' lang='lat'>3</span> <span class='ocrx_word' id='word_1_105' title='bbox 50 1858 220 1939; x_wconf 63' lang='lat' dir='ltr'><strong>premissis</strong></span> <span class='ocrx_word' id='word_1_106' title='bbox 236 1855 519 1938; x_wconf 80' lang='lat' dir='ltr'><strong>Ambaxiatorem,</strong></span> <span class='ocrx_word' id='word_1_107' title='bbox 535 1878 575 1923; x_wconf 88' lang='lat' dir='ltr'><strong>ac</strong></span> <span class='ocrx_word' id='word_1_108' title='bbox 591 1855 768 1942; x_wconf 80' lang='lat' dir='ltr'><strong>Syndicum</strong></span> <span class='ocrx_word' id='word_1_109' title='bbox 793 1857 978 1942; x_wconf 76' lang='lat' dir='ltr'><strong>specialem,</strong></span> <span class='ocrx_word' id='word_1_110' title='bbox 992 1858 1171 1944; x_wconf 86' lang='lat' dir='ltr'><strong>legitimum</strong></span> 
     </span>
     <span class='ocr_line' id='line_1_15' title="bbox 1 1964 1172 2051; baseline 0.006 -23"><span class='ocrx_word' id='word_1_111' title='bbox 1 1965 2 2014; x_wconf 85' lang='lat'>1</span> <span class='ocrx_word' id='word_1_112' title='bbox 50 1969 139 2047; x_wconf 87' lang='lat' dir='ltr'><strong>utque</strong></span> <span class='ocrx_word' id='word_1_113' title='bbox 155 1985 288 2048; x_wconf 78' lang='lat' dir='ltr'><strong>verum3</strong></span> <span class='ocrx_word' id='word_1_114' title='bbox 309 1972 429 2047; x_wconf 88' lang='lat' dir='ltr'><strong>ratum,</strong></span> <span class='ocrx_word' id='word_1_115' title='bbox 444 1972 577 2051; x_wconf 81' lang='lat' dir='ltr'><strong>gratum</strong></span> <span class='ocrx_word' id='word_1_116' title='bbox 594 1972 627 2032; x_wconf 90' lang='lat' dir='ltr'><strong>et</strong></span> <span class='ocrx_word' id='word_1_117' title='bbox 642 1964 769 2030; x_wconf 90' lang='lat' dir='ltr'><strong>firmum</strong></span> <span class='ocrx_word' id='word_1_118' title='bbox 785 1966 992 2050; x_wconf 89' lang='lat' dir='ltr'><strong>presentibus</strong></span> <span class='ocrx_word' id='word_1_119' title='bbox 1007 1989 1066 2034; x_wconf 90' lang='lat' dir='ltr'><strong>nos</strong></span> <span class='ocrx_word' id='word_1_120' title='bbox 1083 1968 1172 2035; x_wconf 91' lang='lat' dir='ltr'><strong>habi·</strong></span> 
     </span>
     <span class='ocr_line' id='line_1_16' title="bbox 1 2071 1173 2158; baseline 0.005 -24"><span class='ocrx_word' id='word_1_121' title='bbox 1 2079 2 2124; x_wconf 78' lang='grc' dir='ltr'><em>ἲ</em></span> <span class='ocrx_word' id='word_1_122' title='bbox 50 2077 133 2136; x_wconf 86' lang='lat' dir='ltr'><strong>turos</strong></span> <span class='ocrx_word' id='word_1_123' title='bbox 158 2075 402 2156; x_wconf 85' lang='lat' dir='ltr'><strong>promittentes,</strong></span> <span class='ocrx_word' id='word_1_124' title='bbox 426 2073 583 2157; x_wconf 89' lang='lat' dir='ltr'><strong>quicquid</strong></span> <span class='ocrx_word' id='word_1_125' title='bbox 607 2094 666 2158; x_wconf 91' lang='lat' dir='ltr'><strong>per</strong></span> <span class='ocrx_word' id='word_1_126' title='bbox 691 2071 828 2138; x_wconf 89' lang='lat' dir='ltr'><strong>eundem</strong></span> <span class='ocrx_word' id='word_1_127' title='bbox 854 2071 1019 2140; x_wconf 88' lang='lat' dir='ltr'><strong>dominum</strong></span> <span class='ocrx_word' id='word_1_128' title='bbox 1035 2074 1173 2142; x_wconf 86' lang='lat' dir='ltr'><strong>fratrem</strong></span> 
     </span>
     <span class='ocr_line' id='line_1_17' title="bbox 1 2175 1172 2268; baseline 0.004 -25"><span class='ocrx_word' id='word_1_129' title='bbox 1 2182 2 2222; x_wconf 67' lang='lat'><em>³</em></span> <span class='ocrx_word' id='word_1_130' title='bbox 50 2175 201 2248; x_wconf 70' lang='lat' dir='ltr'><strong>&#39;thomam</strong></span> <span class='ocrx_word' id='word_1_131' title='bbox 228 2182 380 2248; x_wconf 79' lang='lat' dir='ltr'><strong>Electum</strong></span> <span class='ocrx_word' id='word_1_132' title='bbox 410 2181 675 2265; x_wconf 84' lang='lat' dir='ltr'><strong>Procuratorem,</strong></span> <span class='ocrx_word' id='word_1_133' title='bbox 701 2179 982 2266; x_wconf 84' lang='lat' dir='ltr'><strong>Ambaxiatorem,</strong></span> <span class='ocrx_word' id='word_1_134' title='bbox 997 2188 1032 2248; x_wconf 90' lang='lat' dir='ltr'><strong>et</strong></span> <span class='ocrx_word' id='word_1_135' title='bbox 1056 2181 1172 2268; x_wconf 84' lang='lat' dir='ltr'><strong>Syndi·</strong></span> 
     </span>
    </p>

    <p class='ocr_par' dir='ltr' id='par_1_5' title="bbox 1 2290 1174 3238">
     <span class='ocr_line' id='line_1_18' title="bbox 49 2290 1171 2387; baseline 0.004 -33"><span class='ocrx_word' id='word_1_136' title='bbox 49 2309 113 2387; x_wconf 83' lang='lat' dir='ltr'><strong>cum</strong></span> <span class='ocrx_word' id='word_1_137' title='bbox 129 2290 303 2374; x_wconf 86' lang='lat' dir='ltr'><strong>specialem</strong></span> <span class='ocrx_word' id='word_1_138' title='bbox 315 2291 349 2355; x_wconf 91' lang='lat' dir='ltr'><strong>in</strong></span> <span class='ocrx_word' id='word_1_139' title='bbox 360 2290 512 2374; x_wconf 90' lang='lat' dir='ltr'><strong>premissi</strong></span> <span class='ocrx_word' id='word_1_140' title='bbox 525 2291 705 2376; x_wconf 88' lang='lat' dir='ltr'><strong>juramenti</strong></span> <span class='ocrx_word' id='word_1_141' title='bbox 721 2291 892 2356; x_wconf 83' lang='lat' dir='ltr'><strong>exactione</strong></span> <span class='ocrx_word' id='word_1_142' title='bbox 903 2295 936 2355; x_wconf 91' lang='lat' dir='ltr'><strong>et</strong></span> <span class='ocrx_word' id='word_1_143' title='bbox 947 2291 1171 2374; x_wconf 84' lang='lat' dir='ltr'><strong>acceptatione</strong></span> 
     </span>
     <span class='ocr_line' id='line_1_19' title="bbox 51 2383 1174 2482; baseline 0.003 -19.827"><span class='ocrx_word' id='word_1_144' title='bbox 51 2383 104 2480; x_wconf 87' lang='lat' dir='ltr'><strong>per</strong></span> <span class='ocrx_word' id='word_1_145' title='bbox 118 2397 257 2464; x_wconf 87' lang='lat' dir='ltr'><strong>eundem</strong></span> <span class='ocrx_word' id='word_1_146' title='bbox 273 2399 439 2466; x_wconf 88' lang='lat' dir='ltr'><strong>domiuum</strong></span> <span class='ocrx_word' id='word_1_147' title='bbox 454 2399 582 2465; x_wconf 87' lang='lat' dir='ltr'><strong>Ducem</strong></span> <span class='ocrx_word' id='word_1_148' title='bbox 597 2396 797 2468; x_wconf 84' lang='lat' dir='ltr'><strong>Venetorum</strong></span> <span class='ocrx_word' id='word_1_149' title='bbox 814 2403 847 2464; x_wconf 89' lang='lat' dir='ltr'><strong>et</strong></span> <span class='ocrx_word' id='word_1_150' title='bbox 864 2418 939 2464; x_wconf 90' lang='lat' dir='ltr'><strong>suos</strong></span> <span class='ocrx_word' id='word_1_151' title='bbox 953 2399 1068 2482; x_wconf 78' lang='lat' dir='ltr'><strong>viginti</strong></span> <span class='ocrx_word' id='word_1_152' title='bbox 1083 2398 1174 2466; x_wconf 82' lang='lat' dir='ltr'><strong>Seni·</strong></span> 
     </span>
     <span class='ocr_line' id='line_1_20' title="bbox 1 2504 1173 2590; baseline 0.007 -24"><span class='ocrx_word' id='word_1_153' title='bbox 1 2523 3 2590; x_wconf 69' lang='grc'><em>3</em></span> <span class='ocrx_word' id='word_1_154' title='bbox 50 2525 116 2570; x_wconf 88' lang='lat' dir='ltr'><strong>ores</strong></span> <span class='ocrx_word' id='word_1_155' title='bbox 139 2505 388 2590; x_wconf 87' lang='lat' dir='ltr'><strong>principaliores</strong></span> <span class='ocrx_word' id='word_1_156' title='bbox 412 2504 595 2588; x_wconf 85' lang='lat' dir='ltr'><strong>exhibendi,</strong></span> <span class='ocrx_word' id='word_1_157' title='bbox 620 2527 659 2572; x_wconf 91' lang='lat' dir='ltr'><strong>ao</strong></span> <span class='ocrx_word' id='word_1_158' title='bbox 686 2507 738 2571; x_wconf 87' lang='lat' dir='ltr'><strong>litt</strong></span> <span class='ocrx_word' id='word_1_159' title='bbox 725 2513 870 2572; x_wconf 88' lang='lat' dir='ltr'><strong>terarum</strong></span> <span class='ocrx_word' id='word_1_160' title='bbox 896 2526 953 2572; x_wconf 87' lang='lat' dir='ltr'><strong>seu</strong></span> <span class='ocrx_word' id='word_1_161' title='bbox 969 2506 1173 2590; x_wconf 87' lang='lat' dir='ltr'><strong>publicorum</strong></span> 
     </span>
     <span class='ocr_line' id='line_1_21' title="bbox 1 2573 1172 2706; baseline 0.004 -31"><span class='ocrx_word' id='word_1_162' title='bbox 1 2573 3 2706; x_wconf 78' lang='lat' dir='ltr'><strong>l</strong></span> <span class='ocrx_word' id='word_1_163' title='bbox 50 2613 334 2679; x_wconf 79' lang='lat' dir='ltr'><strong>instrumentorum</strong></span> <span class='ocrx_word' id='word_1_164' title='bbox 366 2611 483 2680; x_wconf 86' lang='lat' dir='ltr'><strong>exinde</strong></span> <span class='ocrx_word' id='word_1_165' title='bbox 509 2634 606 2696; x_wconf 90' lang='lat' dir='ltr'><strong>super</strong></span> <span class='ocrx_word' id='word_1_166' title='bbox 629 2613 817 2698; x_wconf 81' lang='lat' dir='ltr'><strong>juramento</strong></span> <span class='ocrx_word' id='word_1_167' title='bbox 845 2635 910 2698; x_wconf 90' lang='lat' dir='ltr'><strong>quo</strong></span> <span class='ocrx_word' id='word_1_168' title='bbox 935 2635 1035 2698; x_wconf 86' lang='lat' dir='ltr'><strong>supra</strong></span> <span class='ocrx_word' id='word_1_169' title='bbox 1058 2621 1172 2682; x_wconf 87' lang='lat' dir='ltr'><strong>exacto</strong></span> 
     </span>
     <span class='ocr_line' id='line_1_22' title="bbox 51 2717 1173 2806; baseline 0.003 -22.871"><span class='ocrx_word' id='word_1_170' title='bbox 51 2717 256 2804; x_wconf 81' lang='lat' dir='ltr'><strong>coniectione,</strong></span> <span class='ocrx_word' id='word_1_171' title='bbox 271 2742 332 2787; x_wconf 91' lang='lat' dir='ltr'><strong>nec</strong></span> <span class='ocrx_word' id='word_1_172' title='bbox 348 2741 411 2787; x_wconf 90' lang='lat' dir='ltr'><strong>non</strong></span> <span class='ocrx_word' id='word_1_173' title='bbox 427 2721 719 2806; x_wconf 83' lang='lat' dir='ltr'><strong>nomineconjurat</strong></span> <span class='ocrx_word' id='word_1_174' title='bbox 719 2743 811 2788; x_wconf 89' lang='lat' dir='ltr'><strong>orum</strong></span> <span class='ocrx_word' id='word_1_175' title='bbox 828 2720 1026 2789; x_wconf 82' lang='lat' dir='ltr'><strong>Senatorum</strong></span> <span class='ocrx_word' id='word_1_176' title='bbox 1041 2729 1075 2789; x_wconf 88' lang='lat' dir='ltr'><strong>et</strong></span> <span class='ocrx_word' id='word_1_177' title='bbox 1091 2723 1173 2789; x_wconf 88' lang='lat' dir='ltr'><strong>seni·</strong></span> 
     </span>
     <span class='ocr_line' id='line_1_23' title="bbox 1 2825 1173 2914; baseline 0.002 -22"><span class='ocrx_word' id='word_1_178' title='bbox 1 2825 2 2848; x_wconf 80' lang='lat'>³</span> <span class='ocrx_word' id='word_1_179' title='bbox 49 2847 136 2894; x_wconf 88' lang='lat' dir='ltr'><strong>orum</strong></span> <span class='ocrx_word' id='word_1_180' title='bbox 161 2851 201 2896; x_wconf 89' lang='lat' dir='ltr'><strong>ac</strong></span> <span class='ocrx_word' id='word_1_181' title='bbox 227 2829 495 2914; x_wconf 85' lang='lat' dir='ltr'><strong>principaliorum</strong></span> <span class='ocrx_word' id='word_1_182' title='bbox 521 2831 605 2896; x_wconf 89' lang='lat' dir='ltr'><strong>siout</strong></span> <span class='ocrx_word' id='word_1_183' title='bbox 620 2830 742 2896; x_wconf 87' lang='lat' dir='ltr'><strong>nostris</strong></span> <span class='ocrx_word' id='word_1_184' title='bbox 758 2829 877 2896; x_wconf 89' lang='lat' dir='ltr'><strong>litteris</strong></span> <span class='ocrx_word' id='word_1_185' title='bbox 893 2852 933 2896; x_wconf 87' lang='lat' dir='ltr'><strong>ex</strong></span> <span class='ocrx_word' id='word_1_186' title='bbox 948 2837 1043 2914; x_wconf 88' lang='lat' dir='ltr'><strong>parte</strong></span> <span class='ocrx_word' id='word_1_187' title='bbox 1059 2836 1173 2897; x_wconf 90' lang='lat' dir='ltr'><strong>nostra</strong></span> 
     </span>
     <span class='ocr_line' id='line_1_24' title="bbox 1 2935 1172 3023; baseline 0.003 -22"><span class='ocrx_word' id='word_1_188' title='bbox 1 2935 2 2970; x_wconf 47' lang='lat' dir='ltr'><strong>s</strong></span> <span class='ocrx_word' id='word_1_189' title='bbox 49 2935 129 3004; x_wconf 84' lang='lat' dir='ltr'><strong>datis</strong></span> <span class='ocrx_word' id='word_1_190' title='bbox 155 2940 341 3004; x_wconf 88' lang='lat' dir='ltr'><strong>continetur</strong></span> <span class='ocrx_word' id='word_1_191' title='bbox 366 2939 594 3023; x_wconf 87' lang='lat' dir='ltr'><strong>conscriptum,</strong></span> <span class='ocrx_word' id='word_1_192' title='bbox 612 2945 720 3005; x_wconf 88' lang='lat' dir='ltr'><strong>aetum</strong></span> <span class='ocrx_word' id='word_1_193' title='bbox 746 2937 856 3019; x_wconf 82' lang='lat' dir='ltr'><strong>inerit,</strong></span> <span class='ocrx_word' id='word_1_194' title='bbox 871 2945 969 3023; x_wconf 89' lang='lat' dir='ltr'><strong>atque</strong></span> <span class='ocrx_word' id='word_1_195' title='bbox 986 2939 1172 3005; x_wconf 89' lang='lat' dir='ltr'><strong>ordinatum</strong></span> 
     </span>
     <span class='ocr_line' id='line_1_25' title="bbox 1 3042 1174 3128; baseline 0.002 -20"><span class='ocrx_word' id='word_1_196' title='bbox 1 3048 2 3096; x_wconf 74' lang='grc' dir='ltr'>ἑ</span> <span class='ocrx_word' id='word_1_197' title='bbox 48 3042 79 3108; x_wconf 91' lang='lat' dir='ltr'><strong>in</strong></span> <span class='ocrx_word' id='word_1_198' title='bbox 107 3064 250 3128; x_wconf 88' lang='lat' dir='ltr'><strong>persona</strong></span> <span class='ocrx_word' id='word_1_199' title='bbox 298 3045 421 3112; x_wconf 87' lang='lat' dir='ltr'><strong>Nostre</strong></span> <span class='ocrx_word' id='word_1_200' title='bbox 462 3043 660 3112; x_wconf 88' lang='lat' dir='ltr'><strong>Maiestatis.</strong></span> <span class='ocrx_word' id='word_1_201' title='bbox 692 3043 816 3112; x_wconf 90' lang='lat' dir='ltr'><strong>Datum</strong></span> <span class='ocrx_word' id='word_1_202' title='bbox 842 3045 935 3112; x_wconf 85' lang='lat' dir='ltr'><strong>Bude</strong></span> <span class='ocrx_word' id='word_1_203' title='bbox 967 3043 1051 3112; x_wconf 83' lang='lat' dir='ltr'><strong>seria</strong></span> <span class='ocrx_word' id='word_1_204' title='bbox 1081 3051 1174 3110; x_wconf 86' lang='lat' dir='ltr'><strong>sexta</strong></span> 
     </span>
     <span class='ocr_line' id='line_1_26' title="bbox 1 3150 1174 3238; baseline 0.001 -23"><span class='ocrx_word' id='word_1_205' title='bbox 1 3180 2 3188; x_wconf 45' lang='lat'>¹</span> <span class='ocrx_word' id='word_1_206' title='bbox 50 3153 194 3233; x_wconf 81' lang='lat' dir='ltr'><strong>proxima</strong></span> <span class='ocrx_word' id='word_1_207' title='bbox 219 3159 296 3237; x_wconf 90' lang='lat' dir='ltr'><strong>post</strong></span> <span class='ocrx_word' id='word_1_208' title='bbox 320 3151 437 3220; x_wconf 84' lang='lat' dir='ltr'><strong>festum</strong></span> <span class='ocrx_word' id='word_1_209' title='bbox 462 3150 655 3220; x_wconf 76' lang='lat' dir='ltr'><strong>Nativiuus</strong></span> <span class='ocrx_word' id='word_1_210' title='bbox 683 3151 831 3238; x_wconf 81' lang='lat' dir='ltr'><strong>Virginis</strong></span> <span class='ocrx_word' id='word_1_211' title='bbox 847 3150 998 3220; x_wconf 83' lang='lat' dir='ltr'><strong>Gloriosa</strong></span> <span class='ocrx_word' id='word_1_212' title='bbox 1013 3153 1174 3219; x_wconf 90' lang='lat' dir='ltr'><strong>annoDc·</strong></span> 
     </span>
    </p>
   </div>
   <div class='ocr_carea' id='block_1_3' title="bbox 1 3257 445 3331">
    <p class='ocr_par' dir='ltr' id='par_1_6' title="bbox 1 3257 445 3331">
     <span class='ocr_line' id='line_1_27' title="bbox 1 3257 445 3331; baseline 0.007 -7"><span class='ocrx_word' id='word_1_213' title='bbox 1 3307 2 3310; x_wconf 63' lang='lat'>,</span> <span class='ocrx_word' id='word_1_214' title='bbox 51 3262 124 3326; x_wconf 86' lang='lat' dir='ltr'><strong>mini</strong></span> <span class='ocrx_word' id='word_1_215' title='bbox 142 3257 445 3331; x_wconf 80' lang='lat' dir='ltr'>MOCOXLVIII.</span> 
     </span>
    </p>
   </div>
   <div class='ocr_carea' id='block_1_4' title="bbox 381 3405 847 3486">
    <p class='ocr_par' dir='ltr' id='par_1_7' title="bbox 381 3405 847 3486">
     <span class='ocr_line' id='line_1_28' title="bbox 381 3405 847 3486; baseline 0 -30"><span class='ocrx_word' id='word_1_216' title='bbox 381 3405 575 3486; x_wconf 65' lang='lat' dir='ltr'><strong>(aPsctorumf</strong></span> <span class='ocrx_word' id='word_1_217' title='bbox 590 3407 622 3458; x_wconf 82' lang='lat' dir='ltr'><strong>V.</strong></span> <span class='ocrx_word' id='word_1_218' title='bbox 636 3406 693 3458; x_wconf 73' lang='lat' dir='ltr'><strong>ket.</strong></span> <span class='ocrx_word' id='word_1_219' title='bbox 709 3409 767 3456; x_wconf 78' lang='lat'>220.</span> <span class='ocrx_word' id='word_1_220' title='bbox 783 3405 847 3468; x_wconf 85' lang='lat' dir='ltr'><strong>lev.)</strong></span> 
     </span>
    </p>
   </div>
   <div class='ocr_carea' id='block_1_5' title="bbox 50 3578 1174 3760">
    <p class='ocr_par' dir='ltr' id='par_1_8' title="bbox 1 3537 1174 3760">
     <span class='ocr_line' id='line_1_29' title="bbox 50 3578 1174 3671; baseline -0.024 2.83"><span class='ocrx_word' id='word_1_221' title='bbox 50 3578 97 3671; x_wconf 76' lang='lat' dir='ltr'><strong>Kl</strong></span> <span class='ocrx_word' id='word_1_222' title='bbox 131 3583 163 3650; x_wconf 85' lang='lat' dir='ltr'>A</span> <span class='ocrx_word' id='word_1_223' title='bbox 196 3581 427 3650; x_wconf 82' lang='lat' dir='ltr'><strong>relenczei</strong></span> <span class='ocrx_word' id='word_1_224' title='bbox 460 3579 940 3669; x_wconf 75' lang='lat' dir='ltr'><strong>lrcrmanytaneosnalr</strong></span> <span class='ocrx_word' id='word_1_225' title='bbox 977 3601 1081 3649; x_wconf 83' lang='lat' dir='ltr'><strong>enen</strong></span> <span class='ocrx_word' id='word_1_226' title='bbox 1118 3603 1174 3648; x_wconf 86' lang='lat' dir='ltr'><strong>es·</strong></span> 
     </span>
     <span class='ocr_line' id='line_1_30' title="bbox 207 3691 1021 3760; baseline -0.002 -2"><span class='ocrx_word' id='word_1_227' title='bbox 207 3691 317 3758; x_wconf 79' lang='lat' dir='ltr'><strong>littra</strong></span> <span class='ocrx_word' id='word_1_228' title='bbox 340 3693 593 3760; x_wconf 80' lang='lat' dir='ltr'><strong>vonatlrczo</strong></span> <span class='ocrx_word' id='word_1_229' title='bbox 616 3693 899 3759; x_wconf 78' lang='lat' dir='ltr'><strong>hateroaata.</strong></span> <span class='ocrx_word' id='word_1_230' title='bbox 926 3695 1021 3758; x_wconf 76' lang='lat'>1348.</span> 
     </span>
    </p>
   </div>
   <div class='ocr_carea' id='block_1_6' title="bbox 51 3814 1175 4658">
    <p class='ocr_par' dir='ltr' id='par_1_9' title="bbox 51 3814 1175 4658">
     <span class='ocr_line' id='line_1_31' title="bbox 152 3814 1174 3903; baseline -0.002 -18"><span class='ocrx_word' id='word_1_231' title='bbox 152 3817 253 3886; x_wconf 83' lang='lat' dir='ltr'><strong>Anno</strong></span> <span class='ocrx_word' id='word_1_232' title='bbox 277 3815 577 3887; x_wconf 83' lang='lat' dir='ltr'>MCOOXLVIII.</span> <span class='ocrx_word' id='word_1_233' title='bbox 593 3819 645 3885; x_wconf 90' lang='lat' dir='ltr'><strong>die</strong></span> <span class='ocrx_word' id='word_1_234' title='bbox 662 3818 816 3902; x_wconf 83' lang='lat' dir='ltr'><strong>vigesimo</strong></span> <span class='ocrx_word' id='word_1_235' title='bbox 832 3826 946 3884; x_wconf 84' lang='lat' dir='ltr'><strong>octavo</strong></span> <span class='ocrx_word' id='word_1_236' title='bbox 962 3814 1174 3903; x_wconf 84' lang='lat' dir='ltr'><strong>Septembris.</strong></span> 
     </span>
     <span class='ocr_line' id='line_1_32' title="bbox 52 3922 1174 4011; baseline 0.001 -21"><span class='ocrx_word' id='word_1_237' title='bbox 52 3924 206 4011; x_wconf 79' lang='lat' dir='ltr'><strong>tlapta:</strong></span> <span class='ocrx_word' id='word_1_238' title='bbox 232 3922 317 3991; x_wconf 75' lang='lat' dir='ltr'><strong>s‘u&#39;m</strong></span> <span class='ocrx_word' id='word_1_239' title='bbox 342 3926 373 3991; x_wconf 94' lang='lat' dir='ltr'><strong>in</strong></span> <span class='ocrx_word' id='word_1_240' title='bbox 401 3929 547 4010; x_wconf 82' lang='lat' dir='ltr'><strong>treuguis</strong></span> <span class='ocrx_word' id='word_1_241' title='bbox 567 3935 600 3992; x_wconf 85' lang='lat' dir='ltr'><strong>ct</strong></span> <span class='ocrx_word' id='word_1_242' title='bbox 617 3926 793 3993; x_wconf 89' lang='lat' dir='ltr'><strong>concordio</strong></span> <span class='ocrx_word' id='word_1_243' title='bbox 808 3931 954 3992; x_wconf 88' lang='lat' dir='ltr'><strong>tractato</strong></span> <span class='ocrx_word' id='word_1_244' title='bbox 971 3925 1058 3992; x_wconf 90' lang='lat' dir='ltr'><strong>inter</strong></span> <span class='ocrx_word' id='word_1_245' title='bbox 1073 3926 1174 3994; x_wconf 86' lang='lat' dir='ltr'><strong>domi·</strong></span> 
     </span>
     <span class='ocr_line' id='line_1_33' title="bbox 51 4033 1174 4120; baseline 0.003 -22"><span class='ocrx_word' id='word_1_246' title='bbox 51 4055 124 4100; x_wconf 89' lang='lat' dir='ltr'><strong>uum</strong></span> <span class='ocrx_word' id='word_1_247' title='bbox 146 4034 272 4120; x_wconf 85' lang='lat' dir='ltr'><strong>Regem</strong></span> <span class='ocrx_word' id='word_1_248' title='bbox 295 4033 445 4118; x_wconf 84' lang='lat' dir='ltr'><strong>Vngarie</strong></span> <span class='ocrx_word' id='word_1_249' title='bbox 461 4056 517 4100; x_wconf 90' lang='lat' dir='ltr'><strong>seu</strong></span> <span class='ocrx_word' id='word_1_250' title='bbox 531 4035 602 4100; x_wconf 85' lang='lat' dir='ltr'><strong>eius</strong></span> <span class='ocrx_word' id='word_1_251' title='bbox 619 4033 860 4101; x_wconf 81' lang='lat' dir='ltr'><strong>Ambaxatores</strong></span> <span class='ocrx_word' id='word_1_252' title='bbox 876 4040 909 4100; x_wconf 89' lang='lat' dir='ltr'><strong>et</strong></span> <span class='ocrx_word' id='word_1_253' title='bbox 925 4055 983 4100; x_wconf 88' lang='lat' dir='ltr'><strong>nos</strong></span> <span class='ocrx_word' id='word_1_254' title='bbox 997 4033 1083 4099; x_wconf 86' lang='lat' dir='ltr'><strong>inter</strong></span> <span class='ocrx_word' id='word_1_255' title='bbox 1108 4035 1174 4101; x_wconf 88' lang='lat' dir='ltr'><strong>alia</strong></span> 
     </span>
     <span class='ocr_line' id='line_1_34' title="bbox 52 4140 1174 4227; baseline 0.003 -22"><span class='ocrx_word' id='word_1_256' title='bbox 52 4147 208 4224; x_wconf 79' lang='lat' dir='ltr'><strong>caveatur,</strong></span> <span class='ocrx_word' id='word_1_257' title='bbox 233 4141 321 4227; x_wconf 88' lang='lat' dir='ltr'><strong>quod</strong></span> <span class='ocrx_word' id='word_1_258' title='bbox 346 4143 416 4227; x_wconf 92' lang='lat' dir='ltr'><strong>ipse</strong></span> <span class='ocrx_word' id='word_1_259' title='bbox 440 4142 590 4209; x_wconf 85' lang='lat' dir='ltr'><strong>dominus</strong></span> <span class='ocrx_word' id='word_1_260' title='bbox 614 4141 687 4209; x_wconf 84' lang='lat' dir='ltr'><strong>Rex</strong></span> <span class='ocrx_word' id='word_1_261' title='bbox 711 4163 785 4209; x_wconf 89' lang='lat' dir='ltr'><strong>cum</strong></span> <span class='ocrx_word' id='word_1_262' title='bbox 809 4142 925 4224; x_wconf 80' lang='lat' dir='ltr'><strong>viginti</strong></span> <span class='ocrx_word' id='word_1_263' title='bbox 941 4140 980 4207; x_wconf 89' lang='lat' dir='ltr'><strong>de</strong></span> <span class='ocrx_word' id='word_1_264' title='bbox 996 4140 1174 4208; x_wconf 90' lang='lat' dir='ltr'><strong>maioribus</strong></span> 
     </span>
     <span class='ocr_line' id='line_1_35' title="bbox 52 4247 1174 4334; baseline 0.004 -23"><span class='ocrx_word' id='word_1_265' title='bbox 52 4249 227 4334; x_wconf 20' lang='lat' dir='ltr'><strong>suisxipsas</strong></span> <span class='ocrx_word' id='word_1_266' title='bbox 250 4255 408 4332; x_wconf 77' lang='lat' dir='ltr'><strong>treuguas</strong></span> <span class='ocrx_word' id='word_1_267' title='bbox 433 4270 466 4316; x_wconf 89' lang='lat' dir='ltr'><strong>es</strong></span> <span class='ocrx_word' id='word_1_268' title='bbox 491 4249 699 4318; x_wconf 82' lang='lat' dir='ltr'><strong>contordiam</strong></span> <span class='ocrx_word' id='word_1_269' title='bbox 726 4247 905 4316; x_wconf 86' lang='lat' dir='ltr'><strong>retificabit</strong></span> <span class='ocrx_word' id='word_1_270' title='bbox 920 4254 953 4314; x_wconf 87' lang='lat' dir='ltr'><strong>et</strong></span> <span class='ocrx_word' id='word_1_271' title='bbox 968 4249 1174 4334; x_wconf 88' lang='lat' dir='ltr'><strong>approbabit,</strong></span> 
     </span>
     <span class='ocr_line' id='line_1_36' title="bbox 53 4355 1174 4442; baseline 0.004 -25"><span class='ocrx_word' id='word_1_272' title='bbox 53 4359 84 4418; x_wconf 89' lang='lat' dir='ltr'><strong>et</strong></span> <span class='ocrx_word' id='word_1_273' title='bbox 106 4357 319 4440; x_wconf 85' lang='lat' dir='ltr'><strong>personaliter</strong></span> <span class='ocrx_word' id='word_1_274' title='bbox 344 4379 417 4422; x_wconf 89' lang='lat' dir='ltr'><strong>omn</strong></span> <span class='ocrx_word' id='word_1_275' title='bbox 443 4357 540 4424; x_wconf 88' lang='lat' dir='ltr'><strong>dictis</strong></span> <span class='ocrx_word' id='word_1_276' title='bbox 566 4357 681 4442; x_wconf 78' lang='lat' dir='ltr'><strong>viginti</strong></span> <span class='ocrx_word' id='word_1_277' title='bbox 709 4356 897 4424; x_wconf 83' lang='lat' dir='ltr'><strong>Beronibus</strong></span> <span class='ocrx_word' id='word_1_278' title='bbox 922 4355 1046 4424; x_wconf 88' lang='lat' dir='ltr'><strong>iurabit</strong></span> <span class='ocrx_word' id='word_1_279' title='bbox 1062 4378 1174 4442; x_wconf 82' lang='lat' dir='ltr'><strong>eorpo-</strong></span> 
     </span>
     <span class='ocr_line' id='line_1_37' title="bbox 56 4463 1175 4549; baseline 0.005 -24"><span class='ocrx_word' id='word_1_280' title='bbox 56 4463 163 4529; x_wconf 80' lang='lat' dir='ltr'><strong>raliter</strong></span> <span class='ocrx_word' id='word_1_281' title='bbox 178 4465 267 4549; x_wconf 86' lang='lat' dir='ltr'><strong>ipsas</strong></span> <span class='ocrx_word' id='word_1_282' title='bbox 282 4471 439 4548; x_wconf 85' lang='lat' dir='ltr'><strong>treuguas</strong></span> <span class='ocrx_word' id='word_1_283' title='bbox 454 4486 599 4546; x_wconf 88' lang='lat' dir='ltr'><strong>servarc;</strong></span> <span class='ocrx_word' id='word_1_284' title='bbox 615 4473 648 4530; x_wconf 90' lang='lat' dir='ltr'><strong>et</strong></span> <span class='ocrx_word' id='word_1_285' title='bbox 663 4465 741 4548; x_wconf 89' lang='lat' dir='ltr'><strong>quia</strong></span> <span class='ocrx_word' id='word_1_286' title='bbox 760 4465 867 4531; x_wconf 90' lang='lat' dir='ltr'><strong>dictus</strong></span> <span class='ocrx_word' id='word_1_287' title='bbox 884 4465 960 4530; x_wconf 83' lang='lat' dir='ltr'><strong>Dux</strong></span> <span class='ocrx_word' id='word_1_288' title='bbox 975 4486 993 4530; x_wconf 93' lang='lat' dir='ltr'><strong>e</strong></span> <span class='ocrx_word' id='word_1_289' title='bbox 1009 4467 1175 4532; x_wconf 89' lang='lat' dir='ltr'><strong>contrario</strong></span> 
     </span>
     <span class='ocr_line' id='line_1_38' title="bbox 57 4571 1174 4658; baseline 0.004 -23"><span class='ocrx_word' id='word_1_290' title='bbox 57 4589 125 4636; x_wconf 87' lang='lat' dir='ltr'><strong>cum</strong></span> <span class='ocrx_word' id='word_1_291' title='bbox 147 4573 261 4657; x_wconf 78' lang='lat' dir='ltr'><strong>viginti</strong></span> <span class='ocrx_word' id='word_1_292' title='bbox 286 4571 326 4637; x_wconf 84' lang='lat' dir='ltr'><strong>de</strong></span> <span class='ocrx_word' id='word_1_293' title='bbox 344 4572 519 4639; x_wconf 84' lang='lat' dir='ltr'><strong>Nobilibus</strong></span> <span class='ocrx_word' id='word_1_294' title='bbox 544 4573 760 4643; x_wconf 87' lang='lat' dir='ltr'><strong>Veneeiarum</strong></span> <span class='ocrx_word' id='word_1_295' title='bbox 785 4572 903 4640; x_wconf 86' lang='lat' dir='ltr'><strong>debeat</strong></span> <span class='ocrx_word' id='word_1_296' title='bbox 920 4571 1070 4640; x_wconf 86' lang='lat' dir='ltr'><strong>similiter·</strong></span> <span class='ocrx_word' id='word_1_297' title='bbox 1086 4575 1174 4658; x_wconf 89' lang='lat' dir='ltr'><strong>ipsas</strong></span> 
     </span>
    </p>
   </div>
   <div class='ocr_carea' id='block_1_7' title="bbox 0 0 1560 5248">
    <p class='ocr_par' dir='ltr' id='par_1_10' title="bbox 0 0 1560 5248">
     <span class='ocr_line' id='line_1_39' title="bbox 0 0 1560 5248; baseline 0 2"><span class='ocrx_word' id='word_1_298' title='bbox 0 0 1560 5248; x_wconf 95' lang='lat' dir='ltr'><strong> </strong></span> 
     </span>
    </p>
   </div>
  </div>
 </body>
</html>
