3134 5252
600 365 694 438 1346.
1147 367 1209 442 rm

13 525 16 626 l
106 546 227 627 diceudo,
243 547 332 631 quod
349 549 512 614 credimus
529 568 626 632 super
651 547 748 612 lectis
773 547 990 632 pendentibus
1006 548 1092 610 inter
1109 547 1210 612 domi-

13 653 18 740 J,
105 678 165 720 num
179 655 295 738 Regem
320 653 472 740 Vngarie
499 661 533 721 ct
556 677 617 724 nos
632 656 762 721 mittere
787 651 1011 720 Ambarratam
1028 651 1071 718 ad
1087 653 1209 718 dictum
1304 659 1308 672 '

103 763 245 828 domiuum
275 761 402 844 Regem
431 761 614 846 Huugarie,
647 783 746 846 quam
761 763 984 828 Ambaxatanr
1000 767 1031 826 et
1049 761 1138 826 lacta
1154 783 1210 827 no-

104 876 166 950 stra,
181 871 295 936 iucasu
311 890 377 953 qno
394 871 463 953 ipse
479 869 719 962 dominus-Rex
734 891 768 934 se
783 871 929 954 reperiat
945 891 1018 934 cum
1028 869 1120 952 Rege
1138 867 1206 936 Vn-

102 977 184 1059 garis,
193 977 303 1042 intime
320 983 353 1042 et
369 997 442 1042 cum
457 999 578 1060 magna
592 977 713 1043 fiducia
723 978 987 1046 commendamus
997 1001 1003 1058 ;
1013 998 1085 1042 cum
1102 977 1207 1040 inten-

13 1083 15 1130 ἕ
103 1083 328 1166 monastrant,
354 1085 381 1149 si
408 1085 514 1167 ipsam
548 1083 771 1151 Ambaxatam
799 1086 973 1165 mittemus,
1003 1084 1207 1149 committere

13 1179 17 1280 ξ
101 1188 357 1257 Anbanatoribus
374 1193 502 1273 nostris,
528 1192 668 1276 quodsi
694 1213 728 1258 se
758 1193 943 1275 repererint
968 1213 1038 1258 cum
1064 1191 1135 1275 ipso
1154 1189 1211 1256 do·

13 1285 15 1358 l
100 1297 170 1362 nino
191 1298 403 1382 Imperatore,
428 1306 602 1364 recurrant
626 1300 671 1366 ad
695 1321 768 1366 eum
799 1321 859 1384 pro
876 1300 1007 1378 amilio,
1023 1299 1158 1366 oonsilio
1177 1305 1211 1362 ot

13 1443 16 1504 ἶ
99 1403 191 1472 lavore
205 1416 362 1491 tanquam
379 1408 422 1473 ad
437 1408 575 1473 amicum
586 1413 732 1474 nostrum
742 1409 966 1475 honorabilem
976 1415 1007 1473 et
1018 1408 1210 1491 precipiam,

97 1511 124 1576 iu
137 1535 191 1596 quo
206 1514 336 1598 plenam
354 1536 443 1597 spem
461 1522 493 1581 et
508 1514 606 1579 iidem
623 1516 774 1600 gerimus,
791 1515 879 1598 quod
896 1514 986 1582 facta
1002 1520 1116 1580 nostro
1130 1533 1207 1598 pro·

98 1620 158 1700 pria
170 1629 305 1704 reputet,
322 1622 407 1687 sicut
432 1621 531 1686 etiam
556 1628 782 1706 reputaremus
808 1643 934 1690 onmem
950 1623 1020 1687 eius
1036 1620 1207 1688 exaltatio·

96 1746 154 1790 nem
169 1729 289 1812 pariter
304 1737 337 1793 et
353 1728 518 1794 honorem.

187 1835 212 1900 C
229 1857 249 1901 a
266 1858 288 1919 p
304 1843 318 1900 t
334 1856 378 1902 a:
402 1835 499 1920 Quod
531 1858 591 1920 pro
620 1837 744 1902 honore
775 1846 887 1905 nostro
903 1836 1118 1922 provideatur
1134 1836 1206 1902 istis
1239 1837 1243 1844 “

97 1941 358 2009 Ambaxatoribus
375 1944 499 2010 domini
515 1944 618 2027 Regis
635 1944 740 2011 Raxie
755 1947 789 2011 in
805 1945 912 2026 rebus,
922 1963 986 2030 que
1001 1943 1209 2022 ridebuntur,

95 2070 180 2133 usque
194 2051 236 2115 ad
251 2073 410 2118 summam
427 2053 620 2118 ducatorum
637 2061 765 2119 centnm
775 2075 836 2136 pro
853 2053 1012 2138 expensis,
1028 2071 1110 2136 quas
1125 2039 1208 2116 iece-

13 2151 14 2156 ’
95 2164 156 2223 mut
170 2180 226 2241 pro
242 2166 357 2226 nostro
374 2162 517 2226 servicio.

13 4205 15 4280 i

235 2323 270 2383 (Α
295 2323 423 2374 »Secreta
437 2322 551 2372 Consilii
564 2323 814 2387 Reginorum-bel
828 2323 883 2376 nit.
897 2323 929 2372 Δ.
943 2323 997 2376 vol.
1011 2323 1046 2389 1.)

605 2789 676 2853 175.

91 2944 116 3006 l.
132 2947 223 3030 Lajoe
236 2969 377 3034 mappae
402 2947 514 3033 kirdlp
538 2950 765 3035 epyete'rtesdea
782 2948 876 3034 bajor
892 2948 993 3038 Lajoe
1008 2950 1204 3028 cranmere,

591 3059 685 3122 1346.

186 3213 282 3280 Anno
308 3213 567 3283 MOOOXLVI.
598 3238 706 3282 mense
732 3215 822 3282 Julio
848 3215 1028 3282 Lndovicue
1043 3213 1203 3305 Princeps

92 3313 190 3405 (liajor
219 3323 319 3407 Lajos
351 3323 493 3408 cseszar)
524 3346 596 3389 cum
626 3323 792 3390 Ludovico
809 3330 843 3389 et
859 3322 1025 3408 Stephano
1042 3321 1118 3391 filiis
1135 3325 1203 3390 suis

92 3423 277 3493 comiatum
309 3427 440 3512 Tyrolis
472 3431 648 3514 ingressor,
678 3431 711 3495 in
744 3431 902 3497 Tridento
919 3450 991 3496 cum
1008 3427 1146 3514 Vngaro
1162 3426 1203 3513 (Ι.

13 3581 15 3610 ,
90 3533 179 3617 liujus
194 3557 330 3619 mngyar
347 3536 539 3622 kiralylynl)
555 3545 588 3604 et
607 3531 752 3604 Mastino
769 3539 954 3608 Veronensi
971 3535 1090 3604 hebere
1106 3535 1203 3604 collo·

90 3643 189 3722 quium
219 3644 404 3726 nitebatur;
435 3645 617 3729 Episcopus
649 3653 759 3713 antem
790 3645 1003 3711 Tridentinus
1028 3645 1070 3711 ad
1087 3664 1202 3730 preces

13 3809 15 3844 r
88 3747 181 3831 Regis
203 3749 383 3818 Bohemiae
400 3751 497 3819 Sedis
519 3755 677 3837 provisus,
702 3759 870 3838 assumpte
887 3753 950 3818 sibi
965 3761 1062 3834 gente
1075 3749 1203 3819 Medio·

13 3877 17 3976 p
89 3855 202 3924 lenensi
219 3861 280 3952 alb.
296 3861 467 3926 custoditis
490 3862 663 3946 montibus,
679 3885 718 3928 ne
733 3863 783 3927 illi
800 3863 971 3928 convenire
988 3867 1129 3944 possent,
1144 3861 1201 3925 im·

181 4179 278 4247 Anno
293 4181 424 4248 Domini
442 4180 720 4252 MCOOXLVII.
736 4187 804 4269 ipse
830 4185 970 4249 Carolus
987 4183 1122 4248 Electus
1139 4181 1203 4269 (er-

87 4285 159 4348 letik
174 4309 190 4351 a
204 4289 338 4356 kesebbi
356 4289 418 4361 IV.
435 4292 563 4376 Keroly
580 4295 727 4378 cessetur)
744 4315 817 4357 cum
833 4291 954 4358 Oarolo
971 4291 1202 4375 (helyesebben

86 4387 251 4480 ludovico)
281 4395 376 4479 Rege
409 4399 580 4483 Hungarie
618 4423 738 4484 genero
756 4408 874 4482 su0,et
889 4423 961 4466 cum
982 4400 1116 4466 Albcrto
1133 4401 1202 4463 Au-

90 4500 173 4564 mali
188 4504 383 4588 colloquium
399 4507 584 4574 habuenmt
598 4509 631 4572 in
643 4509 780 4575 Vienna.
798 4498 923 4594 Quibus
941 4508 1036 4574 simul
1053 4506 1202 4570 euntibus

13 4607 15 4618 ’
1037 4614 1097 4678 12*
