3110 5248
570 336 665 398 1348.
1112 339 1176 401 299

1 531 4 571 r
64 514 150 576 tatem
164 509 297 594 pecunie
314 507 546 593 specificatam,
556 515 593 574 ut
608 507 731 578 dictum
747 517 805 592 est,
817 507 939 594 absque
956 518 1070 578 nostro
1087 533 1178 580 mau-

1 600 2 686 }
62 616 138 695 dato,
160 638 223 683 non
248 615 438 699 derogando
463 622 601 700 propter
624 616 783 701 premissa
807 616 906 682 alicui
934 617 1080 686 libertati
1105 641 1178 706 pos·

1 744 2 796 3
63 723 141 789 surdi
166 723 275 791 redire
300 724 464 794 Veuecias
491 724 554 791 sibi
579 723 659 790 date
682 744 741 809 per
765 722 895 790 litteras
912 723 975 792 sibi
990 727 1106 795 missas
1120 749 1178 812 per

1 817 2 906 ζ
61 829 240 916 Resupnum,
266 838 302 898 et
327 830 504 900 secumdum
529 829 669 897 sormam
685 829 869 898 litterarum
883 831 1037 916 ipsarum.
1053 834 1178 902 Verum

62 938 85 1000 si
99 937 197 1004 dictus
211 938 288 1005 Rex
303 943 473 1005 recusaret
491 938 645 1021 elongare
672 939 718 1004 eis
728 939 904 1005 terminum
919 939 1068 1023 lidancie,
1084 948 1118 1008 et
1133 943 1176 1010 ob

1 1047 2 1110 ξ
63 1042 116 1108 hoc
137 1045 303 1112 videretur
318 1047 366 1112 eis
381 1066 473 1112 mora
489 1066 549 1112 sua
566 1045 762 1130 periculosa,
781 1045 955 1112 mandatur
972 1047 1028 1133 eis,
1043 1049 1128 1132 quod
1144 1051 1178 1116 in

1 1215 2 1236 ,
60 1149 271 1220 deductionem
296 1152 384 1220 dicte
409 1153 606 1234 securitatis,
620 1173 683 1238 que
699 1173 766 1221 uon
782 1154 993 1238 elongaretur
1009 1157 1065 1237 eis,
1082 1155 1178 1223 relin-

1 1286 2 1344 ς
61 1257 177 1339 quimus
200 1260 236 1324 iu
262 1280 376 1326 corum
392 1259 529 1327 arbitrio
546 1260 655 1326 standi
672 1265 705 1327 et
720 1260 879 1340 seniendi,
894 1261 979 1328 sicut
994 1263 1041 1328 eis
1057 1262 1179 1329 videbi·

60 1373 123 1447 tur3
145 1371 178 1431 et
202 1367 423 1435 informentur
448 1367 530 1434 dicti
554 1367 666 1434 nuncii
682 1369 762 1434 ituri
778 1366 818 1434 de
834 1368 982 1436 omnibus
997 1371 1098 1452 novis,
1115 1391 1179 1452 que

1 1499 5 1517 >
59 1471 212 1558 habemus,
237 1481 276 1542 ut
300 1475 360 1542 illa
385 1474 538 1542 distincte
563 1474 676 1542 dicant
699 1476 981 1544 Ambaxatoribus
997 1477 1126 1561 uostris,
1141 1483 1179 1542 ut

59 1580 142 1662 plene
165 1583 276 1648 sciant
294 1582 432 1650 motiros
452 1588 485 1650 et
502 1605 627 1664 causas,
644 1605 706 1666 que
722 1605 781 1650 nos
806 1582 964 1650 inducunt
980 1584 1024 1649 ad
1040 1584 1180 1651 scriben-

60 1685 127 1752 dum
136 1689 181 1755 eis
196 1689 360 1774 predicta.
374 1690 421 1756 ut
435 1711 495 1774 pro
518 1690 634 1757 maiori
650 1691 858 1776 expedicione
874 1691 1035 1757 dictorum
1050 1694 1180 1758 mitten-

1 1807 2 1842 ι
60 1793 162 1859 dorum
186 1796 320 1881 possint
343 1797 430 1863 mitti
449 1796 576 1880 lignum
591 1803 624 1863 et
647 1798 767 1866 barche
783 1799 903 1882 riperie
919 1798 1079 1880 Marohio,
1096 1799 1181 1865 ucat

61 1901 272 1968 necessarium
287 1904 360 1969 erit

191 2045 228 2111 (A
242 2048 383 2104 velenczei
398 2049 525 2100 »Secreta
537 2048 650 2100 Consilii
662 2050 919 2116 ungarorum-bol.
933 2051 981 2103 uit
993 2051 1037 2115 B.)

535 2211 648 2222 ..ιι-νυν·-
653 2211 694 2222 a·-

581 2449 655 2512 264.

156 2603 187 2669 A
194 2605 356 2693 florescat
373 2605 651 2694 kdztdrsasdpaak
670 2607 823 2673 Torcatoi
844 2609 953 2696 Lajos.
979 2609 1073 2675 1348.

156 2762 335 2831 Nobilibus
359 2772 393 2831 et
418 2763 604 2849 Magnificis
629 2765 710 2832 siris
736 2767 910 2836 Prioribus
934 2763 1090 2848 Artium,
1115 2767 1182 2838 Ve-

1 2905 3 2919 ·
61 2867 194 2936 rillisero
210 2871 237 2937 J
238 2872 359 2958 iustitis,
375 2871 502 2957 Populo
519 2878 552 2940 et
569 2871 739 2940 &murnai
765 2871 921 2942 Ciuitatis
936 2874 1117 2958 Florentio,
1131 2896 1182 2942 oa-

1 2981 2 3072 j
59 2975 189 3042 neumis
204 2978 319 3045 amieis
334 2983 489 3046 nostris.-

160 3081 272 3152 Amici
296 3085 472 3153 karissimi.
497 3087 710 3173 Propinquat,
735 3111 825 3172 ecoe,
856 3089 1084 3174 patrocinante
1109 3087 1182 3157 Deo

1 3226 5 3282 j„
59 3187 187 3256 festinus
202 3190 281 3256 felix
297 3213 446 3260 accessus
462 3200 573 3260 noster
589 3195 759 3280 adportes
776 3195 876 3262 Italic
886 3217 947 3281 pro
958 3195 1182 3281 recuperando

1 3311 2 3396 ᾗ
61 3297 224 3366 invirtute
251 3299 374 3366 Diuine
399 3299 525 3369 Dentre
550 3302 700 3386 Regnum
726 3309 884 3386 nostrum,
911 3324 975 3370 non
991 3305 1113 3370 nostris
1129 3303 1182 3371 de-

1 3427 2 3494 f
60 3403 192 3474 lectibus
206 3406 272 3472 iam
289 3409 453 3475 amissum.
468 3411 513 3476 nt
529 3410 613 3476 certi
627 3431 747 3494 sumus,
764 3411 852 3495 quod
868 3432 942 3478 rere
959 3411 1067 3477 scietis
1084 3430 1183 3494 quam

1 3503 2 3557 3
63 3513 157 3579 cicius
173 3514 214 3581 da
231 3513 434 3599 Apostolicis
451 3516 580 3600 litteris,
597 3519 714 3584 eteius
731 3520 864 3604 speciali
875 3527 906 3585 et
916 3519 1087 3603 sollempni
1103 3518 1184 3584 Am-

62 3618 351 3706 baxiatore,nuper
366 3623 446 3688 illuc
461 3624 578 3706 missis,
595 3624 710 3708 quibus
725 3625 851 3711 Regem
869 3627 1024 3710 Vagarie,
1040 3625 1127 3711 quod
1142 3624 1184 3691 de

1 3744 3 3751 ·
64 3725 129 3810 ipso
143 3727 260 3811 Regno
271 3729 459 3812 egrediatur
469 3729 624 3812 festinius
634 3733 757 3814 requiri
768 3731 1087 3798 mandatDominica
1103 3729 1183 3797 San-

1 3871 2 3890 1
63 3834 155 3901 etitas
172 3837 202 3902 ei
218 3835 447 3904 nichilominus
463 3843 496 3903 et
511 3837 646 3922 iniungi.
662 3836 827 3906 Suadente
847 3839 996 3925 equidem
1012 3840 1185 3922 antiquata

63 3938 175 4008 fiducia
191 3943 368 4010 amicitiam
378 3950 521 4011 vestram
538 3951 668 4014 actente
685 3967 865 4030 precamur,
883 3952 1045 4030 quatenus
1061 3945 1183 4029 specia-

1 4061 2 4068 ’
64 4047 101 4113 lis
125 4049 157 4114 in
182 4052 272 4118 vobis
288 4072 480 4135 permanens
497 4057 608 4119 nostra
624 4074 696 4137 spes
713 4075 778 4120 uon
794 4053 924 4119 deficiat
940 4055 974 4118 in
990 4052 1088 4132 vobis,
1104 4072 1184 4135 quos

1 4153 2 4194 ³
64 4161 145 4222 tenet
168 4163 286 4224 nostra
310 4158 527 4225 consideratio
543 4160 577 4224 in
594 4160 716 4226 nostris
742 4157 1184 4225 necessitatibus'subsidium

1 4305 2 4310 κ
65 4264 204 4348 speciale.
231 4264 471 4348 Recordemini‚
496 4265 593 4333 amici
610 4267 774 4333 karissimi
790 4286 973 4351 quesumus,
989 4271 1113 4350 quanta
1128 4285 1184 4334 vos

65 4369 182 4441 fueritis
199 4396 272 4442 cum
283 4377 568 4461 predecessoribus
584 4379 715 4461 nostris,
731 4383 764 4441 et
779 4377 945 4444 vobiscum
960 4374 1023 4460 ipsi
1039 4375 1184 4443 dilectio·

1 4535 3 4554 .
67 4501 103 4546 ue
134 4485 316 4566 coniuncti,
340 4487 513 4568 qnantisue
538 4485 654 4573 modis,
669 4507 733 4552 non
750 4485 818 4551 sine
833 4505 1047 4569 personarum
1063 4491 1185 4566 strage,
