3108 5246
375 349 439 412 348
725 351 1145 430 omnonaczrnrmnuipuur.

373 546 470 590 sensu
487 531 520 590 et
536 526 703 592 voluntate
714 524 856 590 omnium
868 532 901 590 et
911 523 1113 608 singulorrnn
1130 525 1163 589 in
1180 523 1252 608 ipso
1265 522 1407 590 Consilio
1419 525 1493 589 exis·

372 634 511 698 lentium
526 640 561 701 et
590 634 693 717 ipsius
726 630 864 699 Consilii
879 633 1032 717 uniuersi,
1057 655 1096 698 ac
1119 632 1182 717 ipsi
1207 651 1319 698 omnes
1336 639 1369 699 et
1384 631 1490 716 singuli

373 743 407 806 in
423 741 493 825 ipso
504 741 647 808 Consilio
663 743 849 824 existentes
864 747 898 806 et
913 741 1021 826 ipsum
1042 740 1224 807 Consilium
1239 742 1428 824 uniuersum,
1442 741 1492 824 qni

373 855 478 915 totum
494 847 621 934 Corpus
652 855 685 916 et
716 846 895 916 Commune
921 849 1007 916 dicte
1032 848 1184 916 Civitatis
1209 848 1365 933 Tragurii
1396 871 1493 932 repre·

373 962 513 1041 sentam,
526 963 660 1043 «sponte,
685 957 881 1024 unanimiter
903 961 936 1022 et
951 956 1158 1024 concorditer
1173 961 1207 1024 et
1232 977 1273 1024 ex
1289 965 1380 1025 certa
1401 958 1491 1024 scien·

373 1067 421 1132 tia
436 1065 590 1149 lecerunt,
606 1069 640 1132 et
655 1065 891 1132 ordinaverunt
906 1066 967 1134 stb.
984 1066 1047 1132 stb.

482 1172 524 1260 C)
550 1174 592 1242 In
617 1173 681 1240 Dei
706 1176 837 1240 nomine
862 1169 979 1239 Amen.
996 1170 1097 1240 Anno
1114 1172 1341 1240 aNatinitate
1363 1171 1494 1239 eiusdem

373 1279 636 1348 MCCCXLIX.
667 1280 845 1348 indictione
876 1279 1027 1348 secunda
1052 1282 1292 1365 Regnante
1330 1280 1493 1347 domino

373 1387 1493 1474 LodoricoSereuissimoRegeHungarie,ucDomino

375 1496 506 1566 domino
523 1495 826 1565 AndreaDandulo
836 1497 901 1563 Dei
917 1498 1026 1581 gratia
1042 1497 1156 1566 inclito
1166 1496 1260 1564 Duce
1271 1496 1493 1577 Venetiarum;
1552 1525 1553 1552 1

373 1607 572 1690 temporibus
607 1607 802 1674 venerabilis
827 1606 932 1690 patris
958 1613 992 1673 ct
1017 1606 1149 1687 domini,
1183 1607 1308 1673 domini
1333 1606 1493 1688 Peregnini
1551 1599 1553 1680 l

373 1713 438 1780 Dei
463 1715 572 1798 gratia
596 1711 799 1779 Arcbielecti
825 1711 1040 1797 spalatensis,
1063 1713 1199 1798 Egregii
1225 1721 1259 1780 et
1281 1715 1422 1798 potentis
1437 1713 1489 1778 riri

374 1824 497 1890 domini
514 1822 608 1889 Petri
624 1822 734 1889 Memo
750 1821 953 1888 honorabilis
971 1819 1117 1902 Comitis,
1133 1843 1172 1889 ac
1186 1821 1348 1888 nobilium
1364 1823 1492 1888 virorum
1551 1855 1553 1876 ε

356 1932 577 1998 dominorum
603 1929 720 1996 Nicole
745 1927 893 2011 Luccari
919 1951 971 1996 ser
996 1928 1145 1996 Tomaxii
1171 1926 1318 2010 Alberti,
1344 1935 1378 1995 et
1392 1931 1417 1997 J
1419 1928 1491 1996 arcii
1551 1917 1553 2002 i

372 2036 1492 2122 LeonisJudicumCivitatisSpalatidicduodecimoMaii3
1551 2031 1553 2114 ξ

374 2146 541 2232 Egregius
559 2151 593 2212 et
607 2153 724 2230 potens
739 2147 788 2212 vir
804 2147 953 2213 dominus
968 2145 1089 2212 Petrus
1112 2145 1224 2214 Memo
1250 2146 1368 2214 Comes
1392 2167 1490 2230 snpra·
1551 2171 1553 2188 ²

373 2256 490 2337 dictus,
506 2276 571 2320 una
587 2276 658 2320 oum
685 2260 758 2323 octo
774 2253 950 2321 Nobilibus
966 2261 1000 2320 et
1016 2253 1228 2340 Sapientibus
1245 2277 1285 2320 ex
1301 2255 1437 2321 arbitrio
1451 2253 1489 2316 cis

373 2385 523 2429 concesso
547 2385 606 2448 per
631 2361 794 2430 Generale
820 2362 1002 2430 Consilium
1029 2361 1184 2430 Ciuitatis
1210 2361 1339 2448 Spalati
1364 2363 1424 2428 stb.
1437 2361 1489 2446 ipsi
1547 2342 1553 2374 ³

374 2471 512 2541 Nobiles
543 2493 654 2538 omnes
684 2472 811 2537 nemine
832 2471 1049 2537 ¹discordante
1075 2493 1115 2538 ex
1130 2473 1331 2538 auctoritate
1346 2471 1488 2555 predicto,

372 2603 438 2646 una
454 2602 527 2646 oum
543 2579 674 2664 prefato
691 2579 823 2646 domino
849 2576 989 2660 Comite,
1004 2580 1073 2645 vice
1098 2586 1132 2644 et
1146 2579 1277 2646 nomine
1293 2579 1395 2663 ipsius
1410 2575 1489 2644 Com·

373 2688 477 2753 munis
494 2694 526 2753 et
542 2685 779 2757 Vniuersitatis
792 2684 920 2770 prelate
937 2684 1091 2752 Civitatis
1102 2684 1233 2772 Spoleti
1249 2687 1409 2770 lecerunt,
1430 2706 1488 2750 con-

373 2795 548 2862 stituerunt
573 2802 606 2861 et
629 2795 866 2862 ordinaverunt
890 2794 951 2860 stb.
968 2793 1030 2860 stb.
1040 2829 1486 2850 --------

373 3033 471 3096 super
486 3010 574 3077 facto
590 3011 718 3076 unionis
733 3011 874 3077 istarum
891 3013 994 3077 trium
1010 3011 1200 3092 (licitatum,
1216 3009 1486 3088 scilicetSibenici‚

373 3117 528 3201 Tragurii
545 3125 578 3184 et
593 3118 730 3202 Spalati,
745 3124 778 3184 et
794 3119 936 3184 omnium
951 3119 1092 3186 aliarum
1110 3117 1299 3205 Civitatnm,
1313 3117 1485 3187 Castrorum

374 3231 407 3292 et
420 3226 567 3292 locorum
584 3247 656 3291 cum
673 3224 919 3310 quibuscunque
936 3224 1089 3294 Dominis
1106 3230 1447 3312 etpe1·sonisetc.etc

445 3373 479 3435 (A
495 3372 596 3422 »Liber
608 3374 772 3425 Paetorum«
794 3373 883 3424 czlmtt
906 3375 1048 3428 velenczei
1062 3375 1300 3439 allamkonyvbol.
1314 3376 1349 3428 V.
1362 3375 1426 3434 ket.)

860 3517 966 3526 m-m-
970 3519 1017 3529 -.-

902 3680 976 3743 286.

403 3838 435 3906 A
452 3840 604 3905 veleoczei
619 3840 900 3927 kbztdrauadpook
915 3837 943 3904 Ι.
961 3843 1061 3928 Lajoo
1075 3865 1215 3929 mcqyur
1231 3843 1355 3931 kircily.
1370 3843 1453 3910 1349.

480 3999 627 4065 Litteras
652 3999 766 4067 Vestri
791 3999 1001 4085 Principatus
1026 4000 1152 4068 Nostra
1178 4001 1347 4070 Celsitudo
1365 4003 1481 4085 benigne

373 4105 531 4171 mittentis
548 4106 824 4190 contemplatione
840 4108 982 4192 recepit3
993 4108 1112 4193 quibus
1127 4110 1207 4176 visis
1218 4110 1364 4178 elicimus
1374 4131 1410 4176 ex
1423 4129 1480 4174 con·

373 4215 473 4281 tentis
488 4214 522 4279 in
539 4214 674 4297 eisdem,
690 4215 778 4298 qnod
801 4215 890 4280 nisi
914 4217 1287 4299 pestilentiasen
1303 4213 1480 4286 mortali·

373 4328 517 4392 tasin
555 4327 707 4410 Regno
744 4332 901 4394 nostro
940 4327 1283 4396 miserabiliter
1315 4327 1480 4412 rigeret,

372 4430 619 4502 Ambaxatores
634 4442 764 4503 ¹vestros
781 4459 840 4520 pro
867 4443 1025 4521 perpetua
1041 4457 1121 4521 paee
1137 4435 1301 4504 firmanda
1316 4439 1423 4521 utique
1435 4449 1478 4498 ros

374 4549 519 4629 promtos
537 4543 701 4612 destinare
717 4543 910 4615 offerebatis.
921 4543 1027 4634 Super
1043 4567 1107 4631 quo
1124 4544 1205 4614 sciat
1215 4543 1340 4617 Vestra
1348 4539 1478 4614 Dilecto,
1543 4630 1544 4633 Ἴ
