3110 5248
548 397 642 460 1347.
1094 397 1155 460 241

37 573 104 638 stris
133 573 286 641 subiectis
318 575 460 660 partium
492 571 672 654 Sclavenie,
698 594 763 638 non
793 573 992 656 procedente
1025 573 1156 638 anobis

40 681 140 764 aliqua
156 703 264 764 causa,
279 683 354 749 cuin
370 704 428 766 per
444 687 574 748 nostros
590 703 655 747 nou
674 681 759 746 fiant
776 681 841 746 suis
857 682 968 763 alique
985 682 1158 748 novitates.

38 786 173 856 Secundo
188 793 280 876 quod
296 792 515 874 recordamur,
541 791 628 876 quod
644 813 706 874 pro
732 795 826 874 pa1te
852 791 975 857 domini
991 789 1092 872 Regis
1110 791 1153 854 ad

37 917 89 961 nos
103 906 259 965 venerunt
274 897 434 968 Venetias
450 897 693 966 Ambaxatcres
710 900 769 980 sui,
786 919 858 966 cum
878 899 994 982 quibus
1011 898 1152 964 multum

35 1005 113 1069 avidi
127 1028 257 1073 eramus
272 1008 452 1075 reformare
478 1007 555 1074 hine
579 1007 655 1074 inde
671 1007 928 1081 benivolentiam
953 1013 985 1072 et
1001 1027 1156 1086 amorem,

36 1112 112 1193 quod
125 1112 195 1179 fieri
218 1127 299 1182 tunc
323 1137 390 1182 non
405 1117 512 1200 potuit
536 1123 673 1198 propter
704 1114 831 1197 aliquas
851 1111 1067 1197 differentias,
1095 1134 1158 1196 que

36 1217 154 1286 luerunt
167 1223 257 1289 inter
272 1231 396 1307 partes,
412 1231 446 1288 et
470 1222 569 1290 etiam
585 1223 662 1305 quia
686 1203 943 1288 Ambaxiatorea
967 1221 1158 1288 mandatum

35 1348 90 1392 non
102 1328 300 1396 videbantur
331 1331 461 1397 habere.
491 1329 651 1397 Attamen
676 1330 833 1412 nolentes,
859 1331 936 1413 quin
955 1336 1085 1396 tantum
1102 1330 1157 1395 bc·

35 1455 100 1500 num
114 1437 298 1517 desisteret,
314 1438 488 1504 obtulimus
514 1441 593 1504 tuuc
608 1439 740 1504 mittere
765 1438 1008 1504 Ambaxatores
1024 1443 1153 1504 nostros

34 1542 182 1612 adduam
198 1545 422 1628 Maiestatem,
454 1547 513 1612 sed
543 1544 806 1613 incumbentibus
831 1546 926 1612 nobis
952 1545 1025 1610 aliis
1042 1546 1156 1611 arduis

39 1652 170 1736 agendis,
186 1675 245 1720 eos
265 1655 468 1738 nequivimus
485 1654 659 1722 destinare.

128 1761 258 1845 Capta:
282 1761 512 1847 Intelligendo,
538 1762 626 1848 quod
642 1762 747 1828 nostri
771 1760 1014 1828 Ambexatores
1030 1761 1156 1828 faciant

35 1866 107 1933 buuc
125 1869 298 1936 introitum
326 1878 358 1937 et
384 1872 495 1938 dicent
509 1872 570 1939 hec
601 1873 701 1938 verba
725 1873 833 1956 prima
858 1893 996 1954 persone
1020 1869 1155 1956 proprie

36 1974 143 2041 donini
172 1979 290 2064 Regis,
316 1985 348 2045 et
373 1979 581 2066 postmodum
607 1980 844 2063 subsequenter
869 1979 997 2044 domine
1013 1977 1154 2062 Regino,

1 2175 2 2182 ἵ
36 2085 155 2151 nuntie
180 2085 360 2152 mutandis
391 2086 518 2155 Verum
534 2108 595 2171 pro
619 2086 770 2154 habendo
801 2085 945 2153 habilius
971 2094 1005 2152 et
1030 2085 1156 2152 favora-

36 2191 121 2258 bilius
137 2195 311 2261 introitum
327 2194 371 2261 ad
391 2194 558 2261 dominum
573 2192 700 2277 Regem
725 2196 853 2280 possint
868 2195 972 2262 nostri
989 2191 1152 2260 Ambaxa·

1 2357 2 2367 ,
36 2305 122 2382 tores,
138 2309 171 2368 et
187 2303 321 2389 quando
355 2305 402 2369 eis
434 2304 605 2386 videbitur,
628 2303 735 2370 lacere
762 2304 993 2370 salutationem
1025 2302 1154 2369 domine

1 2439 2 2454 2
37 2405 159 2494 Regiae,
184 2390 257 2478 non'
279 2412 472 2497 exponendo
504 2420 615 2478 tamen
646 2413 708 2478 sibi
735 2411 953 2493 ambaxatam,
967 2411 1031 2476 nisi
1050 2411 1155 2494 primo

1 2513 2 2518 ’
37 2514 117 2582 illam
132 2521 343 2603 exposuerint
359 2520 490 2587 domiuo
506 2519 609 2602 Regi;
633 2521 689 2586 sed
705 2521 733 2584 si
758 2519 831 2586 Rex
857 2525 1024 2585 recusaret
1039 2518 1155 2584 audire

1 2693 2 2696 ,
37 2629 242 2704 personaliter
259 2633 389 2694 nostros
419 2627 672 2709 Ambaxatcres,
697 2635 776 2695 tunc
806 2650 867 2712 pro
898 2627 1022 2692 honore
1039 2631 1154 2692 nostro

2 2791 3 2832 ζ
38 2727 179 2801 Venetiae
195 2742 411 2801 revertantur.

3 2891 4 2896 η
132 2841 258 2928 Capta:
278 2845 323 2909 Et
339 2845 366 2908 si
382 2865 440 2926 per
456 2845 620 2910 dominum
640 2844 763 2926 Regem
789 2843 951 2908 diceretur
969 2865 1025 2908 seu
1044 2865 1153 2909 recor·

4 3001 5 3006 ,
40 2947 163 3016 daretur
194 2951 322 3035 aliquid
353 2952 393 3016 de
425 2951 625 3018 novitatibus
657 2950 781 3031 dedra,
805 2951 1034 3034 respondeant,
1065 2952 1153 3034 quod

39 3057 117 3122 nulla
131 3081 276 3142 unquam
294 3079 353 3142 pro
379 3067 476 3142 parte
501 3065 617 3124 nostra
641 3058 705 3123 fuit
721 3058 802 3124 data
826 3081 885 3124 nee
902 3057 1038 3124 daretur·
1055 3079 1155 3123 causa

39 3166 173 3232 scandali
188 3169 238 3232 vel
254 3169 377 3233 erroris
402 3169 486 3233 inter·
513 3164 616 3233 Suam
641 3165 852 3232 Maiestatem
883 3171 916 3232 et
944 3186 1011 3246 noe,
1031 3165 1155 3248 quiesi

40 3268 202 3341 Civitatem
213 3277 406 3360 predictam,
423 3297 522 3360 quarn
537 3277 604 3341 iam
612 3277 768 3343 trecentis
785 3279 878 3342 annis
895 3282 927 3341 et
942 3276 1031 3340 ultra
1047 3293 1156 3358 posse·

40 3380 140 3465 dmm,
155 3406 348 3469 recuperare
365 3386 535 3466 voluimus,
550 3389 583 3449 et
599 3408 620 3451 a
636 3407 695 3451 sua
710 3385 858 3452 indebita
875 3382 1051 3450 rebellione
1066 3403 1155 3448 revo-

41 3508 112 3572 care,
127 3491 194 3558 eius
211 3515 336 3559 summa
346 3493 555 3578 providentia
572 3493 631 3559 hoc
649 3491 711 3558 sibi
727 3492 769 3556 ad
787 3493 984 3576 gravitatem
1001 3499 1155 3574 reputare

11 3607 13 3634 ¹
42 3617 95 3661 nou
109 3609 237 3682 poterat
263 3623 367 3685 neque
392 3605 511 3684 potest,
536 3602 622 3668 sicut
651 3622 710 3666 nec
729 3600 875 3666 fecerunt
906 3599 1154 3682 predecessores

12 3695 15 3732 ²
42 3705 89 3786 sui,
103 3715 135 3774 et
150 3707 297 3777 dominus
313 3711 442 3795 genitor
469 3731 557 3790 suus,
586 3710 664 3775 dum
679 3709 794 3775 suisset
818 3708 857 3774 de
882 3707 944 3772 hoc
971 3704 1156 3788 specialiter

43 3817 209 3900 requisitus,
226 3819 332 3902 quiin
349 3841 425 3885 casu
443 3816 638 3896 rebellionis,
664 3838 725 3899 que
741 3816 862 3899 pluries
888 3813 1036 3896 contigit,
1066 3812 1156 3877 sede

15 3911 16 3914 '
43 3920 104 4002 ipsa
118 3923 301 3990 nullatenus
326 3925 544 3991 intromittere
570 3925 749 4004 voluerunt,
765 3943 838 4008 ymo
858 3921 1076 4006 permiserunt
1095 3938 1152 3984 nos

44 4025 135 4094 lacere
156 4029 244 4096 iacta
275 4035 395 4116 nostra,
415 4037 657 4114 perseverantes
691 4027 858 4096 nobiscnm
889 4029 921 4093 in
954 4025 1090 4108 antiqua
1123 4031 1155 4090 et

44 4138 159 4217 speciali
186 4138 362 4206 dilectione
386 4139 543 4222 predicta.
575 4138 694 4206 Sumus
727 4138 824 4202 etiarn
857 4137 945 4213 certi,
978 4132 1062 4216 quod
1091 4131 1157 4198 nisi

44 4239 141 4311 scisset
156 4249 290 4314 sinistra
316 4253 350 4313 et
373 4269 438 4314 non
458 4269 536 4313 vera
559 4245 747 4312 informatio
771 4245 1031 4323 Jadratinorunr,
1057 4264 1157 4308 aures

48 4346 102 4417 Sue
117 4353 322 4424 Oelsitudinie
348 4357 382 4422 in
399 4355 488 4423 facto
513 4355 660 4440 predicto
677 4354 808 4419 minime
824 4353 1042 4418 inclinassent.
1060 4349 1156 4417 Vnde

47 4477 99 4526 non
113 4473 267 4551 opportet,
283 4473 322 4532 ut
340 4487 398 4551 per
423 4466 485 4530 hoc
502 4465 648 4546 aliquam
674 4461 870 4545 gravitatem
897 4460 1058 4544 concipiat
1074 4479 1157 4542 erga

84 4599 138 4636 ror.
153 4603 230 4638 nnnc.
247 4603 313 4638 urar.
331 4609 375 4623 -···
391 4601 459 4638 acre
475 4601 535 4638 nxr.
552 4602 580 4634 n.
1007 4571 1047 4633 16
