3108 5246
341 245 423 312 '410
718 249 1140 310 nrrcounczrrrnunlrunn.

359 425 407 490 ite
423 423 513 506 quod
528 422 650 508 prelati
666 424 774 490 uociui
784 423 890 488 medio
907 428 1057 508 tempore
1068 424 1341 506 premunirentur3
1359 427 1479 488 extunc

359 531 480 620 prefati
495 533 583 597 ciues
600 529 854 598 contraeosdem
874 525 1138 615 secundumjure
1154 529 1332 597 Ciuitstum
1347 529 1480 615 plenari-

361 661 415 706 um
425 637 593 706 habebunt
603 643 802 724 potestatem
811 637 845 702 in
854 637 985 704 iusticie
995 635 1203 722 procedendi
1220 637 1263 704 In
1278 640 1363 706 cuius
1379 637 1426 702 rei
1441 643 1480 702 le

359 748 546 814 stimonium
562 751 727 830 presentes
743 745 894 811 duximus
909 746 1017 812 nostri
1033 745 1120 830 sigili
1145 745 1319 812 munimine
1333 745 1483 811 roborari

361 857 487 924 Datum
497 857 530 921 in
541 854 706 941 Suprunio
722 877 808 922 anuo
825 852 958 922 Domini
974 853 1178 923 Mecum.
1195 853 1279 924 feria
1289 861 1404 944 quarta
1417 861 1486 938 post

360 965 594 1032 quencionem
611 961 733 1030 Sancte
750 961 874 1030 Crucis.

471 1109 611 1172 (Eredutie
632 1109 807 1172 bdrhirtyrin
821 1108 930 1172 Sopron
948 1108 1029 1158 vairos
1040 1108 1242 1172 leveltcirsiban,
1259 1109 1430 1174 peoucjenek
1441 1107 1485 1156 1ιό-

360 1199 530 1252 rulirsssval
540 1198 685 1265 »Sigillum
695 1199 797 1249 Vltrici
806 1199 840 1249 de
851 1198 1030 1249 Wolfforths.
1041 1199 1151 1250 vollarc
1161 1201 1245 1252 Ulrik
1255 1201 1335 1266 Imjos
1346 1196 1488 1262 kirdlpnsk

362 1291 446 1356 egyilr
460 1290 608 1355 leghivebb
630 1287 726 1339 venere
749 1289 817 1348 volt,
837 1287 866 1339 ki
879 1288 983 1340 kencub
996 1289 1271 1356 Msgyarorszrigban
1284 1287 1484 1354 letelepedvtn3
1551 1269 1553 1348 l

362 1381 399 1430 itt
420 1380 444 1430 is
466 1379 644 1443 akirrilynalr
657 1379 777 1429 hesznos
797 1378 1017 1443 szolgriltntoknt
1040 1381 1152 1444 tett5p.
1167 1396 1193 1432 o.
1220 1381 1285 1448 meg
1309 1385 1383 1430 1352.
1406 1379 1487 1430 senos

360 1469 515 1534 veszpremi
540 1469 695 1536 plispiikkel
709 1469 778 1522 mint
792 1470 877 1520 kdvet
889 1469 937 1520 VI.
960 1469 1096 1520 Kelemen
1108 1468 1231 1534 pdptnel
1254 1471 1446 1538 Aviguonum.
1458 1467 1486 1520 Is.

364 1565 424 1612 340.
438 1574 475 1613 uz.
488 1563 526 1624 a.)

848 1703 1007 1712 ...μ-..-

896 1847 970 1910 338.

410 2013 436 2076 1.
453 2013 553 2097 Lajos
569 2030 707 2096 magyar
723 2006 907 2091 kirrilynolr
924 2031 945 2072 o
954 2006 1111 2092 florenczi
1128 2009 1347 2097 kliztrirsosdg.
1365 2011 1457 2074 1351.

468 2169 589 2235 Inclito
615 2168 763 2251 Principi
788 2172 821 2233 et
836 2166 1050 2233 Serenissimo
1067 2168 1217 2250 Domino,
1233 2169 1367 2237 domino
1383 2167 1485 2235 Ludo·

363 2277 438 2342 uico
453 2274 516 2343 Dei
532 2278 646 2361 gracia
661 2275 839 2359 Hungarie
856 2283 915 2344 etc.
931 2275 1017 2360 Regi
1032 2277 1223 2362 dignissimo
1233 2279 1283 2344 sui
1294 2275 1486 2346 deuotissimi

364 2383 497 2452 Priores
512 2389 573 2451 etc.

471 2491 693 2559 Aduertentes
709 2493 846 2575 antiqua
861 2490 1084 2573 modernaque
1101 2495 1239 2559 seruicia
1253 2494 1349 2562 nobis
1366 2500 1399 2561 et
1417 2491 1487 2559 Uni·

365 2600 512 2667 uersiteti
529 2607 641 2666 nostre
666 2620 727 2682 per
752 2604 896 2664 vestram
914 2597 1074 2665 illustrem
1091 2601 1278 2685 progeniem
1295 2601 1435 2687 placidis
1449 2598 1487 2664 ul-

368 2709 508 2776 fectibus
539 2706 707 2788 attributa,
740 2713 774 2772 et
804 2699 982 2773 eorundem
1007 2729 1046 2773 ex
1069 2709 1281 2792 gratitudinis
1304 2710 1415 2775 debito
1431 2727 1486 2774 non

365 2816 481 2901 ignari,
498 2815 540 2882 ad
556 2814 768 2881 excellentem
793 2815 996 2899 presenciam
1014 2813 1155 2898 Regiam
1172 2817 1376 2902 subscriptos
1392 2814 1486 2883 conci·

365 2946 421 2992 ues
437 2930 567 2990 nostros
584 2930 653 2989 tem
670 2921 835 3005 sapientes
862 2941 961 3004 quem
985 2922 1110 2988 nobiles
1126 2929 1159 2988 et
1175 2923 1351 3008 prudentes
1368 2925 1485 2990 sincera

365 3031 565 3098 confidencie
581 3030 769 3115 dirigentes,
787 3026 944 3096 Vestram
965 3027 1202 3098 Oelsitudincm
1218 3031 1407 3102 cordialiter
1421 3049 1500 3125 ero·

365 3161 486 3222 remus
503 3145 665 3223 quatenus
680 3138 863 3222 expositum
890 3143 923 3203 et
947 3145 1118 3204 narratam
1134 3160 1247 3206 corum
1264 3161 1323 3224 pro
1336 3147 1426 3225 parte
1441 3137 1487 3206 de

365 3248 511 3314 uocionis
537 3252 648 3314 nostre
673 3248 762 3312 circu
788 3267 834 3326 ea,
863 3266 927 3327 que
944 3245 1066 3312 eisdem
1081 3247 1256 3314 referende
1271 3250 1485 3322 commisimus,

366 3354 571 3420 audienciam
596 3353 770 3438 benignam
787 3360 821 3420 et
836 3353 1003 3419 credulam
1029 3354 1182 3421 exhibere
1197 3355 1329 3440 placeat
1344 3362 1485 3442 tunquam

367 3461 470 3542 nobis,
487 3462 541 3545 qui
557 3461 670 3546 Regiis
698 3459 912 3543 beneplacitis
938 3481 1066 3548 semper
1090 3463 1215 3529 animos
1231 3471 1368 3547 paratos
1384 3461 1484 3530 habui·

366 3591 446 3654 mus,
472 3575 505 3635 et
530 3571 609 3635 totis
635 3568 806 3635 affectibus
831 3569 1043 3652 perhenniter
1069 3571 1267 3638 intendimus
1292 3589 1482 3640 conseruare·

367 3677 492 3744 Datum
509 3677 678 3743 Florencie
695 3677 747 3742 die
764 3676 904 3742 secundo
921 3673 1082 3744 Octobris.

474 3782 620 3851 Nomina
635 3791 712 3850 suut
728 3783 768 3849 D.
786 3784 911 3850 Paulus
928 3784 1064 3852 Vectori
1079 3785 1172 3852 miles
1188 3794 1221 3853 et

798 3891 934 3957 Marcus
951 3890 991 3958 de
1008 3890 1160 3960 Strozzis.
1466 3914 1517 4162 χ

469 4039 557 4098 (Filze
566 4040 601 4091 X.
616 4039 683 4094 hist.
700 4044 722 4090 l.
737 4037 849 4104 Signori
862 4039 1013 4106 Certeggii.
1027 4040 1051 4091 A
1064 4041 1193 4092 floreuczi
1205 4041 1399 4104 lavellinum.)

858 4294 917 4304 ψ·
960 4293 1012 4306 --η
