3214 5260
622 332 726 420 resa
1166 339 1231 420 lio

115 521 237 616 blntbie,
261 529 392 600 Nicolai
417 540 450 599 et
476 531 636 616 Stephani
659 526 790 598 Judicis
815 532 921 620 Petrj,
945 533 1084 600 fratrum
1101 531 1234 600 suorum

113 641 250 724 rtrinque
276 642 529 720 coniunctorum,
548 638 751 724 expositione
762 640 997 724 demonstrans,
1014 641 1102 726 quod
1118 650 1151 706 et
1168 643 1234 707 iarn

114 748 221 815 dudum
237 749 352 814 eadem
367 746 605 833 terraGennsij
616 748 798 832 intercepta
808 769 866 834 per
877 759 1007 834 gentem
1016 749 1231 834 Vngui-icam,

113 855 245 941 aliosque
262 877 376 923 eorum
392 856 565 941 complices
583 863 615 922 et
632 837 785 939 seqdaces
795 865 934 944 nostros,
946 861 1069 925 emulos
1085 867 1119 924 et
1129 855 1233 934 rebclf
1353 855 1358 860 ’

111 963 161 1044 les,
175 972 206 1030 et
220 985 320 1048 isque
332 967 374 1031 ad
385 967 445 1032 bec
454 973 601 1050 tempora
612 967 804 1049 succesaiue,
814 972 848 1032 et
857 989 943 1034 nunc
953 971 1052 1033 etiam
1064 967 1235 1051 detempta

111 1071 243 1138 indebite
260 1081 428 1157 occupata,
439 1094 603 1157 exponens
613 1073 683 1155 ipse
694 1072 805 1138 rolens
821 1072 1013 1139 fidelitatem
1023 1081 1170 1139 nostram
1187 1075 1235 1138 in·

110 1178 255 1245 uiolatam
272 1203 417 1263 seruarc,
433 1203 453 1247 a
469 1186 617 1264 tempore
633 1181 794 1263 captionis
810 1185 898 1246 terre
915 1180 1068 1262 eiusdem,
1084 1203 1147 1248 una
1163 1201 1238 1246 oum

110 1287 220 1352 eisdem
244 1287 406 1356 fratribus
432 1287 497 1352 suis
523 1308 699 1371 eorumque
717 1286 850 1372 familijs
866 1310 887 1354 a
902 1294 993 1355 terra
1009 1289 1123 1354 eadem
1142 1287 1234 1352 aufu-

111 1400 218 1479 gerunt
232 1417 347 1462 eorum
364 1395 578 1479 relinquendo
590 1396 1062 1480 bona,propriumincolatum,
1088 1402 1236 1463 nostram
1312 1431 1316 1436 ·

110 1501 293 1568 fidelitatem
311 1502 482 1583 seruando,
500 1510 533 1568 et
549 1503 672 1569 eisdem
695 1505 823 1569 nostris
841 1505 956 1571 emulis
972 1505 1005 1568 in
1021 1503 1144 1570 nichilo
1161 1505 1235 1570 obe-

110 1607 171 1675 dire
185 1609 344 1688 volendo;
360 1612 470 1692 sicque
487 1631 546 1694 per
563 1631 675 1676 eorum
690 1609 802 1693 sugam
817 1609 1020 1694 infrascripti
1035 1609 1181 1676 homines
1198 1613 1238 1678 de

110 1716 215 1783 eadem
240 1725 337 1782 terra
354 1716 488 1802 Genusij
506 1738 616 1784 eorum
637 1718 767 1801 juribus
783 1738 847 1784 non
873 1721 1025 1802 contenti,
1040 1739 1155 1788 manus
1172 1720 1238 1786 vio·

111 1826 208 1890 lentas
234 1847 350 1892 eornm
376 1826 480 1909 aliqui
505 1829 539 1892 in
565 1825 760 1910 subscriptis
785 1828 879 1894 bonis
903 1827 1077 1895 mobilibus
1092 1830 1239 1913 ipsorum

109 1929 236 1997 fratrum
266 1954 360 1998 more
390 1931 557 2016 predoneo
583 1933 764 1998 iniecerunt
789 1953 901 2000 eorum
932 1933 1036 2017 aliqui
1052 1937 1239 2020 subscripta

111 2040 190 2106 bona
213 2041 335 2107 iocalia
359 2046 394 2105 et
419 2039 551 2105 stabilia
567 2041 676 2106 Mario
691 2041 800 2107 uxoris
818 2041 898 2108 dicti
910 2045 1111 2129 exponentis,
1127 2063 1166 2110 ac
1181 2043 1237 2130 alij

110 2148 256 2214 nonnulla
273 2149 342 2215 alia
358 2149 444 2215 bona
453 2148 588 2214 mobiba
606 2156 640 2214 et
665 2149 904 2235 suppellectilia
929 2152 1075 2236 ipsorum
1098 2151 1239 2220 fratrum

48 2327 49 2330 Ἴ
112 2255 375 2340 aMalospin
387 2277 415 2339 o,
431 2256 487 2340 qui
503 2262 625 2322 terram
641 2257 747 2342 ipsam
757 2258 984 2325 subvolamine
995 2264 1028 2325 et
1039 2261 1235 2344 tirampnico

113 2363 248 2432 dominio
265 2365 373 2448 Regis
389 2361 537 2448 Vngarie
554 2365 658 2432 tenuit
673 2372 772 2450 atque
787 2373 877 2433 tenet
893 2367 1043 2451 nequiter
1061 2368 1236 2452 impetran-

110 2477 155 2536 tes
170 2473 254 2540 bona
265 2475 340 2556 ipsa
351 2473 568 2556 corporaliter
584 2473 804 2557 adipiscendo,
815 2475 967 2554 tenendo,
983 2475 1189 2559 possidendo,
1205 2479 1239 2542 in

112 2603 180 2646 usus
194 2585 349 2667 proprios
365 2582 595 2664 conuertendo,
619 2585 653 2646 in
679 2584 781 2667 ipsius
807 2583 997 2667 exponentis
1013 2582 1240 2668 dictorumque

111 2689 242 2758 fratrum
252 2712 388 2758 suorum
399 2691 725 2773 granepreiudicium
736 2697 837 2773 atque
849 2691 1034 2774 dampnum.
1051 2689 1158 2776 Super
1174 2713 1239 2774 quo

64 2859 65 2862 ,
110 2818 165 2880 per
179 2806 395 2884 exponentem
411 2801 528 2884 ipsum,
543 2805 611 2864 tam
627 2819 686 2883 pro
703 2820 748 2880 se,
766 2819 865 2880 quam
881 2800 1009 2865 nomine
1026 2806 1059 2865 et
1074 2821 1133 2883 pro
1144 2805 1238 2883 parte

110 2906 265 2974 dictorum
282 2908 421 2974 fratrum
433 2928 574 2988 suorum,
585 2912 698 2971 nostre
709 2907 906 2990 promisionis
922 2906 1101 2973 remedium
1118 2906 1240 2991 suppli·

111 3014 186 3080 citer
200 3015 417 3099 implorando,
448 3012 601 3080 fidelitati
616 3019 725 3078 vestre
751 3020 865 3078 tenore
888 3013 1086 3099 presentium
1102 3015 1241 3097 iniungi·

111 3143 176 3187 mus
191 3127 226 3188 et
240 3123 444 3202 mandemus,
469 3125 631 3205 quatenus
656 3122 732 3186 visis
746 3121 961 3205 presentibus,
977 3122 1131 3206 dictaque
1150 3127 1242 3187 terra

48 3253 49 3258 ¹
113 3225 242 3314 Genusij
263 3229 306 3295 ad
331 3235 475 3295 nostram
501 3228 702 3311 fidelitatem,
728 3231 813 3295 sicut
838 3250 1014 3314 speramns,
1030 3231 1175 3315 connertj
1193 3253 1243 3296 re·

112 3337 214 3423 dueta,
225 3339 269 3404 de
284 3338 441 3424 predictis
458 3339 634 3404 summarie
649 3337 712 3403 lide
724 3345 854 3422 sumpta
869 3339 938 3404 sine
954 3337 1055 3423 libellj
1068 3339 1243 3440 oblatione,

112 3445 174 3512 litis
189 3448 437 3527 contestatione,
455 3449 596 3530 strepitu
613 3452 647 3510 et
662 3446 770 3528 figura
785 3447 810 3514 J
812 3447 911 3530 udioij
931 3447 1052 3513 vocatis
1078 3453 1111 3512 et
1127 3467 1243 3513 vocan-

114 3554 169 3636 dis,
184 3557 292 3622 dictos
318 3577 430 3622 omnes
446 3561 478 3620 et
503 3552 648 3638 singulos
672 3554 892 3638 detemptores
909 3561 942 3620 et
957 3555 1125 3620 ablatores
1141 3554 1243 3620 dicto-

111 3681 180 3727 rum
211 3663 370 3731 bonorum
400 3664 540 3729 fratrum
570 3664 727 3746 ipsorum,
752 3670 785 3728 et
810 3663 851 3728 ed
885 3684 966 3747 qnos
991 3663 1078 3728 bona
1093 3662 1166 3744 ipsa
1190 3682 1243 3726 ex·

112 3774 230 3854 pressis
247 3774 354 3840 causis
386 3772 526 3837 denenta
555 3792 626 3837 esse
658 3771 820 3850 dicuntur,
852 3772 894 3837 ad
922 3770 1165 3835 restitutionem
1196 3769 1243 3833 fa·

68 3890 73 3897 ’
114 3879 259 3948 ciendam
291 3881 412 3946 eisdem
442 3880 601 3946 fratribus
633 3881 672 3947 de
702 3880 799 3946 bonis
830 3879 962 3961 eisdem,
1003 3883 1166 3960 quatenus
1198 3877 1242 3942 ed

48 4035 49 4046 ,
116 4009 224 4056 eorum
266 3969 446 4072 quemlibet
497 3989 680 4073 subscripto
720 3989 816 4053 modo
848 3991 1000 4071 spectare
1032 3983 1244 4067 dignoscitur,

115 4096 284 4162 mobilibus
319 4097 472 4162 videlicet
506 4097 535 4160 si
569 4102 678 4162 estant
705 4101 739 4160 et
764 4097 792 4160 si
823 4115 889 4160 non
921 4098 1031 4159 estant
1061 4090 1101 4156 de
1133 4090 1244 4158 valore

116 4204 266 4290 ipsorum,
282 4224 408 4270 necnon
435 4203 475 4268 de
500 4205 593 4270 bonis
620 4205 793 4270 stabilibus
810 4223 849 4269 ac
863 4200 1024 4268 fructibus
1040 4184 1148 4264 medio
1164 4205 1245 4266 tem·

48 4339 49 4344 ¹
114 4331 190 4395 pore
206 4313 324 4379 exinde
340 4313 502 4396 perceptis
517 4333 577 4395 per
588 4334 652 4394 coe,
668 4314 754 4378 omni
765 4335 830 4396 qua
846 4310 977 4394 expedit
992 4316 1066 4375 arta
1083 4313 1117 4373 et
1132 4307 1246 4374 debita

48 4439 49 4442 ’
118 4419 318 4488 districtione
335 4422 479 4505 cogatis3
508 4421 619 4504 sicque
644 4419 763 4487 fratres
789 4422 876 4502 ipsos
892 4415 1094 4482 reclamandi
1110 4417 1246 4482 materia

119 4527 248 4597 Nostro·
258 4529 402 4596 Gnlmini
417 4511 552 4596 ulterius
567 4550 633 4595 non
649 4527 791 4612 inducat,
808 4534 840 4592 et
865 4523 1027 4608 seribendj
1049 4526 1170 4602 iterato
1194 4541 1246 4587 cx·

1074 4631 1136 4695 27*
