3110 5248
582 331 679 434 13'47.
848 371 851 376 ·
1115 369 1179 434 ree

65 545 209 612 fidelitate
222 552 255 614 et
270 547 442 614 devotione
459 552 571 613 nostra
597 551 781 612 constantes
808 547 968 627 existant;
995 553 1027 612 et
1045 553 1181 632 propter

65 673 213 719 accessum
231 654 337 740 Regis
355 653 504 736 Vngarie
529 655 572 720 ad
588 659 700 738 partes
726 652 856 740 Apulae
870 655 904 719 in
928 674 1082 738 processu
1093 661 1181 748 tem-

1 823 2 846 ,
62 762 140 844 poris
154 762 267 828 melius
283 753 409 848 poterit
439 761 603 848 provideri
628 763 721 828 iuxta
746 760 950 829 condiciones
978 768 1011 828 et
1030 783 1115 829 nova
1131 765 1179 846 ip-

1 873 2 918 ?
63 869 120 938 sius
141 870 253 954 Regis,
280 893 346 956 qne
372 871 597 952 habebuntur,
622 870 794 937 consulunt
821 867 1003 953 Sapientes,
1022 870 1108 954 quod
1125 869 1181 936 eli-

1 1027 2 1046 l
63 986 148 1060 gutur
161 979 194 1044 in
209 980 275 1046 isto
293 979 441 1046 Consilio
466 978 673 1063 Rogatorum
690 999 774 1042 unus
800 973 1009 1044 Ambaxator
1025 977 1181 1043 etPrcvi·

1 1133 2 1176 3
62 1104 107 1150 ror
121 1106 175 1168 per
199 1092 345 1170 quatuor
372 1107 497 1168 manus,
522 1087 579 1168 qui
595 1085 695 1152 vadat
720 1084 892 1152 addictas
917 1091 1025 1151 terras
1051 1091 1180 1152 nostras
1272 1173 1274 1180 Ι

63 1189 202 1274 Sibeniei,
220 1194 380 1278 Tragurii
395 1203 429 1261 et
438 1192 579 1279 Spoleti,
595 1199 628 1259 et
645 1191 689 1259 ad
715 1190 877 1260 Comitem
893 1191 1111 1275 Maladinum,
1128 1215 1181 1260 ex·

1 1356 2 1378 ,
61 1301 195 1382 ponendo
211 1301 261 1367 eis
280 1322 340 1387 pro
355 1307 451 1385 parte
466 1307 591 1385 nostra,
608 1301 750 1385 qualiter
770 1322 830 1386 per
847 1301 1082 1384 expositionem
1098 1301 1179 1368 Am·

60 1405 240 1474 baratorum
275 1431 408 1475 snorum
439 1409 620 1492 habuimus,
651 1405 739 1494 quod
764 1407 903 1493 Vagati,
928 1409 1034 1475 etalii
1066 1407 1176 1478 Sclavi

1 1561 2 1576 2
61 1513 100 1579 eis
114 1511 256 1599 Vngaris
289 1516 496 1596 adherentes,
521 1516 633 1600 aliqua
658 1537 718 1582 sua
733 1515 900 1582 territoria
924 1515 1123 1582 derobernnt
1148 1521 1181 1582 et

1 1623 2 1700 l
62 1620 205 1688 derobare
220 1622 408 1704 intendunt,
425 1623 512 1708 quod
537 1624 675 1690 multum
699 1644 797 1718 grave
813 1631 846 1689 et
870 1622 1065 1707 displicibile
1082 1621 1177 1690 nobis

1 1787 3 1800 ‚
62 1728 121 1812 fnit,
135 1737 290 1814 optantes
315 1753 426 1798 eorum
441 1732 562 1798 bonum
587 1735 621 1796 et
647 1730 924 1798 conservationem
949 1737 1116 1815 tamqnam
1141 1727 1181 1796 dc

1 1829 2 1916 j
62 1840 170 1903 nostris
190 1839 346 1906 fidelibus
377 1839 562 1922 carissimis,
595 1859 677 1922 qnos
708 1858 835 1923 semper
865 1838 900 1904 in
931 1823 1180 1923 omnitempore

1 1945 12 2027 l·
61 1949 275 2028 reputavimus
291 1955 324 2014 et
339 1953 535 2031 reputamus.
546 1945 688 2031 Propter
704 1945 792 2028 quod
807 1945 1014 2013 intendentes
1032 1946 1075 2014 ad
1090 1954 1180 2013 tran·

61 2053 187 2135 quillum
204 2063 239 2120 et
256 2061 378 2121 statum
393 2053 564 2139 pacificum
590 2053 747 2137 ipsorum,
772 2058 806 2119 et
830 2059 982 2138 optantes
1008 2053 1179 2121 informari

1 2158 3 2175 '
61 2157 95 2226 de
109 2162 348 2228 conditionibus
365 2162 508 2247 ipsarum
532 2163 680 2247 parcium
706 2159 878 2230 Solemnis
894 2167 927 2228 et
952 2183 1062 2228 eorum
1078 2165 1182 2230 inten-

60 2267 201 2352 tionibus,
219 2277 258 2335 ut
275 2292 373 2354 super
388 2275 562 2355 augmento
578 2276 613 2335 et
627 2269 872 2335 conservatione
892 2290 1003 2336 eorum
1017 2271 1182 2337 valeamus

1 2377 2 2384 ’
60 2375 163 2442 melius
180 2377 357 2462 provideri,
382 2379 581 2462 providimus
597 2378 640 2444 ad
668 2397 723 2442 eos
749 2377 877 2443 mittere
894 2376 1017 2444 dicium
1033 2385 1181 2446 nostrum

1 2489 2 2492 ’
61 2481 313 2552 Ambaxatorem
338 2493 372 2552 et
404 2487 610 2554 Provisorem
640 2505 701 2569 prc
734 2484 885 2550 habendo
918 2484 1181 2553 informationem

1 2633 2 2665 2
61 2593 274 2661 conditionum
290 2594 454 2661 dictarum
469 2595 623 2680 partium,
648 2600 681 2660 et
700 2594 741 2660 de
767 2593 945 2660 intentione
964 2614 1085 2675 eorum,
1102 2593 1181 2676 quid

1 2763 2 2782 ,
61 2719 148 2784 snper
163 2701 227 2768 hoc
252 2709 285 2770 et
301 2721 360 2786 per
386 2723 482 2787 quem
514 2703 645 2770 modum
661 2723 719 2786 par
743 2723 802 2768 nos
832 2722 929 2787 super
954 2703 1129 2768 securitate
1148 2703 1195 2770 ct'

1 2801 2 2840 ³
60 2805 136 2872 bono
151 2831 264 2876 eorum
279 2832 319 2878 ac
334 2817 496 2877 terrarum
513 2815 546 2876 et
560 2812 706 2878 locorum
732 2831 864 2876 suorum
887 2810 993 2894 possit
1009 2809 1182 2876 salubriter

1 2920 2 2998 3
60 2917 224 3000 provideri,
249 2919 389 2986 ortando
415 2939 470 2986 eos
494 2917 605 2986 fideles
630 2924 760 2986 nostros
776 2917 811 2982 in
835 2916 995 2984 fidelitate
1026 2921 1061 2982 et
1089 2917 1182 2984 devo·

1 3052 2 3109 3
61 3024 141 3090 tione
156 3027 261 3093 nostri
276 3023 426 3093 Dominii
443 3049 515 3095 oum
531 3027 598 3094 illis
615 3026 736 3111 pulcris
752 3031 786 3092 et
806 3025 972 3092 crtatcrir's
988 3025 1102 3109 verbis,
1118 3045 1182 3108 que

61 3129 86 3194 ei
100 3135 327 3200 conveniencia
343 3135 547 3218 videbuntur,
572 3141 606 3202 et
622 3133 810 3218 accipiendo
838 3155 965 3199 omnem
982 3131 1182 3199 informatio·

1 3243 2 3319 l
60 3259 135 3322 nem,
151 3262 249 3324 quam
266 3243 389 3326 poterit
414 3243 513 3324 trabi,
530 3243 570 3308 de
595 3241 834 3309 conditionibus
858 3242 1004 3324 ipsarum
1024 3241 1180 3325 parcium,

1 3344 3 3434 ῗ
62 3349 211 3428 quamde
230 3350 411 3416 intentione
436 3351 598 3417 dictorum
624 3357 809 3417 nostrorum
834 3347 977 3416 fidelium
994 3355 1027 3416 et
1044 3346 1182 3416 Comitis

1 3438 2 3518 ?
60 3452 224 3536 Maladini,
241 3458 322 3542 quid
337 3457 577 3542 providendum
598 3465 681 3525 esset
696 3480 754 3543 per
770 3479 828 3526 nos
853 3479 913 3542 pro
938 3458 1182 3525 conservatione

1 3587 2 3656 3
61 3566 92 3625 et
106 3564 282 3630 securitate
298 3569 461 3632 terrarum
480 3573 514 3632 et
528 3564 673 3632 locorum
699 3572 884 3632 nostrorum
900 3564 1042 3632 fidelium
1058 3565 1183 3651 predic-

61 3674 174 3750 torum,
189 3678 221 3737 et
236 3678 350 3755 totum,
382 3672 538 3758 quicquid
570 3670 721 3740 habuerit
752 3679 786 3739 et
801 3672 923 3753 fecerit,
950 3673 1043 3740 nobis
1063 3671 1182 3739 debeat

61 3777 122 3840 suis
137 3777 255 3845 litteris
282 3778 448 3860 denotare,
472 3802 537 3848 non
565 3780 744 3848 recedendo
776 3780 853 3846 inde
878 3780 948 3847 sine
972 3787 1086 3848 nostro
1112 3797 1183 3865 spe·

1 3888 2 3940 l
62 3883 130 3948 ciali
146 3885 309 3954 mandato.

1 4077 2 4080 Ἴ
162 3995 206 4062 Et
220 3993 340 4062 debeat
357 3994 462 4062 dictus
481 3994 686 4062 Ambaxator
703 4003 737 4063 et
753 3994 911 4062 Provisor
926 3996 974 4061 ire
990 3995 1014 4060 J
1016 3995 1131 4062 adram
1147 4000 1182 4061 et

63 4093 194 4184 Nonam,
209 4102 348 4168 ortandc
373 4102 486 4174 fideles
511 4111 640 4172 nostros
655 4105 752 4172 None
777 4105 811 4168 in
827 4104 985 4171 fidelitate
1001 4108 1124 4186 nostra,
1148 4108 1181 4169 et

63 4206 234 4290 accipiendi
251 4210 297 4278 ibi
321 4209 587 4278 informacionem
604 4235 624 4279 a
640 4214 762 4280 nostris
779 4210 959 4279 Comitibus
977 4212 1016 4278 de
1032 4211 1103 4292 hiis,
1120 4231 1184 4295 que

65 4312 92 4374 ei
106 4316 290 4383 viderentur
306 4339 367 4402 pro
389 4321 566 4386 securitate
582 4329 616 4388 et
641 4320 890 4389 conservatione
906 4327 1094 4386 nostrarum
1110 4341 1183 4404 par-

1 4461 2 4506 ,
65 4419 143 4486 cium
160 4421 342 4492 Sclavonie.

165 4528 319 4617 Capta:
343 4536 389 4601 Et
420 4559 492 4602 cum
523 4537 565 4603 sit
590 4537 847 4604 commendabile
873 4537 956 4602 scire
981 4533 1181 4621 pertransire
