3220 5262
653 400 748 461 1364.
1187 399 1248 462 617

118 577 266 646 Ducatui
292 583 406 645 nostro
431 577 613 644 devotiores
637 576 701 642 fide
726 583 759 642 et
775 557 925 662 operibus
941 598 975 642 se
992 577 1174 642 ostendunt.
1190 574 1252 642 At-

116 685 289 752 tendentes
320 687 422 772 igitur
451 683 641 769 multiplicis
671 684 748 751 fidei
780 685 959 770 puritatem
994 691 1027 751 et
1068 685 1250 752 devotionis

95 779 362 878 plenitudinem,
387 813 487 876 quam
512 793 656 859 illustres
688 799 722 858 et
751 793 916 876 magnifici
947 793 1071 859 domini
1104 792 1247 859 Tuercto

117 902 182 968 Dei
198 905 306 986 gratia
321 903 422 967 totius
447 901 586 968 Bossine
610 899 733 983 Banus,
758 899 876 966 Comes
898 899 994 964 Wolf
1006 900 1073 965 eius
1089 901 1202 984 trater,
1218 908 1252 966 et

116 1010 251 1076 Helena
276 1009 461 1096 Ocuritissa,
487 1031 598 1075 eorum
625 1009 777 1094 genitrix,
801 1010 845 1074 ad
867 1007 994 1076 Nostro
1011 1009 1251 1092 Magnitudiuis

117 1119 347 1184 excellentiam
372 1118 493 1184 habere
518 1118 678 1201 promptis
693 1116 865 1183 affectibus
882 1135 915 1182 se
932 1117 1126 1199 ostendunt;
1144 1118 1199 1202 qui
1216 1120 1250 1184 in

118 1227 255 1309 agendis
265 1249 333 1307 nos,
345 1228 511 1294 Ducatum
521 1233 677 1308 nostrum,
687 1230 719 1290 et
736 1225 920 1310 singulares
935 1245 1093 1310 personas
1107 1224 1253 1294 Venetas

117 1336 342 1419 tangentibus,
367 1335 501 1401 devotos
525 1340 558 1400 et
583 1340 753 1418 promptos
770 1355 805 1398 se
833 1335 1034 1401 incessanter
1051 1335 1251 1418 prebuerunt

117 1443 330 1509 laudabiliter
348 1450 446 1527 atque
463 1443 621 1527 prebent,
638 1461 749 1507 eorum
767 1440 1058 1526 supplicationibus
1073 1443 1250 1526 gratiosius

117 1557 310 1634 annuentes,
336 1553 427 1636 ipsos
452 1558 485 1617 et
510 1552 655 1636 ipsorum
681 1551 861 1636 quemlibet
885 1572 957 1615 cum
984 1552 1051 1616 suis
1066 1551 1251 1632 heredibus,

118 1668 303 1728 nostrorum
329 1663 471 1729 omnium
498 1662 705 1728 consiliorum
731 1668 764 1726 et
788 1661 1087 1726 ordinamentorum
1106 1681 1252 1726 necessa·

118 1771 170 1835 ria
196 1772 405 1838 solemnitate
432 1777 571 1854 servata,
587 1778 745 1855 perpetuo
762 1771 797 1836 in
812 1775 942 1836 nostros
958 1769 1042 1834 cives
1058 1774 1090 1833 et
1106 1766 1253 1836 Venetos

117 1879 298 1964 recepimus
323 1886 421 1964 atque
446 1880 632 1964 recipimus,
657 1885 691 1945 et
716 1875 862 1945 Venetos
879 1883 911 1942 et
927 1878 1012 1942 cives
1030 1883 1161 1943 nostros
1178 1877 1252 1942 feci-

119 2009 191 2052 mus
218 1995 250 2052 et
276 1989 421 2072 iacimus
448 1993 481 2053 et
497 2010 557 2072 pro
575 1987 712 2057 Venetis
729 1993 761 2052 et
778 1986 900 2051 civibus
917 1986 1036 2051 nostris
1051 1987 1085 2050 in
1101 1985 1252 2055 Venetiis

119 2102 152 2160 et
178 2101 270 2160 extra
296 2095 433 2162 ubilibet
457 2097 610 2179 deinceps
634 2094 748 2161 haberi
774 2100 807 2158 et
822 2095 995 2178 procurari
1021 2095 1108 2159 omni
1135 2093 1252 2161 effectu

118 2208 153 2266 et
169 2203 371 2284 plenitudine
391 2203 539 2270 volumus
556 2208 590 2268 et
606 2204 754 2282 tractari,
771 2201 902 2267 eosdem
919 2201 1042 2268 sincere
1058 2202 1250 2268 benevolen-

118 2311 164 2376 tie
177 2309 321 2375 brachiis
337 2311 573 2395 amplectantes
579 2334 587 2391 ;
605 2316 637 2377 et
653 2309 789 2376 firmiter
805 2315 997 2390 statuentes,
1014 2311 1101 2394 quod
1117 2311 1253 2395 singulis

13 2433 15 2438 ’
119 2417 296 2499 beneficiis,
321 2418 531 2484 libertatibus
556 2426 588 2484 ot
612 2417 875 2483 immunitatibus
907 2438 945 2482 ac
976 2417 1153 2484 honoribus
1185 2421 1254 2503 qui·
1350 2417 1354 2428 ’

120 2525 328 2609 buscumque,
339 2527 455 2612 quibus
467 2529 523 2594 alii
534 2529 637 2594 nostri
654 2526 740 2592 cives
757 2524 878 2595 Veneti
895 2526 1060 2608 gaudeant
1076 2534 1109 2591 et
1127 2527 1252 2609 perfrui

12 2719 13 2724 ἵ
119 2631 365 2716 dignoscuntur,
382 2636 502 2717 prelati
519 2635 642 2702 domini
659 2633 751 2699 Wolf
758 2638 792 2698 et
802 2632 940 2714 Helena,
952 2653 1023 2698 cum
1035 2634 1130 2699 dictis
1140 2655 1253 2700 eorum

119 2741 305 2822 heredibus,
320 2743 353 2807 in
364 2740 508 2810 Venetiis
525 2748 559 2807 et
575 2749 668 2807 extra
684 2727 842 2825 perluctuo
861 2741 1036 2824 gaudeant
1052 2747 1084 2806 et
1099 2747 1255 2825 utantur;

13 2903 37 2928 ,¹
120 2849 214 2915 nobis
240 2869 366 2933 quoque
391 2872 450 2934 per
474 2849 616 2917 nobilem
642 2849 748 2914 virum
772 2848 922 2915 Marcum
946 2849 1050 2914 Bonni
1077 2850 1177 2915 civem
1195 2873 1252 2916 no·

120 2963 234 3036 strum,
258 2979 370 3024 eorum
394 2957 524 3023 fidelem
549 2956 753 3039 familiarem,
779 2957 964 3021 solemniter
980 2955 1022 3021 ad
1044 2955 1168 3023 Sancta
1188 2957 1252 3023 Dei

121 3065 292 3148 evangelia
333 3067 550 3149 prestiterunt
580 3065 749 3134 fidelitatis
779 3064 924 3130 debiturn
954 3065 1180 3134 iuramentum.
1212 3066 1253 3132 In

121 3194 261 3255 quorum
291 3175 436 3240 omnium
462 3174 561 3239 fidem
592 3181 626 3240 et
664 3173 859 3240 evidentiam
899 3173 1080 3256 pleniorem
1119 3197 1254 3257 presens

121 3281 329 3366 privilegium
355 3281 428 3347 fieri
443 3282 678 3363 mandavimus,
695 3288 873 3365 nostraque
890 3280 981 3347 bulla
997 3283 1135 3365 pudente
1155 3305 1256 3348 aurea

121 3389 322 3455 communiri.
347 3389 471 3456 Datum
498 3392 532 3455 in
556 3395 668 3456 nostro
683 3390 803 3456 Ducali
829 3388 953 3473 palatio
978 3411 1063 3456 anno
1083 3390 1255 3458 Dominice

120 3499 362 3567 Incarnationis
387 3501 560 3568 millesimo
585 3503 815 3568 trecentesimo
839 3501 1043 3584 sexagesimo
1061 3509 1189 3586 quarto,
1203 3502 1256 3568 die

125 3609 263 3690 septimo
279 3611 402 3675 mensis
419 3607 631 3694 Septembris,
648 3609 745 3676 tertie
761 3609 958 3674 indictionis.

233 3753 287 3812 (uA
313 3753 400 3816 copia
422 3755 455 3805 de
478 3753 717 3805 commemoriali«
743 3753 832 3804 czimll
846 3753 983 3804 velenczei
997 3753 1178 3818 allamkbuyv
1191 3755 1254 3805 VII.

120 3843 285 3906 uoceteool.)

610 3935 639 3942 ,-
657 3937 660 3940 .

653 4063 727 4126 455.

119 4223 151 4287 Ι.
178 4224 279 4310 Lajos
307 4246 448 4310 rrurtpyor·
473 4224 588 4310 letralp
612 4225 797 4312 meyer'o'siti
823 4249 844 4288 a
872 4221 1051 4309 uitraberpi
1077 4223 1109 4284 e's
1134 4221 1257 4307 praipai

403 4331 597 4396 kereskeclat·
614 4329 866 4397 szabadalmait.
885 4333 979 4396 1364.

230 4491 302 4558 Nos
319 4491 506 4558 Lodouicus
523 4489 587 4556 Dei
602 4492 713 4577 gracia
729 4492 800 4557 Rex
811 4491 985 4574 Huugarie
1003 4492 1155 4556 memorie
1167 4515 1254 4556 ccm-

120 4599 312 4665 mendamus
329 4606 442 4666 tenore
457 4602 661 4684 presencium
677 4599 902 4686 significantes
912 4598 1029 4684 quibus
1040 4599 1172 4684 expedit
1187 4600 1254 4666 vni-
