3110 5248
516 425 610 488 1348.

543 729 617 792 248.
719 700 751 764 ·.

1 853 2 866 χ
36 890 219 954 Auslocczei
248 890 461 976 kbatdrcasdp
487 913 508 953 a
535 889 700 956 kibe‘kr'lle‘c
728 891 820 978 appot
846 891 978 976 chinlja
996 891 1144 956 Erzsdbct

1 1029 3 1102 p
152 1020 293 1084 mapyar
308 997 624 1084 ocyckirdlyue'aalc
636 992 886 1086 pdrtfopdrdba.
912 999 1007 1064 1348.

1 1105 2 1136 l

1 1139 2 1142 Ἴ
123 1153 219 1222 Anno
236 1153 514 1224 MCCCXLVIL
531 1155 585 1223 die
601 1155 758 1227 XXVII.
778 1156 964 1223 Februarii.
982 1157 1144 1250 Capta:

35 1261 109 1330 Vtile
123 1270 171 1330 cst
195 1268 229 1330 et
255 1262 511 1330 commendabile
537 1263 634 1330 ualde
653 1265 844 1349 perquirere
860 1284 919 1348 per
935 1285 1062 1333 omnem
1078 1287 1141 1332 mc

35 1371 98 1436 dum
112 1378 144 1437 et
157 1373 243 1438 riam
260 1370 300 1438 de
315 1371 507 1438 inveniendo
532 1370 674 1437 favorem
699 1371 732 1438 iu
757 1370 854 1437 iactis
873 1373 995 1438 uostris
1010 1379 1078 1442 tam
1094 1395 1145 1440 ar·

1 1460 2 1473 ¹
35 1477 101 1558 duis,
116 1499 176 1562 que
192 1477 352 1545 habemus
368 1478 475 1545 facere
501 1500 572 1544 cum
597 1477 690 1563 Rege
706 1476 889 1562 Hungarie.
906 1479 952 1544 nt
969 1481 1046 1562 quia
1060 1479 1146 1548 inter

2 1671 4 1681 Ι
34 1593 129 1652 cetera
142 1584 232 1652 favor
248 1585 377 1651 domine
402 1584 528 1668 Regiae
553 1585 647 1652 nobis
674 1585 894 1652 verisimiliter
918 1584 1073 1669 prodesse
1092 1586 1146 1652 de·

35 1692 87 1774 bct,
100 1714 193 1776 quam
210 1713 344 1778 sperare
361 1712 530 1776 possumus
545 1692 690 1758 invenire
706 1691 899 1776 dispositam
916 1692 959 1757 ad
975 1714 1070 1759 omne
1090 1693 1146 1760 bo-

34 1820 96 1865 uum
110 1821 168 1886 pro
184 1803 291 1886 gratis
307 1801 445 1866 servitiis
463 1800 525 1866 sibi
541 1801 694 1884 impensis
710 1827 716 1866 :
732 1800 822 1866 vadit
837 1822 923 1885 pars,
939 1801 1024 1884 quod
1035 1801 1145 1868 micto-

33 1911 75 1972 tur
92 1908 188 1973 eidem
199 1909 328 1974 dominc
347 1909 473 1994 Regino
490 1909 650 1993 perillum
667 1908 798 1974 modum
815 1915 846 1974 et
862 1930 934 1974 cum
950 1907 1016 1974 illis
1031 1909 1146 1990 uerbis,

33 2033 83 2096 que
98 2016 288 2082 ridebuntur
298 2016 450 2098 Domino,
462 2013 677 2107 Consiliariis,
687 2013 859 2100 Capitibus
869 2021 900 2081 et
911 2017 1069 2084 ambabus
1081 2041 1146 2083 ma-

32 2124 114 2191 ribus
130 2123 331 2210 Sapientum
347 2127 397 2190 vel
409 2125 526 2190 maiori
545 2125 632 2208 parti
644 2123 740 2191 huius
758 2122 898 2208 Collegii
915 2124 957 2190 ad
971 2147 1147 2209 procuran-

0 2270 1 2273 =
33 2230 105 2312 dum,
119 2232 202 2315 quod
218 2254 292 2298 cum
308 2232 479 2298 mictamus
495 2238 626 2296 nostros
637 2232 796 2298 solemnes
807 2237 840 2296 et
849 2232 1052 2298 honorabiles
1070 2229 1147 2298 Am-

2 2391 3 2397 1
33 2337 201 2408 basiatores
217 2339 262 2406 ad
280 2341 529 2407 Serenissimum
547 2338 711 2406 dominum
722 2340 847 2423 Regem
858 2339 1029 2424 Huugarie
1044 2341 1146 2408 lilium

34 2466 112 2512 suum
137 2446 181 2512 ad
198 2445 465 2531 congaudendum
486 2447 600 2512 desua
619 2447 789 2513 excellenti
806 2453 838 2514 et
853 2447 997 2532 gloriosa
1012 2448 1147 2514 victoria

33 2564 57 2618 el.
69 2555 232 2640 triumpho
251 2554 348 2640 digne
374 2555 515 2622 obtentis
542 2556 575 2620 in
592 2555 708 2638 Regno
725 2554 913 2622 Jerusalem
929 2560 962 2620 et
978 2553 1099 2637 Sicilie,
1115 2561 1148 2620 et

33 2663 66 2728 sd
81 2666 302 2747 exponendum
319 2665 357 2746 ei,
374 2665 535 2750 quomodo
552 2687 610 2732 uos
627 2670 660 2730 et
675 2670 789 2729 nostra
806 2662 1031 2730 Communitas
1047 2665 1148 2731 inten-

1 2756 4 2759 ¹
33 2769 134 2856 dimus,
150 2773 235 2840 sicut
251 2794 379 2857 semper
395 2771 539 2852 fecimus,
549 2772 672 2839 babere
689 2772 731 2838 ad
748 2771 850 2841 Suam
859 2771 1069 2838 Maiestatem
1080 2794 1148 2857 spe-

2 2965 3 2970 *
33 2879 132 2947 oielem
148 2881 351 2948 devotionem
367 2887 400 2946 et
416 2903 569 2960 amorem,
588 2886 621 2946 et
637 2901 746 2946 secum
756 2882 866 2946 vivere
881 2881 915 2945 in
932 2880 1039 2964 quiete
1056 2905 1062 2946 :
1078 2881 1148 2964 pla·
1278 2909 1281 2915 ¹

32 2993 93 3052 reat
116 2989 200 3054 dicte
226 2989 357 3056 domine
382 2987 510 3072 Regina
536 2989 744 3072 interponere
771 2993 883 3070 partes
909 3009 992 3067 suas,
1017 2994 1054 3053 ut
1078 2987 1147 3054 eius

32 3091 106 3160 filius
120 3095 269 3162 dominus
286 3095 357 3162 Rex
372 3095 546 3179 Hungarr'e
561 3095 639 3159 velit
655 3116 712 3161 nos
730 3095 851 3161 habero
867 3117 927 3179 pro
944 3095 1058 3160 amicis
1074 3095 1148 3160 inti·

32 3203 127 3268 miset
143 3204 279 3283 deuotis,
305 3203 390 3268 siout
416 3204 660 3287 predecessores
686 3203 858 3268 retroactis
876 3202 1076 3286 temporibus
1092 3201 1148 3266 ha-

31 3305 165 3375 buerunt.

208 3455 245 3516 (A
259 3455 397 3504 valerrczei
410 3455 537 3506 »Secreta
550 3455 666 3506 Consilii
680 3453 950 3519 nugatorum-bol.)

34 4005 227 4075 rocenac·
253 4012 528 4096 lcormdcytandca
557 4010 751 4076 iatc'zkcdc'se
777 4011 957 4078 bdoeteiuelc
990 4009 1148 4074 clkiltddse

429 4118 620 4205 ta'rpydbau.
646 4121 741 4184 1348.

130 4275 227 4346 Auno
236 4275 535 4346 MOOOXLVIII.
546 4279 598 4344 die
610 4279 712 4344 tercio
722 4279 841 4344 mensis
852 4276 1147 4359 MarciiOapta:

1 4385 2 4410 ³
35 4379 108 4449 Cum
122 4387 203 4452 sicut
218 4386 358 4452 habetur
375 4407 434 4470 per
449 4386 578 4451 litteras
595 4384 635 4450 de
651 4383 794 4469 Neapoli
808 4385 956 4451 dominus
971 4381 1045 4448 Rex
1055 4382 1148 4450 Hun-

1 4524 3 4576 ;
35 4489 118 4572 garis
132 4493 195 4558 iam
211 4494 408 4559 concesserit
423 4493 554 4558 litteras
571 4493 756 4559 securitatis
770 4513 829 4576 pro
845 4491 966 4555 nostris
982 4485 1147 4555 Ambaxa·

36 4598 149 4666 toribus
164 4601 331 4669 mittendis
348 4601 489 4685 adeum,
507 4607 539 4665 et
556 4601 597 4664 ob
615 4601 678 4664 hoc
688 4601 861 4689 expediens
878 4620 941 4663 non
958 4598 1001 4662 sit
1017 4597 1148 4664 differre
