3214 5260
409 364 476 458 llo
771 360 1192 458 bisiomuom'nrnuubns'ri.

410 577 478 636 tum
504 579 537 638 et
564 577 759 638 conuentum
783 591 843 654 pro
870 568 1098 637 obseruatione
1121 568 1354 654 predictorum,
1371 573 1405 633 et
1420 571 1453 633 st
1467 579 1525 648 pre·

410 677 497 746 dicta
521 681 628 764 magis
645 678 790 746 debitum
807 678 994 754 sorciantur
1012 678 1178 746 effectum:
1196 677 1293 763 Quod
1310 697 1382 743 cum
1399 676 1467 760 ipse
1482 673 1526 739 do·

408 787 514 854 minus
537 789 615 855 Dux
640 792 675 853 et
700 786 878 855 Commune
898 788 1007 855 Janue
1027 787 1196 854 intendent
1211 792 1244 853 et
1259 785 1425 852 voluerint
1438 791 1527 850 trane

408 897 544 975 mictere
569 895 603 961 in
629 892 767 962 Gullum
790 892 991 963 Venetorum
1007 896 1119 978 galeas
1137 917 1194 961 seu
1209 894 1301 978 ligna
1316 913 1376 978 pro
1393 893 1528 978 dampni·

410 1003 540 1070 ficendo
565 1003 663 1087 ipsos,
688 1023 747 1067 sen
771 1003 916 1086 ipsorum
941 1001 1014 1068 loca
1043 999 1244 1083 invadendo;
1274 1008 1353 1066 tunc
1383 1001 1456 1085 ipse
1482 1001 1529 1066 du·

408 1112 516 1178 minus
533 1110 610 1176 Dux
626 1115 658 1176 et
675 1107 853 1176 Commune
873 1108 898 1174 J
900 1131 984 1176 anue
999 1116 1184 1196 teneantur,
1199 1110 1292 1176 saluo
1309 1131 1439 1196 semper
1456 1112 1527 1175 iusto

407 1219 472 1286 Dei
497 1219 613 1286 maiori
638 1225 671 1286 et
696 1219 841 1303 gentium
857 1219 1101 1304 impedimento,
1118 1219 1298 1286 certificare
1315 1219 1422 1303 ipsum
1440 1219 1529 1285 domi·

407 1349 485 1396 num
511 1330 636 1416 Regem
661 1351 719 1414 per
742 1331 898 1396 nuncium
913 1329 1083 1414 proprium
1098 1335 1131 1394 et
1146 1329 1276 1395 litteras
1292 1329 1396 1415 ipsius
1414 1330 1528 1396 domini

407 1435 519 1520 Ducis,
544 1459 609 1524 quo
633 1443 778 1522 tempore
803 1436 950 1502 intendet
976 1435 1096 1502 habere
1122 1435 1233 1518 galeas
1259 1437 1292 1503 in
1316 1437 1406 1502 dioto
1423 1435 1528 1504 (lulio,

408 1545 542 1630 Quibus·
557 1545 676 1613 litteris
692 1547 835 1630 receptis
851 1547 1033 1630 peripsum
1049 1545 1215 1612 domiuum
1231 1545 1366 1631 Regem,
1382 1551 1528 1612 teneatur

407 1673 466 1738 per
490 1675 525 1720 se
549 1655 600 1720 vel
625 1661 737 1740 gentes
764 1675 839 1720 suas
863 1653 1016 1720 invadere
1039 1652 1111 1719 loca
1127 1651 1340 1736 Venetorum,
1355 1675 1415 1720 seu
1431 1657 1529 1720 venire

407 1759 449 1828 ad
475 1763 619 1848 ipsorum
643 1763 851 1830 offensionem
877 1783 936 1846 per
954 1769 1087 1845 terram,
1101 1760 1160 1826 illa
1177 1763 1337 1846 videlicet,
1355 1786 1421 1848 que
1437 1769 1529 1854 erunt

405 1869 499 1938 iuxta
523 1891 613 1937 mare
638 1872 671 1936 in
697 1869 784 1936 dicto
811 1869 926 1954 Regno
950 1868 1127 1936 Dalmatie.
1152 1871 1198 1937 Et
1223 1870 1250 1936 si
1269 1875 1441 1956 contingat
1458 1881 1527 1939 ante

406 1977 584 2045 aduentum
623 1978 674 2044 rel
716 1978 751 2042 in
793 1977 938 2044 aduentu
972 1978 1116 2062 ipsarum
1150 1978 1328 2062 galearum,
1362 1990 1530 2066 antequam

407 2087 625 2172 applicuerint
649 2085 693 2152 ad
715 2085 806 2152 dicta
830 2085 904 2152 loca
929 2086 1097 2152 Dalmatio
1123 2086 1260 2153 indicto
1278 2087 1382 2155 Gulfo
1400 2093 1531 2156 existen·

406 2189 464 2278 tie,
488 2195 538 2262 vel
564 2173 648 2260 alias
672 2190 864 2278 rbicumque
889 2196 922 2260 in
945 2196 1043 2260 terris
1060 2198 1093 2258 et
1109 2195 1231 2261 tenutis
1248 2196 1457 2266 Venetorum
1473 2199 1532 2264 die·

406 2309 459 2368 tas
484 2309 601 2386 terras,
626 2301 779 2368 ciuitates
806 2308 959 2384 etcetera,
983 2308 1018 2370 vt
1042 2323 1151 2387 supra,
1171 2323 1205 2369 se
1221 2303 1363 2370 dominio
1380 2311 1413 2370 et
1429 2309 1532 2390 gratie

407 2405 524 2496 Regio,
540 2417 574 2476 vt
590 2432 699 2494 supra,
725 2409 859 2494 offerre;
883 2410 1029 2494 prelatus
1049 2409 1200 2476 dominus
1217 2412 1290 2478 Rex
1307 2412 1347 2478 de
1364 2395 1461 2482 bouis
1476 2436 1535 2480 mo·

406 2515 539 2613 bilibus,
563 2513 784 2586 immobilibus
810 2525 847 2606 et
868 2519 1112 2586 habitatoribus
1152 2521 1298 2604 ipsarum
1334 2520 1533 2606 disponendi,

406 2635 504 2712 prout
520 2627 582 2693 sibi
599 2627 770 2712 placuerit,
786 2625 924 2693 liberam
940 2627 1062 2693 habeat
1076 2627 1274 2694 facultatem.
1290 2627 1414 2698 Verum
1426 2632 1456 2695 si
1465 2637 1533 2715 port
1600 2637 1604 2732 l

405 2733 584 2802 aduentum
608 2737 752 2820 ipsarum
769 2735 947 2819 galearum,
964 2742 996 2801 et
1020 2737 1101 2820 ipsis
1119 2736 1327 2820 presentibus
1346 2737 1379 2802 iu
1396 2737 1533 2804 obsidio·

408 2861 449 2908 ne
474 2843 525 2909 vel
549 2844 786 2928 expugnatione
802 2844 945 2927 ipsarum
962 2842 1142 2928 predictam
1159 2843 1358 2911 oblationem
1375 2845 1447 2912 fieri
1465 2869 1532 2913 con·
1602 2917 1604 2928 ἱ

406 2949 562 3036 tingeret;
586 2953 613 3016 si
638 2958 769 3036 gentem
785 2973 842 3018 seu
859 2949 1045 3017 Amirstum
1060 2949 1085 3016 J
1086 2973 1260 3018 anuensem
1277 2975 1337 3036 pro
1353 2955 1531 3021 Jannensi-
1600 2937 1604 3092 1

405 3055 467 3136 bus
483 3060 530 3127 ibi
542 3063 734 3125 existentem
754 3081 826 3125 cum
838 3059 917 3144 ipsis
927 3055 1077 3144 obsessis,
1094 3081 1134 3125 ne
1152 3061 1336 3146 spolientur
1353 3063 1402 3129 rel
1420 3065 1534 3132 roben-
1602 3093 1604 3118 ι

406 3173 470 3254 tur,
495 3169 566 3252 ipse
602 3166 751 3235 dominus
776 3168 848 3234 Rex
873 3169 994 3252 poterit
1018 3167 1234 3252 concordare,
1259 3171 1320 3236 hoc
1345 3169 1411 3238 fiat.
1436 3173 1535 3240 Alias

409 3280 519 3339 autem
545 3275 657 3342 eadem
674 3274 746 3342 loca
761 3294 820 3360 pro
837 3273 972 3341 dimidia
989 3273 1138 3341 debonis
1155 3297 1266 3342 eorum
1281 3278 1459 3347 mobilibus
1476 3283 1536 3348 dis·

405 3380 546 3468 robaudi
572 3390 610 3462 et,
629 3383 789 3468 spoliandi
806 3384 869 3469 ipsi
884 3383 910 3449 J
911 3402 1070 3450 anuenses
1086 3381 1224 3450 liberam
1239 3385 1383 3453 habeant
1399 3386 1536 3456 faculta-

404 3491 489 3572 tem;
515 3510 575 3556 nec
599 3491 750 3556 dominus
773 3485 847 3556 Rex
862 3487 960 3556 aliter
976 3489 1049 3557 illos
1065 3513 1099 3558 se
1116 3492 1252 3558 reddere
1268 3494 1414 3561 uolentes
1431 3500 1534 3581 possit

401 3597 560 3681 recipere,
585 3597 647 3671 nisi
666 3601 758 3665 salua
782 3595 917 3666 dimidia
932 3600 1152 3684 predictarum
1168 3601 1345 3685 predonum
1362 3605 1460 3671 dietis
1478 3607 1535 3672 Ja·
1600 3577 1604 3718 j

404 3707 590 3790 nuensibuS,
606 3713 640 3774 vt
655 3725 763 3792 supra.
1601 3729 1604 3802 t

512 3817 597 3884 Item
623 3823 674 3884 est
699 3824 807 3884 aetum
825 3823 857 3883 et
881 3823 1073 3884 conuentum
1089 3819 1173 3885 inter
1189 3814 1296 3888 dictas
1312 3827 1423 3907 partes
1438 3821 1535 3890 dictis
1602 3865 1604 3888 .

404 3927 598 4010 nominibus,
616 3923 701 4010 quod
718 3928 746 3992 si
763 3943 822 4011 per
837 3934 950 4010 gentes
966 3926 1100 4012 Regias,
1117 3935 1150 3993 et
1166 3937 1279 4012 gentes
1293 3930 1397 4014 ipsius
1413 3929 1534 3997 domini
1602 3953 1604 4024 j

404 4033 507 4106 Ducis
533 4053 589 4102 seu
616 4035 805 4101 Communis
829 4035 938 4101 «laune
973 4036 1080 4122 alique
1123 4038 1273 4103 ciuitates
1297 4044 1330 4102 et
1356 4047 1476 4120 cetera,
1502 4039 1536 4103 rt

403 4161 511 4236 supra,
536 4144 722 4228 capientem
750 4143 836 4209 bona
861 4141 1004 4226 mobilia,
1030 4143 1129 4228 prede
1156 4151 1189 4210 et
1205 4146 1328 4232 captiui
1345 4147 1535 4213 earumdem
1602 4165 1604 4236 g

404 4247 437 4318 iu
463 4247 545 4338 duae
569 4258 680 4338 partes
708 4247 810 4319 diuidi
827 4247 976 4337 debeant,
993 4271 1130 4337 quarum
1148 4275 1243 4320 unam
1258 4254 1404 4320 habeant
1419 4265 1537 4340 gentes

404 4354 506 4442 ipsius
531 4357 655 4426 domini
679 4354 791 4447 Regis,
816 4362 913 4428 aliam
938 4381 1015 4428 vero
1039 4362 1206 4428 dimidiam
1224 4359 1345 4427 habeat
1362 4362 1537 4430 Amiratus

403 4461 579 4557 ulanuensis
604 4490 676 4533 oum
702 4469 853 4553 gentibus
878 4471 954 4536 dicti
971 4469 1179 4552 Oornnrunis3
1204 4470 1383 4536 dominium
1400 4488 1479 4538 vero
1505 4480 1538 4538 et

403 4575 569 4664 propietas
595 4571 737 4660 ipsorum
763 4576 907 4644 locorum
932 4577 965 4644 in
991 4571 1164 4647 Dalmacia
1180 4579 1387 4645 existenoium
1405 4602 1539 4668 semper
1602 4555 1604 4680 f

1600 4699 1604 4846 l

1599 4927 1604 5066 l

1602 5125 1604 5247 l
