3108 5246
386 291 450 366 384'
735 308 971 366 platonicam
987 253 1176 366 nuntiae*

383 502 440 548 seu
455 479 579 564 Regem
597 478 682 546 Raxi
715 447 798 546 lacit
821 482 1034 546 communiter
1050 481 1221 564 nominari,
1236 481 1406 548 nonnullos
1421 473 1504 546 Clui-

386 590 510 654 stianos
524 589 559 654 iu
576 590 645 654 eius
661 587 685 652 h
716 609 778 670 gno
793 587 980 654 habitantes
995 610 1052 672 per
1068 591 1135 654 rim
1151 597 1183 654 et
1198 588 1503 656 violentiamadeins

385 695 556 779 perfidiam
582 696 684 760 etim
713 695 866 760 ‹elitatem
891 695 1013 779 trahat,
1038 698 1191 781 ipsosque
1218 703 1331 780 preter
1357 703 1390 760 et
1404 699 1506 761 eontra

386 803 524 870 formam
539 802 689 869 Ecclesie
704 802 805 868 iaciat
821 802 981 885 baptisari
997 806 1030 867 in
1047 801 1236 868 Christiane
1251 803 1329 870 fidei
1345 825 1406 868 non
1416 802 1505 868 modi-

385 933 457 976 cum
473 911 688 977 detrimentnr
718 910 1011 993 magnificentiam
1029 909 1184 977 Vestram
1200 912 1406 996 requirimus,
1422 931 1504 992 roga

384 1037 464 1100 mue,
481 1025 512 1084 et
528 1019 679 1083 hortamu
767 1017 908 1084 Domino
924 1019 947 1084 J
952 1017 1031 1084 hesu
1057 1018 1202 1100 ernisto,
1220 1022 1381 1100 quatenus
1396 1017 1504 1082 eisdem
1537 1016 1545 1070 '1

392 1123 591 1190 Christianis
606 1122 641 1190 el
661 1149 668 1183 ‹
779 1123 971 1191 ¹ssffensionis
988 1148 1045 1210 pre
1112 1148 1129 1189 o
1146 1127 1349 1207 assistentes
1358 1127 1444 1208 ipsos
1453 1145 1506 1190 non

385 1236 591 1318 permittatis
617 1235 658 1300 ed
729 1281 745 1300 e
760 1257 820 1317 per
844 1235 969 1320 Regem
985 1257 1058 1320 pret
1104 1259 1168 1301 rum
1187 1236 1274 1301 trahi
1298 1231 1507 1320 aliquomodo

386 1363 442 1407 seu
458 1340 577 1420 induci,
603 1342 670 1423 qui»
707 1343 771 1407 imo
788 1341 914 1424 Regem
940 1344 1046 1426 ipsum
1061 1366 1119 1428 per
1143 1349 1270 1409 vestras
1295 1342 1449 1428 speciales
1464 1341 1507 1404 lit·

386 1454 474 1513 teras
489 1447 653 1513 inducatis
669 1457 700 1512 et
717 1448 973 1528 comminatorie,
998 1451 1025 1513 si
1051 1450 1140 1528 vobis
1154 1451 1334 1515 nesessarie
1349 1449 1506 1520 ridebitur,

386 1555 573 1639 requiratis,
589 1561 625 1620 ut
641 1575 661 1620 a
676 1553 808 1639 prefato
824 1575 935 1620 errore
952 1555 1090 1622 desistat
1107 1564 1139 1621 et
1156 1558 1305 1640 predicta
1329 1577 1387 1622 seu
1402 1555 1509 1622 similia

386 1663 522 1730 ulterius
546 1661 656 1727 iacere
680 1683 746 1728 non
770 1668 945 1746 presumat.
972 1661 1095 1728 Datum
1122 1663 1238 1729 Padue
1263 1664 1331 1729 ΠΙ.
1348 1665 1422 1730 idus
1436 1662 1507 1730 llaii

390 1769 606 1836 Pontificatus
622 1770 743 1836 domini
761 1767 938 1836 Clementis
954 1769 1045 1854 Pape
1062 1770 1154 1837 Sexti
1171 1794 1257 1837 anno
1275 1781 1401 1838 octavo.

1492 1916 1499 1926 ι

1492 1932 1495 1940 r

496 1916 532 1975 (A
547 1916 650 1979 »Copia
664 1915 698 1965 cle
712 1915 954 1966 Commemorialic
971 1918 1060 1968 czimtt
1076 1896 1216 1970 relencroi
1232 1915 1505 1980 aillamkonysbolll.

388 2005 446 2054 lot.
462 2010 485 2054 2.
500 2019 521 2053 r.
536 2008 596 2054 483.
611 2005 675 2072 ter.)

873 2149 930 2159 -ι--,
942 2153 947 2159 .
959 2151 1030 2159 .-,.-ι

389 2491 536 2558 Erasilnt
552 2511 692 2576 moyyar
708 2489 1022 2575 anyalcircilyntnak
1039 2490 1071 2553 es
1086 2489 1201 2554 Istocin
1237 2491 1415 2576 erczepnek
1430 2515 1450 2554 o
1467 2512 1505 2552 re·
1543 2491 1545 2508 ¹

695 2597 811 2661 lenczci
827 2597 1109 2683 lrormcinytancics.
1128 2600 1225 2662 1350.

497 2756 597 2823 Anno
621 2753 787 2822 MOOOL.
814 2755 867 2820 die
893 2754 1072 2824 XXVIII.
1097 2755 1308 2837 Melitensis
1325 2756 1503 2824 indictionis.
1543 2749 1545 2770 ¹

390 2864 487 2949 Quod
523 2865 685 2930 scribatur
720 2864 848 2930 domine
881 2862 1006 2948 Regino
1032 2863 1203 2948 Hungarie
1230 2866 1263 2929 in
1291 2864 1397 2930 souma
1420 2851 1504 2930 inira·
1543 2941 1545 2944 Ι

389 2973 523 3056 scripta.
1544 2975 1545 2982 ’

498 3079 622 3164 Capta:
647 3077 861 3163 Optabamus‚
876 3077 1007 3163 Regina
1031 3079 1178 3160 illustris,
1193 3087 1230 3146 ut
1247 3079 1338 3146 iuxta
1356 3081 1504 3148 coutinen-

389 3191 470 3254 tiam
495 3188 680 3253 litterarum
706 3194 890 3252 vostrarum
915 3192 948 3252 et
964 3187 1139 3254 illustrium
1155 3193 1308 3252 natorum
1325 3195 1500 3266 vestrorum,
1543 3223 1545 3252 ι

391 3297 495 3382 pridie
520 3295 614 3362 nobis
639 3297 821 3374 missarum,
847 3295 932 3360 foret
948 3295 982 3360 in
998 3297 1157 3379 promisso
1173 3297 1314 3360 termino
1331 3297 1369 3361 de
1385 3293 1501 3360 emenda
1544 3333 1545 3342 2

345 3417 347 3424 “
391 3404 583 3470 damnorum
609 3403 731 3467 nostris
757 3401 907 3467 fidelibus
925 3402 1160 3486 sieprovisum,
1177 3403 1287 3486 sicque
1304 3425 1343 3468 ex
1360 3409 1502 3488 partem-
1544 3391 1545 3402 ¹

391 3513 450 3576 atri
474 3518 683 3595 treuguarum
710 3510 912 3575 continentia
936 3511 1117 3592 observata,
1143 3510 1230 3595 quod
1255 3532 1321 3575 non
1337 3510 1447 3575 luisset
1461 3529 1503 3570 uo·
1543 3513 1545 3606 j

391 3620 441 3686 bis
467 3619 517 3684 rel
543 3619 636 3684 nobis
651 3617 789 3701 proinde
804 3617 941 3684 ulterius
967 3617 1191 3683 laborandum.
1206 3617 1253 3684 m
1269 3619 1346 3700 quia
1363 3616 1502 3682 Maiestas
1543 3611 1545 3682 i

392 3729 513 3798 Vestra
536 3727 803 3813 prorogationem
829 3725 1062 3792 satisfactionis
1092 3727 1194 3809 ipsius
1221 3746 1281 3810 per
1297 3747 1373 3792 suas
1389 3725 1500 3790 litteras
1543 3713 1545 3782 l

390 3838 518 3901 noviter
535 3835 681 3916 quesisse
696 3833 833 3918 ridetur,
850 3855 921 3899 eum
939 3857 987 3917 ea,
1003 3855 1067 3917 qua
1085 3833 1178 3898 decet
1194 3836 1500 3916 reverentiorespon·

392 3943 512 4025 demna,
537 3941 625 4026 quod
651 3963 690 4005 ex
717 3945 811 4024 parte
835 3947 949 4008 nostra
973 3941 1053 4006 data
1077 3944 1125 4006 est
1141 3947 1175 4005 ot
1190 3940 1262 4006 dari
1278 3937 1501 4024 proponiturin
1543 3937 1545 4016 i

391 4049 536 4116 futurum
553 4051 657 4115 omnis
673 4051 825 4130 occassin,
841 4069 899 4131 per
915 4070 1012 4132 quam
1027 4045 1203 4129 intervos,
1218 4045 1443 4114 Serenissimos
1456 4063 1499 4106 us·
1543 4037 1545 4168 ἰ

391 4164 443 4226 tos
467 4162 590 4223 vestros
616 4163 649 4222 et
674 4163 820 4222 nostrum
845 4153 1033 4239 Commune,
1057 4157 1139 4221 sicut
1156 4158 1261 4220 nostri
1276 4156 1500 4245 predecessores

391 4263 506 4345 fecere,
531 4263 747 4332 benivolentia
771 4265 944 4330 nutriatur.
971 4265 1096 4335 Verum
1122 4261 1295 4329 Maiestati
1324 4261 1438 4331 Vestra
1460 4277 1500 4322 cu·
1541 4281 1545 4362 p

392 4373 500 4456 pimus
526 4393 595 4436 esse
619 4378 741 4456 uotum,
768 4373 857 4456 quod
883 4372 960 4439 dum
986 4379 1058 4456 post
1084 4371 1205 4437 damna
1228 4371 1301 4455 ipsa
1318 4371 1359 4436 ad
1374 4373 1499 4434 nostran

393 4479 548 4546 noticiam
565 4478 650 4545 foret
666 4480 869 4563 productum,
886 4481 974 4565 quod
989 4481 1101 4547 tamin
1117 4480 1270 4563 partibus
1285 4476 1409 4562 Apulae
1421 4491 1498 4558 quen
