3220 5262
345 387 409 448 686
702 387 1118 447 urenounczmrnunbusn.

343 559 577 626 catholicorum
605 567 637 625 et
654 561 878 645 religiosorum
905 562 1057 640 virorum,
1083 579 1221 642 quorum
1245 557 1341 622 multi
1367 557 1401 620 in
1420 565 1476 622 too

343 666 508 750 Dominio,
538 671 712 752 presertim
744 691 783 734 ex
815 671 1005 752 operatione
1036 667 1152 732 dilecte
1184 665 1217 730 in
1249 665 1384 733 Christo
1410 663 1477 728 filie

343 779 462 844 nobilis
488 778 633 844 mulieris
659 776 767 862 Clare,
792 799 930 844 norerce
950 785 1015 859 tue,
1032 798 1095 842 non
1113 777 1215 842 solnm
1232 775 1405 854 catholice,
1422 774 1478 840 sed

344 885 442 952 cleris
458 886 543 952 dicte
556 886 633 952 fidei
651 893 684 951 et
699 887 855 952 virtutum
871 887 998 950 meritis
1014 885 1179 968 insignite,
1195 905 1320 950 moram
1341 883 1478 948 trabere

344 1002 542 1076 asserrmtun
568 995 612 1060 ad
637 997 719 1061 ovile
744 993 907 1080 prelatum
933 1015 1065 1060 securus
1089 993 1263 1072 advenias3
1288 993 1322 1056 in
1347 1013 1478 1057 eccum

344 1105 416 1168 aliis
441 1103 566 1170 Christi
588 1104 740 1170 fidelibus
756 1111 914 1188 perpetuo
925 1123 1164 1186 permansurus
1181 1109 1214 1166 et
1231 1102 1347 1166 salutis
1364 1107 1477 1166 eterne

344 1213 471 1296 premia
495 1219 695 1295 recepturus
721 1213 792 1278 Nos
818 1214 912 1291 enim,
929 1213 956 1275 si
973 1213 1035 1276 hoc
1051 1210 1193 1274 fideliter
1208 1217 1242 1274 et
1258 1209 1384 1274 sincere
1402 1207 1478 1272 effe-

345 1320 437 1402 reris,
463 1326 494 1383 te
518 1326 554 1384 ut
578 1318 681 1384 filium
708 1320 953 1384 dilectissimum
980 1319 1101 1384 babere
1118 1316 1341 1401 proponimus,
1360 1337 1399 1380 ac
1414 1315 1477 1379 tibi

344 1428 377 1492 in
405 1429 469 1492 tuis
495 1435 526 1500 et
551 1434 639 1492 terre
663 1433 718 1493 tue
737 1429 875 1510 negotiis
892 1426 1083 1510 Apostolioe
1100 1423 1195 1490 Sedis
1211 1424 1380 1492 latioribus
1396 1426 1476 1490 assi-

345 1544 433 1600 stere
458 1537 611 1618 gratiose.
628 1533 751 1602 Datum
770 1536 874 1600 Rome
891 1535 977 1619 apud
995 1533 1153 1598 Sanctum
1169 1531 1306 1596 Petrum
1322 1530 1384 1598 VI.
1403 1532 1478 1596 idus

346 1641 483 1728 Aprilis,
499 1644 716 1710 Pontificatns
732 1645 836 1709 nostri
853 1665 938 1708 anno
955 1649 1081 1708 octauo.

696 1787 738 1848 (V.
751 1787 844 1838 Orbetn
857 1787 930 1852 pdpa
943 1782 1129 1850 regestaibbl.)

874 2077 949 2138 511.

344 2239 371 2302 Ι.
399 2240 496 2324 Lajos
522 2258 664 2322 rnopyar
688 2235 871 2322 leirdiynale'
895 2261 916 2301 a
942 2236 1155 2324 rrr'r'r·nber·9iele
1180 2237 1393 2307 kereskede'se't
1409 2245 1476 2304 leir-

680 2347 784 2431 pyoao'
799 2345 1021 2409 szobadulrno.
1045 2347 1136 2410 1350.

451 2504 524 2572 Nos
539 2504 720 2571 Lodoricus
738 2503 801 2569 Dei
817 2505 929 2587 gracia
944 2505 1016 2570 Rex
1026 2504 1198 2590 Hungarie
1214 2508 1369 2572 memorie
1386 2528 1473 2571 eom-

345 2615 535 2681 mendamus
550 2619 663 2678 tenore
680 2614 880 2696 presencium
899 2613 1119 2696 significantes
1129 2609 1390 2698 quibus‘expedit
1405 2617 1478 2680 uni·

343 2724 460 2789 rersis:
477 2721 564 2806 quod
582 2743 649 2802 nos,
665 2721 748 2786 sicut
758 2743 817 2804 pro
829 2722 954 2788 utiliori
964 2729 996 2787 et
1006 2723 1254 2788 commodosiori
1267 2729 1356 2790 stetu
1368 2724 1476 2806 Regni

344 2833 457 2913 nostri,
482 2832 534 2895 eui
559 2829 728 2894 Diuinitns
754 2830 965 2912 presidemus,
990 2838 1023 2898 et
1048 2831 1298 2914 regnicolarum,
1324 2854 1383 2897 nec.
1407 2854 1474 2896 non

343 2944 558 3006 mercatorum
576 2944 804 3004 extraneorum
820 2937 863 3004 ad
879 2937 1017 3004 eundern
1041 2938 1126 3023 (igy)
1149 2937 1301 3021 Regnum
1328 2947 1475 3005 nostrum

345 3048 584 3127 confluencium,
611 3053 647 3112 ut
673 3045 714 3111 ab
741 3047 818 3129 ipsis
844 3045 966 3112 Nostre
993 3045 1197 3128 Celsitudini,
1222 3055 1254 3112 et
1269 3047 1387 3114 eisdem
1404 3070 1477 3130 reg-

344 3156 459 3223 nicolis
476 3155 594 3220 nostris
613 3154 737 3219 tructus
763 3154 916 3220 utilitatis
942 3160 976 3220 et
998 3155 1137 3220 materia
1161 3155 1294 3220 honoris
1320 3161 1474 3220 continue

345 3264 527 3348 proueniat,
544 3265 590 3328 sic
606 3285 670 3329 non
686 3263 792 3328 minus
816 3262 858 3328 ad
875 3264 1052 3328 instantem
1078 3271 1110 3328 et
1134 3261 1285 3330 deuotam
1314 3264 1476 3346 supplica·

344 3373 468 3436 cionem
483 3372 612 3456 prouidi
629 3371 689 3435 viri
706 3369 854 3436 Pertoldi
871 3370 1080 3437 Holohsuher
1104 3371 1181 3436 dicti
1197 3370 1279 3436 ciuis
1297 3376 1331 3435 et
1355 3393 1476 3438 merca-

343 3481 425 3546 toris
441 3481 480 3545 de
498 3479 704 3563 Nuremberg
720 3480 788 3544 rice
806 3485 838 3544 et
854 3480 983 3544 nomine
1007 3481 1230 3545 universorum
1256 3480 1386 3559 ciuium,
1402 3479 1476 3546 bos-

344 3589 450 3672 pitum
475 3593 509 3653 et
533 3594 748 3654 mercatorum
775 3584 816 3652 de
842 3587 954 3652 eadem
986 3584 1194 3670 Nuremberg
1222 3583 1345 3652 Nostro
1369 3587 1475 3671 Regio

344 3695 487 3762 Crimini
504 3702 696 3780 porrectam,
706 3695 864 3760 uniuersis
874 3695 1113 3762 mercatoribus
1123 3694 1163 3759 de
1180 3693 1329 3776 predicta
1338 3693 1475 3762 Narem-

343 3804 424 3888 berg
449 3805 483 3868 in
508 3803 660 3888 Regnum
685 3809 833 3868 nostrum
859 3803 1035 3886 Hungarie
1060 3823 1158 3868 eausa
1181 3802 1420 3885 negociaoionis
1444 3811 1474 3868 et

343 3915 541 3980 mercimonii
564 3912 801 3979 confluentibus
817 3912 857 3977 de
882 3919 994 3978 nostre
1019 3911 1122 3996 Regie
1146 3911 1356 3978 liberalitatis
1372 3913 1475 3977 muni-

344 4022 406 4089 fica
423 4029 456 4087 et
471 4021 625 4105 largiflua
641 4019 825 4102 clemencia,
844 4023 1003 4105 aogracia
1021 4020 1153 4104 speciali
1171 4019 1361 4085 huiusmodi
1378 4019 1473 4086 liber-

342 4135 449 4196 tatum
466 4130 692 4214 prerogatiuas
709 4129 858 4194 duximus
883 4127 1120 4194 concedendas:
1138 4128 1249 4193 Primo
1265 4127 1426 4209 videlicet,
1441 4135 1476 4193 nt

345 4259 555 4324 quascunque
572 4259 623 4302 res
640 4245 672 4302 et
689 4237 775 4302 bona
791 4237 890 4302 iidem
905 4242 1105 4303 mercatores
1121 4235 1303 4318 rbicunque
1314 4238 1348 4301 in
1362 4237 1475 4320 Regno

343 4356 458 4414 nostro
474 4348 594 4411 nostris
612 4346 784 4428 regnicolis
800 4344 1014 4427 vendiderint,
1032 4345 1160 4411 easdem
1186 4344 1327 4428 predicti
1353 4352 1476 4428 empto-

343 4477 394 4522 res
427 4455 602 4522 secundum
634 4456 886 4522 conueucionem
917 4457 1003 4520 inter
1034 4455 1123 4538 ipsos
1157 4461 1303 4538 tempore
1335 4454 1474 4538 predicti

344 4563 555 4648 empcionalis
572 4569 757 4628 contractus
774 4564 932 4647 habitam,
949 4565 1029 4650 ipsis
1053 4561 1237 4648 persoluere
1254 4562 1418 4646 debeant3
1443 4568 1477 4628 et
