3108 5246
546 343 644 412 rato.
674 301 676 308 ¹
1088 343 1152 410 see

40 527 129 611 ipsum
154 523 401 593 Serenissimum
428 525 594 592 dominum
620 525 858 609 Imperatorem
882 529 914 590 et
938 523 1061 606 Regem
1081 545 1154 588 cum

41 631 240 700 Serenissima
266 633 398 699 domina
414 632 545 699 Helena
564 631 780 717 Imperatrioe
797 639 830 697 et
845 631 973 716 Regina
989 630 1154 697 ooleterali

1 785 2 788 =
41 763 99 820 sua,
112 747 143 805 et
158 763 232 805 curn
248 737 533 805 Excellentissimo
559 739 690 806 domino
710 737 831 805 Vrosio
856 744 933 804 nato
949 729 1017 819 suo,
1033 743 1066 803 et
1082 759 1154 803 cum

39 846 197 913 heredibus
223 854 259 914 et
284 846 399 913 liberis
426 847 493 914 suis
518 848 551 911 in
571 845 778 912 honorabiles
795 847 880 911 cives
896 853 1027 912 nostros
1046 867 1154 912 susce·
1263 933 1268 942 1

38 955 130 1037 pimus
152 960 254 1036 atque
281 954 482 1038 suscipimus,
506 961 539 1020 et
562 952 706 1021 Venetos
724 959 757 1018 et
773 953 857 1018 cives
874 959 1004 1020 nostros
1019 951 1154 1020 fecimus

1 1133 2 1139 ἵ
37 1067 65 1125 et
84 1059 222 1144 iacimus,
237 1069 271 1126 et
286 1083 347 1144 pro
373 1061 511 1130 Venetis
537 1067 571 1126 et
596 1060 718 1125 civibus
735 1060 863 1145 nostris,
879 1061 1153 1145 quemadmodum

1 1212 2 1216 ,
38 1165 112 1231 siin
135 1165 288 1233 Veneciis
314 1167 383 1232 nati
409 1165 529 1248 forent,
565 1167 599 1232 in
626 1165 780 1234 Veneciis
805 1172 838 1230 et
861 1165 982 1249 ubique
1006 1165 1151 1235 locorum

1 1297 2 1338 3
36 1272 170 1358 deinceps
196 1274 316 1340 haberi
342 1280 374 1339 et
398 1275 568 1358 procurari
595 1274 680 1339 omni
706 1271 822 1339 effectu
835 1279 868 1338 et
883 1273 1084 1356 plenitudine
1100 1296 1153 1342 vo-

36 1379 132 1446 lumus
155 1389 187 1447 et
211 1383 364 1463 mactari,
389 1382 478 1465 ipsos
495 1381 629 1448 sinceris
646 1380 790 1447 brachiis
807 1379 991 1446 dilectionis
1007 1387 1041 1447 et
1057 1381 1152 1448 devo-

1 1499 2 1572 }
36 1489 121 1554 tionis
136 1490 370 1573 amplexantes,
386 1495 418 1554 et
433 1488 576 1554 finaliter
592 1493 773 1554 statuentes
788 1489 931 1554 omnium
946 1488 1153 1555 consiliorum

35 1601 64 1660 et
84 1596 385 1663 ordinamentorum
409 1601 597 1663 nostrorum
624 1598 826 1663 neccessarie
842 1597 1071 1680 solempnitate
1087 1618 1153 1662 ser·

34 1709 108 1786 rats,
130 1704 219 1789 quod
246 1704 367 1770 eisdem
393 1706 542 1772 omnibus
560 1705 777 1785 libertatibus,
793 1702 956 1771 benefieiis
972 1709 1005 1770 et
1021 1705 1154 1770 honori-

1 1794 2 1850 3
33 1808 86 1876 bns
108 1833 145 1877 ac
168 1811 442 1893 immunitatibus,
468 1811 585 1896 quibus
601 1812 658 1878 alii
673 1811 882 1879 honorabiles
897 1813 983 1878 cives
1000 1812 1069 1878 nati
1086 1807 1152 1880 Ve-

33 1920 122 1984 neciis
147 1918 295 2004 gaudere
311 1925 343 1984 et
358 1919 484 2004 perfrui
501 1919 742 2004 dignoscuntur,
757 1918 907 2004 prefatus
923 1919 1072 1986 dominus
1088 1917 1153 1985 Im·

32 2033 151 2110 perator
167 2035 201 2093 et
216 2026 301 2110 Rex,
311 2035 345 2093 et
354 2025 487 2093 domina
498 2027 698 2113 imperatrix
713 2034 747 2093 et
761 2027 899 2111 Regina,
914 2049 952 2093 ae
968 2034 1065 2094 natus
1076 2049 1152 2094 suus

34 2133 217 2219 prelibatus,
246 2141 280 2201 et
306 2134 441 2202 heredes
467 2144 501 2201 et
524 2136 619 2202 liberi
644 2137 693 2202 sui
708 2139 742 2201 in
757 2133 910 2203 Veneciis
926 2143 960 2203 et
976 2142 1070 2202 extra
1084 2137 1154 2202 ubi-

33 2263 87 2324 que
110 2243 301 2326 plenissime
324 2244 490 2327 guadeant
505 2250 538 2308 et
553 2249 697 2310 utantur.
713 2241 756 2308 In
773 2264 912 2326 quornm
927 2242 1025 2310 fidem
1041 2252 1075 2310 et
1090 2247 1154 2311 evi-

1 2358 2 2433 ,
30 2349 168 2416 donciam
184 2349 370 2436 pleniorem
385 2371 517 2433 presens
534 2349 821 2436 privilegiumfieri
831 2349 1066 2434 mandavimus,
1083 2353 1154 2418 bul-

1 2529 3 2533 ,
29 2455 119 2542 laque
132 2465 250 2524 nostra
264 2457 396 2543 pedenti
412 2479 513 2525 aurea
530 2459 732 2525 communiri.

1 2615 2 2620 η
127 2565 256 2633 Datum
281 2567 316 2630 in
340 2572 456 2632 nostro
470 2566 590 2633 Duoali
607 2567 731 2651 palatio
748 2586 836 2632 anno
852 2565 1026 2632 Dominioe
1041 2564 1154 2632 Incer-

30 2673 164 2739 nationis
189 2673 363 2740 millesimo
390 2669 488 2740 000.
505 2674 786 2759 quinquagesimo,
812 2673 864 2740 die
891 2670 1010 2741 XXV.
1034 2674 1154 2738 mensis

1 2798 2 2859 j
29 2777 136 2863 bladii,
149 2779 210 2846 HI
225 2781 426 2847 indictionis.

1 2984 2 2990 ἵ
127 2923 164 2986 (Δ
187 2923 294 2990 »Copia
316 2923 349 2978 de
372 2923 610 2978 dommemorieli«
627 2923 767 2978 veleuezei
782 2923 1019 2988 allamkonyvbdl.
1032 2923 1080 2973 IV.
1094 2921 1155 2990 sot,

1 3047 2 3050 =
29 3015 49 3064 2.
62 3027 83 3064 r.
98 3017 159 3065 282.
172 3013 203 3078 L)

517 3163 552 3172 ι.-
573 3163 668 3172 u·—

556 3341 630 3404 312.

30 3500 135 3566 (iin'do
152 3497 309 3565 hibernos
326 3498 358 3563 e'e
371 3499 479 3586 pa'pai
505 3501 593 3565 kdvet
618 3527 639 3566 a
655 3524 796 3587 magyor
813 3498 949 3587 kiralys,
966 3525 987 3564 c
1004 3501 1155 3566 celenensi

29 3609 116 3693 depes
135 3610 168 3671 e‘s
185 3633 206 3672 α
215 3607 402 3692 jdaosrend
409 3607 578 3693 fb'mecteri
585 3608 725 3694 folkeri,
734 3611 844 3695 hopya
856 3607 964 3672 rdnaai
973 3608 1156 3673 hortalibu-

29 3717 80 3778 soh
99 3716 245 3780 calldsos
259 3715 475 3802 szadadsc'pdt
487 3739 513 3808 ‘a
523 3718 609 3781 azert
624 3717 736 3804 lively
745 3717 933 3803 irdoyddoo
942 3717 1156 3802 tomopassdh.

542 3828 638 3890 1350.

132 3982 247 4050 (luido
277 3983 487 4064 miseratione
518 3983 639 4050 Divina
664 3984 753 4050 tituli
779 3982 899 4052 Sancte
925 3981 1044 4049 Oeeilie
1060 3985 1156 4050 Pres-

29 4088 120 4173 byter
135 4089 336 4171 Cardinalis,
361 4088 551 4175 Apostoliee
578 4091 671 4159 Sedis
688 4093 843 4177 Legatos,
867 4091 994 4158 illustri
1010 4092 1158 4177 Principi

30 4195 156 4264 domino
171 4200 258 4283 Regi
275 4197 432 4282 Vngarie,
449 4206 482 4265 et
499 4199 626 4266 dilectis
642 4201 675 4266 in
693 4197 824 4265 Christo
839 4198 926 4264 Duoi
943 4199 1155 4268 Venetiarum

31 4325 67 4368 ao
97 4306 262 4392 Magistro
295 4305 483 4389 Hospitalis
525 4305 638 4373 Sancti
677 4307 842 4374 Johannis
887 4307 1155 4373 ‹lerosolomitsni

30 4413 164 4480 salutem
180 4421 214 4481 et
230 4416 392 4480 sinceram
410 4415 444 4480 in
469 4415 609 4482 Domino
626 4415 829 4481 charitatem.
847 4413 938 4494 Ounr,
964 4423 1060 4498 prout
1080 4417 1156 4482 lide-

30 4518 199 4604 dignorum
225 4523 386 4589 relatione
410 4525 623 4609 percepimus
648 4523 843 4608 Stephanus,
869 4525 925 4608 qui
950 4544 984 4587 so
1001 4523 1156 4590 Cesaram
