3134 5252
339 357 404 417 202
674 387 677 390 -
699 369 932 415 nmnousczmr
949 354 1117 412 1111111111.
1229 355 1235 364 “

343 537 492 612 vestram,
509 552 570 614 que
587 530 745 595 iustitiam
770 551 866 612 super
891 529 953 595 hoo
967 528 1039 598 fieri
1054 527 1237 595 mandastis
1255 529 1392 594 diuersis
1406 527 1474 591 ius-

344 639 489 706 sionibus
506 636 724 722 reginalibus;
748 643 780 702 et
806 639 884 720 quia
909 638 1008 702 sititis
1033 636 1220 718 uindictam,
1236 645 1269 704 et
1285 638 1476 722 extirpatio-

341 769 415 812 nem
439 743 645 831 proditorum
669 747 825 830 ipsorum,
854 751 1021 828 tamquam
1046 743 1171 811 offensa
1196 746 1422 830 principaliter
1438 746 1474 810 in

341 863 449 922 vestre
474 876 591 922 corone
617 855 811 939 dyademate
827 854 989 920 maritalis
1005 877 1012 918 :
1030 859 1208 938 propterea
1232 855 1379 939 supplico
1402 875 1477 918 cum

342 965 431 1031 omni
448 984 513 1048 qua
529 984 660 1047 possum
676 964 872 1045 reuerentia,
895 963 1055 1028 fidelitate
1072 969 1105 1028 et
1121 961 1319 1029 subiectione
1337 961 1478 1043 debitis3

341 1079 502 1158 quatenus
517 1072 634 1155 velitis,
660 1071 837 1138 secundum
865 1072 953 1154 quod
969 1073 1040 1155 ipse
1056 1071 1205 1136 dominus
1222 1069 1375 1137 Summus
1390 1069 1478 1137 Pon·

341 1181 421 1246 tifex
437 1202 497 1264 per
514 1180 596 1247 alias
613 1202 689 1247 suas
704 1181 838 1246 licteras
854 1180 1012 1264 speciales
1028 1179 1150 1250 Vestra
1166 1179 1368 1246 Excellentie
1378 1181 1478 1264 serip-

344 1291 395 1372 sit,
412 1288 491 1355 mihi
517 1291 661 1374 potentie
686 1288 857 1371 Reginalis
882 1288 1052 1354 brachium
1067 1288 1256 1375 assistentis
1273 1311 1344 1353 cnm
1361 1285 1477 1353 effectu

344 1397 492 1481 prebere,
508 1401 543 1461 vt
560 1395 664 1464 dictos
681 1397 865 1480 proditores
891 1399 1012 1481 possim
1028 1418 1154 1481 capere,
1170 1398 1293 1462 iustitie
1309 1405 1342 1463 et
1355 1397 1478 1462 iudicio

346 1505 602 1587 submittendos;
628 1511 661 1570 et
677 1505 857 1588 dignemini
873 1504 1029 1570 mandare
1040 1527 1099 1587 per
1109 1513 1235 1570 vestras
1251 1505 1409 1588 speciales
1425 1505 1476 1570 lit

342 1622 432 1680 teras
457 1613 736 1695 transmittendas,
762 1635 821 1697 per
846 1612 1005 1678 solemnes
1021 1611 1177 1694 Nuntios,
1194 1633 1267 1677 cum
1282 1612 1390 1678 forma
1404 1634 1477 1695 pre·

344 1722 444 1786 sentis
468 1721 714 1806 protestationis
741 1726 772 1785 et
797 1721 1036 1804 requisitionis,
1062 1741 1101 1786 ac
1127 1721 1186 1787 sub
1213 1742 1298 1803 pena
1324 1715 1476 1786 obtentus

346 1827 452 1913 gratie
482 1835 609 1911 vestre,
641 1830 771 1894 domine
802 1827 1009 1911 Imperatriei
1040 1827 1413 1912 constantinopolitane,
1444 1833 1477 1893 et

344 1937 524 2022 Spectabili
540 1938 671 2003 domino
687 1937 858 2003 Ludouico
876 1936 916 2002 de
933 1936 1077 2002 Tarento
1093 1941 1170 2002 nato
1188 1940 1266 2020 eius,
1283 1937 1372 2020 quod
1387 1938 1476 2020 ipsos

344 2047 499 2114 carolum
524 2055 556 2111 et
581 2045 813 2128 Bertrandum,
829 2067 867 2110 ao
892 2041 1082 2110 Conradum
1108 2045 1147 2110 de
1173 2044 1332 2111 Umlredo
1357 2047 1402 2110 ad
1426 2067 1477 2111 me

266 2219 271 2228 ,
343 2155 571 2221 transmittant
597 2153 657 2218 sub
683 2153 793 2219 debita
817 2159 850 2217 et
874 2152 940 2218 fida
964 2153 1123 2218 custodia.
1160 2151 1319 2219 Similiter
1346 2155 1476 2237 placeat

343 2264 407 2346 ipsi
433 2261 636 2327 Excellentie
661 2258 790 2340 Vestre,
816 2260 946 2326 domino
979 2260 1127 2342 Principi
1160 2259 1314 2341 Tarenti,
1346 2261 1476 2327 domino

344 2372 432 2439 Duoi
447 2369 583 2438 Duratii
609 2375 640 2434 et
655 2370 823 2448 iratribus,
842 2366 1026 2434 Comitibus
1043 2374 1076 2433 et
1091 2368 1290 2449 Beronibus,
1305 2373 1339 2433 et
1356 2371 1477 2453 specia-

266 2471 275 2479 ’
345 2480 419 2545 liter
436 2478 665 2561 Vniuersitati‚
691 2483 723 2542 et
748 2476 875 2542 ciuibus
902 2474 1139 2545 Vniuersitatis
1163 2473 1385 2560 Neapolitana
1406 2499 1476 2542 eum

346 2587 464 2653 effectu
481 2586 559 2653 dare
575 2587 759 2671 expressius
784 2587 818 2649 in
843 2584 1018 2671 mandatis,
1036 2585 1123 2667 quod
1139 2585 1193 2651 vbi
1209 2606 1267 2669 per
1283 2584 1407 2652 dictam
1424 2587 1477 2652 do-

347 2697 468 2761 minam
484 2694 735 2777 Imperatrieem
752 2694 832 2758 dicti
856 2692 1041 2777 proditores
1058 2714 1122 2758 non
1139 2692 1260 2758 fuerint
1275 2692 1355 2758 mihi
1371 2701 1476 2759 trans-

345 2805 441 2886 missi,
457 2804 490 2869 111
507 2803 640 2888 prachio
656 2802 782 2886 potenti
800 2809 833 2867 et
847 2802 924 2867 forti
942 2801 1019 2867 dicti
1035 2801 1177 2884 Regulos
1193 2807 1226 2866 et
1243 2800 1390 2867 Comites
1407 2824 1477 2885 per-

346 2913 500 2978 sonaliter
517 2915 551 2974 et
566 2910 708 2994 predicti
724 2911 780 2994 alij
797 2916 867 2974 tum
884 2931 956 2975 cum
973 2929 1084 2974 eorum
1101 2908 1240 2974 exfortio
1256 2909 1429 2976 conferant
1444 2933 1476 2975 se

348 3021 390 3085 ad
417 3028 523 3086 terras
549 3025 582 3084 et
606 3018 687 3100 loca,
711 3017 764 3083 vbi
790 3017 867 3082 dicti
894 3017 1077 3101 proditores
1103 3018 1255 3100 existunt,
1271 3039 1345 3083 cum
1360 3017 1476 3100 quibus

347 3127 446 3194 offero
465 3127 681 3212 personaliter
706 3147 757 3192 me
782 3127 914 3209 iturum,
939 3131 974 3191 vt
998 3125 1171 3208 capiantur
1186 3131 1219 3190 et
1235 3124 1276 3190 de
1293 3127 1338 3190 eis
1366 3125 1479 3191 debita

348 3236 406 3299 fiat
421 3234 581 3302 vendicta.
612 3233 771 3300 Preterea
796 3233 943 3318 supplico
968 3237 1164 3314 reuerenter,
1189 3233 1275 3315 quod
1300 3231 1478 3316 dignemini

349 3342 494 3408 effective
511 3343 653 3409 seribere
669 3341 874 3422 DiocesaniS,
893 3338 1038 3423 Vicarijs
1055 3361 1112 3405 seu
1130 3337 1337 3406 Officialibus
1355 3361 1479 3406 eorum·

347 3452 422 3517 dem
437 3449 589 3532 locorum,
609 3450 662 3516 vbi
673 3450 857 3534 proditores
873 3449 936 3532 ipsi
953 3447 1103 3527 existunt,
1119 3446 1206 3530 quod
1222 3446 1316 3513 iuxta
1332 3453 1479 3514 tenorem

347 3559 474 3645 papalis
500 3559 598 3625 edicti
624 3558 793 3625 declarent
815 3564 922 3625 terras
938 3559 1026 3642 ipsas
1047 3579 1116 3623 esse
1133 3559 1318 3642 suppositas
1335 3557 1479 3624 Ecclesi-

348 3667 452 3734 astico
477 3667 665 3751 interdicto,
690 3674 724 3733 et
748 3667 835 3752 quod
866 3687 977 3732 eorum
994 3666 1137 3745 vassalli,
1155 3665 1287 3732 nullsue
1303 3667 1480 3749 singularis

347 3794 484 3860 persona
509 3774 555 3839 eis
581 3795 637 3839 seu
661 3795 772 3840 eorum
798 3774 895 3840 alicui
913 3773 1031 3857 quouis
1047 3773 1117 3838 iure
1135 3773 1292 3854 subiecta,
1308 3774 1349 3838 de
1370 3780 1477 3840 cetero

349 3890 466 3970 pareat
489 3882 543 3948 uel
558 3881 708 3947 intendat
725 3881 854 3962 eisdem,
870 3886 904 3947 et
921 3880 1010 3962 quod
1035 3902 1145 3947 omnes
1162 3885 1195 3946 et
1210 3882 1395 3965 singulares
1411 3904 1482 3966 per·

349 4013 426 4059 sone
443 3992 583 4058 scienter
599 3990 798 4056 contrarium
814 3990 979 4070 facientes,
996 3990 1062 4054 sint
1077 3989 1147 4073 ipso
1162 3988 1249 4055 fecto
1264 3991 1481 4056 excommuni-

350 4101 486 4166 cationis
503 4098 665 4166 sententia
681 4097 839 4177 innodati,
866 4102 899 4162 et
924 4096 1012 4181 quod
1027 4097 1237 4164 interdictum
1252 4099 1359 4181 ipsum
1373 4097 1421 4165 ibi
1436 4103 1482 4164 te-

325 4209 476 4275 'naciter
516 4210 729 4290 obstruetur,
754 4211 941 4292 protestans
966 4207 1107 4291 publice,
1133 4215 1167 4274 et
1191 4211 1225 4273 in
1248 4209 1313 4293 hijs
1341 4211 1483 4293 scriptis,

351 4316 438 4399 quod
456 4337 515 4400 per
540 4337 592 4382 me
616 4336 681 4380 non
700 4320 851 4399 statues
868 4315 969 4396 stetit,
985 4333 1044 4379 nec
1061 4315 1171 4398 stabit,
1187 4317 1266 4400 quin
1284 4315 1398 4382 debita
1414 4339 1486 4401 per·

352 4422 486 4507 secutio,
502 4423 611 4506 captio
628 4429 661 4489 et
676 4422 802 4489 iustitia
827 4421 886 4489 fiat
901 4423 941 4488 de
958 4422 1155 4490 sceleritatis
1174 4423 1401 4508 proditoribus
1418 4446 1484 4490 me-
