3134 5252
552 397 647 481 rme.
1119 401 1185 462 rea
1253 435 1258 440 -

85 593 143 637 cunr
165 571 309 656 dicerent,
325 594 360 637 se
385 594 449 639 non
464 573 584 640 hahere
606 573 797 639 mandatum
814 572 1013 657 adplenum,
1030 583 1063 638 et
1078 576 1187 640 nolen-

7 687 10 728 ἱ
84 686 131 760 tes,
145 679 223 763 quod
245 701 304 763 pro
329 687 425 765 parte
440 689 553 746 nostra
569 681 710 764 deficiat,
728 680 858 766 quando
874 681 1057 765 reperiatur
1074 681 1188 750 modus

7 795 8 874 }
82 795 110 851 et
121 789 167 852 ria
180 789 384 854 conservandi
415 787 674 854 benivolenciam
707 795 740 853 et
756 809 900 854 amorem
918 789 1087 871 antiquum
1113 809 1185 854 cum

7 881 9 968 s
83 895 141 977 ipso
162 894 281 961 domino
305 894 418 978 Rege3
444 897 662 979 disposuimus
692 897 822 961 mittere
842 895 885 961 ad
902 897 971 960 eius
988 896 1185 979 presentiam

7 1035 8 1038 ¹
81 1007 189 1067 nostros
212 1000 450 1068 Ambaxatores
467 1002 510 1068 ad
527 1001 708 1085 rogandum
733 1001 942 1069 Maiestatem
966 1000 1076 1085 Suam,
1100 1004 1186 1086 quod

7 1097 15 1106 ”
80 1107 212 1190 dignetur
235 1109 356 1175 habere
382 1116 415 1175 ct
429 1116 540 1175 tenere
556 1131 614 1176 nos
631 1119 664 1174 et
679 1117 828 1174 nostrum
845 1107 1022 1176 Commune
1039 1132 1099 1194 pro
1116 1113 1184 1177 eius

7 1213 9 1224 “
80 1214 181 1280 devotis
191 1217 355 1296 etamieis,
371 1217 454 1282 sicut
469 1215 616 1282 iecerunt
631 1216 879 1301 predecessores
895 1219 955 1299 sui,
971 1239 1044 1283 cum
1060 1239 1187 1304 semper

7 1315 9 1394 t

7 1493 10 1620 t

80 1322 209 1421 dispositi
224 1324 378 1390 brerimus
405 1331 437 1389 ct
452 1345 561 1392 sumus
578 1325 620 1390 ad
636 1325 756 1406 omnia,
771 1344 834 1408 que
850 1326 883 1390 in
899 1325 1055 1390 honorem
1071 1325 1186 1390 Excel-

7 1423 8 1480 Ῑ
80 1429 162 1496 lentie
176 1430 237 1498 Sue
259 1432 414 1498 decenter
440 1439 472 1498 et
491 1433 628 1498 honeste
659 1432 730 1497 fieri
744 1440 885 1516 possent,
917 1433 1056 1499 dicendo
1076 1433 1137 1498 heo
1153 1440 1185 1498 et

80 1538 132 1603 elie
145 1540 223 1606 circa
237 1539 306 1623 hec,
332 1561 395 1624 que
420 1540 515 1606 dictis
539 1539 823 1606 Ambaxatorihus
855 1562 914 1626 pro
931 1540 1054 1606 honore
1070 1545 1184 1606 nostro

7 1681 9 1740 ξ
77 1647 154 1712 utilia
176 1647 376 1714 ridebuntur.

165 1752 320 1838 Capta:
337 1754 383 1818 Et
393 1756 470 1838 quia
487 1753 670 1821 differentie
685 1763 755 1819 orte
771 1755 857 1820 inter
875 1755 1041 1822 dominum
1058 1754 1182 1838 Regem

77 1869 174 1942 ethos,
202 1863 428 1948 principaliter
459 1885 529 1930 esse
544 1863 697 1930 videntur
727 1886 788 1948 pro
803 1863 912 1929 d'adra
937 1873 969 1929 et
985 1865 1058 1930 aliis
1074 1866 1183 1946 terris,

7 1963 10 2028 i
76 1991 141 2052 quas
153 1981 296 2038 tenemus
313 1974 347 2037 in
371 1969 550 2046 Sclarouia,
566 1971 709 2038 habeant
725 1971 804 2040 dicti
820 1972 1071 2051 Ambaxatores,
1088 1973 1114 2037 si
1132 1993 1182 2035 ve-

7 2077 11 2182 t
74 2078 164 2143 nerint
187 2101 285 2162 supra
309 2079 516 2158 tractatibus,
531 2077 720 2145 libertatem
736 2079 903 2146 tractandi
920 2087 952 2145 et
968 2077 1180 2164 componendi

73 2206 132 2248 cum
154 2183 280 2252 domino
309 2185 402 2268 Rege
426 2187 586 2270 premissa
611 2205 669 2268 per
690 2187 812 2266 modos,
839 2186 894 2268 qui
914 2183 1050 2250 inferius
1067 2185 1182 2251 dietin-

72 2299 200 2372 guentur.

160 2399 197 2465 In
221 2400 336 2484 primis
354 2400 382 2466 si
398 2399 548 2466 dominus
563 2399 636 2465 Rex
653 2400 745 2466 dabit
760 2402 794 2464 iu
810 2400 960 2466 manibus
977 2402 1097 2466 nostris
1115 2405 1180 2466 sta·

72 2507 118 2570 tim
140 2507 314 2574 dominium
341 2516 374 2574 et
399 2509 634 2594 possessionem
659 2507 829 2590 pacificam
855 2504 1008 2572 Civitatis
1024 2508 1129 2574 Jadre
1146 2516 1180 2574 et

71 2613 216 2680 districtus
240 2637 280 2681 ac
304 2615 584 2698 pertinentiarum
600 2614 713 2699 ipsius,
728 2614 839 2694 libere,
855 2614 964 2697 quiete
981 2621 1014 2679 et
1029 2615 1179 2698 expedite

72 2717 172 2804 ubsque
188 2722 256 2788 ulla
272 2721 508 2788 condicionem
519 2727 721 2806 perpetuum,
732 2721 973 2787 remittentibus
990 2722 1082 2788 nobis
1098 2719 1122 2786 J
1124 2723 1179 2788 ad·

70 2829 169 2896 ratinis
183 2851 293 2896 omues
310 2828 451 2896 offensae
467 2828 655 2914 preteritas,
672 2806 933 2894 etassecurando
950 2847 1004 2893 eos
1021 2830 1054 2894 in
1070 2851 1179 2914 perso·

71 2936 109 3001 uis
122 2943 151 3004 et
166 2939 291 3022 harere,
308 2943 342 3003 et
358 2937 502 3002 dimittet
519 2931 613 3002 nobis
630 2937 712 3001 alias
730 2933 883 3002 Civitatis
900 2934 1080 3020 sclavanie,
1097 2959 1179 3021 quas

22 3128 26 3134 Ι
70 3049 203 3126 tenemus,
213 3045 328 3126 libere,
340 3046 449 3126 quiete
460 3049 492 3108 et
502 3044 627 3124 absque
644 3042 711 3108 ulla
727 3044 917 3110 condicione
928 3047 962 3111 in
977 3054 1169 3132 perpetuum

70 3154 258 3219 renunciante
275 3154 347 3239 ipso
363 3173 479 3236 prose,
495 3150 669 3216 heredibus
686 3158 718 3216 et
735 3153 978 3219 successoribus
995 3156 1062 3221 suis
1078 3157 1179 3220 omni·

70 3256 116 3322 hus
129 3260 257 3342 iuribus,
284 3283 349 3346 que
366 3260 661 3343 quomodocunque
677 3259 798 3326 diceret
814 3261 865 3325 rel
880 3271 991 3345 posset
1006 3261 1127 3328 habere
1143 3264 1178 3328 in

69 3361 158 3432 dedra
179 3375 212 3433 et
228 3366 423 3434 Civitatibus
447 3366 655 3449 supradictis,
670 3366 796 3449 possint
812 3370 917 3433 nostri
934 3368 1178 3436 Ambaxatores

69 3473 91 3536 ei
111 3477 295 3557 promittere
311 3497 414 3560 usque
431 3473 474 3541 ad
491 3495 649 3539 summam
667 3471 694 3538 Ο
711 3474 800 3539 mille
833 3475 1035 3557 ducatorum,
1068 3483 1101 3542 et
1118 3499 1177 3561 pru

70 3577 233 3648 Beronibus
258 3582 409 3667 expedire
436 3601 539 3666 usque
565 3579 607 3647 ad
633 3581 708 3646 XX
725 3581 813 3648 mille
830 3583 974 3664 (inustae,
991 3584 1041 3648 rel
1058 3584 1177 3650 abinde

69 3685 138 3755 infra
151 3699 246 3775 prout
262 3692 377 3756 melius
392 3696 571 3775 poterunt..

157 3797 317 3884 Capta:
343 3799 388 3864 Et
408 3800 436 3864 si
451 3799 514 3862 hoc
531 3797 677 3864 obtinere
694 3819 759 3862 nou
774 3807 907 3881 possent
924 3799 963 3864 de
979 3799 1004 3866 J
1006 3799 1089 3866 adra
1106 3821 1177 3866 curn

71 3902 128 3970 aliis
149 3909 243 3972 terris
260 3907 366 3991 simul,
391 3906 528 3991 possint,
545 3905 644 3970 dante
664 3904 735 3988 ipso
751 3906 845 3973 nobis
862 3908 886 3972 J
888 3909 1001 3974 adram
1019 3929 1091 3973 cum
1108 3931 1179 3992 per-

71 4011 207 4098 tiuentiie,
231 4021 271 4081 ut
287 4022 336 4079 est
361 4015 485 4080 dietum
503 4034 610 4096 supra,
628 4012 812 4098 expendere
827 4035 930 4098 usque
946 4015 988 4080 ad
1004 4013 1072 4080 LX
1088 4015 1177 4081 mille

71 4117 195 4202 ducatos,
211 4132 243 4189 et
258 4123 294 4188 X
304 4123 393 4188 mille
409 4144 472 4207 pro
489 4121 686 4203 Beronibus,
697 4122 746 4187 rel
763 4123 882 4189 abinde
899 4124 983 4190 iufra
1000 4133 1096 4207 prout
1112 4145 1175 4188 rue-

70 4224 118 4290 lius
131 4237 286 4312 poterunt.

160 4337 315 4424 ttrrpta:
342 4339 408 4406 seu
425 4341 452 4405 si
469 4343 540 4407 Rex
558 4363 620 4409 uon
638 4341 735 4407 vellet
752 4365 785 4406 se
803 4344 1020 4409 intromittere
1038 4343 1077 4408 do
1096 4343 1173 4408 drun-

70 4437 104 4504 do
118 4444 200 4511 nobis
216 4447 548 4532 .1a‹h·an1pe1·m0d0s
565 4448 670 4514 dictos
686 4451 843 4532 superius,
860 4456 893 4514 et
908 4453 1011 4515 nostri
1027 4451 1174 4516 obtinere

59 4563 190 4634 possent,
205 4555 288 4640 quod
306 4557 377 4642 ipse
394 4555 523 4625 uerteret
540 4563 571 4622 ot
591 4555 785 4622 transferret
802 4579 840 4621 ar
856 4559 1064 4626 renunciaret
1081 4560 1173 4628 notris
