3166 5256
715 302 950 349 nrrnouaozrur
974 293 1142 352 nuntnnu.

912 596 963 656 83.

380 755 437 820 VI.
452 755 601 819 Kelemeo
613 759 708 840 pcipe
719 753 1042 841 Leupyelorszu'puok
1058 777 1139 818 asoa
1156 755 1281 834 re'saeit,
1293 712 1442 840 melyeloet
1451 757 1496 820 De

373 863 563 930 Carceribu's
578 864 743 943 Galbarol,
754 865 785 927 e's
796 863 937 928 Gorua'zi
947 863 1042 927 Pc'tcr
1058 863 1197 950 apostoli
1213 865 1497 928 orcrroirrsolr1339.
1575 907 1577 949 ἰ

421 971 554 1057 epybdai
569 971 846 1036 interdictoremal
871 971 1042 1056 sujtuttolo,
1058 994 1089 1034 ez
1106 971 1173 1072 alell
1182 970 1345 1056 fulmenti.
1365 975 1459 1036 1345.
1576 997 1577 1002 ¹

483 1129 634 1198 Clemens
650 1130 834 1214 Episcopus
859 1137 919 1196 etc
951 1129 1128 1196 venerabili
1143 1129 1264 1206 fratri.
1280 1181 1288 1196 .
1306 1181 1313 1196 .
1337 1131 1497 1214 Episcopo

291 1253 294 1256 ·
377 1236 645 1303 wladislaviensi
660 1238 798 1303 salutem
814 1245 873 1304 eto.
890 1236 1005 1323 Nuper
1021 1228 1208 1304 carissimus
1221 1239 1254 1302 in
1272 1237 1405 1304 Christo
1420 1239 1498 1302 lilius

373 1351 486 1412 noster
501 1345 690 1434 Kazimirus
717 1345 791 1412 Rex
817 1346 955 1413 Polonie
985 1347 1124 1412 illustris
1140 1347 1235 1413 nobis
1251 1329 1311 1412 sna
1328 1347 1406 1412 fecit
1421 1347 1495 1430 peti·
1571 1377 1577 1436 3

381 1454 471 1521 tione
487 1457 673 1534 monstrari,
690 1456 777 1538 quod
793 1455 870 1520 olim
895 1456 1097 1539 temporibus
1113 1478 1314 1539 guerrarum,
1332 1477 1398 1538 que
1423 1456 1500 1520 inter

379 1559 485 1645 ipsum
502 1567 651 1644 exparte
667 1583 740 1643 una,
765 1570 798 1628 et
824 1562 959 1628 dilectos
984 1563 1069 1629 filios
1092 1613 1099 1628 .
1124 1615 1131 1628 .
1154 1613 1162 1628 .
1185 1563 1432 1647 Magistrum-et
1446 1563 1500 1626 tra

380 1677 449 1733 tres
464 1666 592 1733 Domus
608 1667 795 1751 Hospitalis
811 1669 914 1736 Beate
930 1671 1038 1737 Marie
1057 1670 1333 1736 Theutonioorum
1348 1670 1392 1736 de
1408 1670 1497 1734 Prns·
1575 1665 1577 1724 ἓ

378 1779 428 1843 sia
444 1794 484 1842 ex
500 1775 614 1859 altera,
644 1778 786 1858 peccatis
818 1776 1022 1861 exigentibus
1046 1777 1249 1864 ingruebant,
1264 1779 1414 1843 Ducatns
1427 1777 1497 1850 Bne

376 1883 494 1950 stensis
519 1887 552 1948 et
567 1882 837 1967 Radzeyoriensis
860 1891 916 1950 tue
931 1884 1225 1968 wladislaviensis,
1242 1886 1498 1956 acDobrinensis
1575 1887 1577 1968 ξ

377 1999 411 2058 et
425 1991 618 2057 Polocensis
635 1988 822 2055 Diooesium
849 1992 882 2056 in
908 1991 1024 2074 Regno
1050 2014 1109 2057 suo
1126 1991 1263 2058 Polouie
1278 1995 1494 2069 consistentes
1574 2025 1577 2080 ἲ

378 2121 459 2184 quos
475 2105 553 2165 tunc
569 2099 649 2163 dicti
665 2098 825 2182 Magister
842 2105 875 2165 et
890 2099 1011 2166 fratres
1042 2102 1197 2167 tenebant
1210 2100 1356 2167 indebite
1372 2121 1498 2183 occupa
1575 2083 1577 2148 ἶ

376 2214 437 2285 tos,
454 2227 513 2290 per
529 2204 749 2272 venerabilem
765 2205 903 2272 fratrem
919 2212 1065 2271 nostrum
1085 2205 1289 2275 Galhardum
1305 2209 1496 2292 Episcopum

379 2314 666 2398 vesprimiensem,
690 2318 769 2378 tuno
795 2313 1002 2397 Propositum
1028 2313 1207 2380 Titulensis
1224 2313 1413 2382 Oolooensis
1429 2292 1498 2378 Dio-

378 2424 469 2503 cesis,
480 2427 512 2487 et
537 2420 690 2486 dilectum
720 2418 822 2483 filium
846 2419 982 2485 Petrum
1007 2417 1159 2503 Gervasij
1178 2418 1379 2488 Canonioum
1397 2422 1499 2488 Anici·
1575 2449 1577 2494 ε

333 2565 342 2573 -
379 2531 465 2596 ensis
479 2528 713 2608 Ecclesiarum
728 2526 922 2610 Apostolice
938 2525 1034 2592 Sedis
1049 2527 1084 2590 in
1099 2525 1257 2594 Partibus
1273 2528 1499 2614 illisNuncios,
1575 2513 1577 2574 l

381 2645 415 2703 ot
431 2635 618 2721 specialiter
633 2633 831 2700 auctoritate
855 2632 1051 2718 Apostolica
1076 2654 1173 2717 super
1188 2635 1250 2700 hoo
1266 2636 1445 2722 delegatos
1458 2656 1499 2700 ec·

380 2743 562 2810 clesiastioo
589 2741 749 2824 suppositi
774 2738 897 2806 fuerint
922 2741 1051 2809 ratione
1077 2743 1300 2827 occupationis
1315 2743 1498 2822 huiusmodi,
1575 2731 1577 2818 l

382 2851 531 2934 exigente
562 2847 698 2927 iustitia,
729 2847 903 2914 interdicto
936 2848 996 2915 stb.
1038 2847 1122 2914 (lum
1153 2855 1262 2916 autem
1293 2849 1500 2936 prenominati

381 2957 544 3042 Magister
559 2962 592 3022 et
607 2955 737 3037 fratres,
756 2955 879 3020 saniori
903 2956 992 3021 duoti
1018 2957 1161 3038 consilio,
1178 2957 1283 3022 dictos
1300 2958 1448 3024 Ducatus
1460 2978 1501 3020 re

381 3065 565 3133 stituendos
581 3063 736 3129 duxerint
752 3065 812 3130 stb.
829 3064 920 3131 nobis
945 3063 1092 3148 prefatus
1119 3063 1193 3129 Rex
1209 3065 1376 3131 humiliter
1393 3064 1501 3148 suppli·
1576 3077 1577 3080 ’

382 3176 477 3253 cavit,
507 3179 545 3238 ut
574 3172 785 3238 interdictum
815 3173 996 3256 predictum
1026 3172 1185 3238 mandare
1209 3173 1354 3238 relaxari
1380 3174 1439 3238 stb.
1463 3171 1499 3236 de
1576 3207 1577 3210 κ

382 3281 586 3364 benignitate
601 3277 796 3364 Apostolioa
812 3279 1032 3362 dignaremur.
1048 3279 1117 3346 Nos
1133 3281 1195 3346 stb.
1212 3280 1395 3364 predictum
1410 3283 1500 3346 inter-

382 3390 505 3456 dictum
529 3389 679 3453 relaxare
706 3389 903 3455 auctoritate
927 3395 1041 3455 nostra
1064 3389 1125 3454 stb.
1149 3388 1282 3473 plenam
1307 3388 1500 3455 fraternitati

383 3509 437 3565 tue
454 3498 658 3564 concedimus
674 3502 788 3562 tenore
803 3499 1002 3581 presentium
1020 3503 1222 3582 potestatem.
1238 3498 1365 3565 Datum
1378 3497 1502 3563 Aninio
1575 3529 1577 3540 ι

383 3631 424 3676 ne
439 3609 533 3674 nonis
550 3604 753 3688 Septembris
769 3605 983 3672 Pontificatus
997 3608 1104 3673 nostri
1120 3628 1206 3672 anno
1223 3612 1352 3690 quarto.

706 3771 764 3830 (VI.
775 3769 909 3821 Kelemen
922 3771 996 3834 ptpa
1007 3768 1198 3834 regestriibbl.)
