3220 5262
727 371 963 416 urrnounczrm
981 359 1147 415 surianus.
1213 390 1219 400 ι

909 661 985 722 451.

379 825 571 890 Beninteadi
588 826 831 908 ccrrcelldrnak,
845 825 892 888 tir
912 847 933 887 a
950 821 1103 886 celericzei
1129 821 1342 910 kdztdrscsdp
1358 821 1490 886 bdoetuelr
1583 865 1584 882 2

494 934 575 998 kield
593 933 617 996 l.
637 932 1279 1020 19]((9919999919199191999199119199.
1306 932 1399 994 1364.

485 1091 647 1160 Comissio
663 1094 838 1179 saprientis
855 1092 918 1158 viri
934 1091 1069 1157 Domini
1095 1089 1295 1156 Benintendi
1311 1089 1493 1156 honorabilis

377 1201 573 1285 Cancellarij
592 1202 832 1282 Veneciarium,
843 1199 1078 1266 Ambaxatoris
1096 1197 1139 1264 ad
1154 1197 1371 1264 Dominorum
1383 1199 1492 1282 Regem
1582 1177 1585 1190 ¹

378 1310 563 1394 Hungarie.

487 1416 558 1484 Nos
578 1419 780 1484 Laureucius
806 1416 896 1483 Celsi
921 1418 975 1484 dei
991 1417 1104 1501 gracia
1119 1416 1198 1481 Dux
1214 1415 1431 1484 Veueciarum
1445 1424 1494 1483 etc
1582 1411 1585 1506 3

379 1526 620 1593 Committimus
631 1527 691 1592 tibi
703 1527 844 1610 sapienti
862 1533 894 1591 et
911 1525 1147 1608 circumspecto
1171 1524 1240 1589 viro
1255 1523 1448 1590 Benintendi
1462 1525 1495 1590 de
1583 1521 1584 1526 ’

378 1635 583 1719 Rarignauis
609 1633 817 1701 Cancellario
842 1641 875 1700 et
899 1633 988 1698 fideli
1004 1641 1116 1699 nostro
1133 1632 1271 1699 dilecto:
1290 1632 1385 1718 Quod
1401 1634 1439 1699 de
1453 1655 1495 1697 uo·
1583 1671 1585 1678 ·

380 1748 448 1810 stro
465 1743 620 1812 mandato
646 1745 681 1808 in
710 1741 969 1810 Ambaratorem
990 1748 1140 1808 nostrum
1155 1743 1203 1806 ire
1220 1741 1341 1808 debeas
1358 1743 1401 1807 ad
1417 1740 1497 1806 Sere·
1583 1797 1584 1802 ,

379 1854 548 1919 nissimum
559 1851 921 1919 etExcellentissimrun
931 1851 1117 1936 Principem
1133 1850 1497 1917 dominumLudovicum

380 1963 507 2047 Regem
523 1961 717 2044 Hnugarie;
742 1982 808 2044 quo
825 1982 864 2026 ex
880 1966 976 2046 parte
992 1965 1106 2026 nostra
1127 1959 1344 2026 amicabiliter
1361 1959 1496 2040 salutato,
1581 1993 1585 2042 f

381 2076 481 2154 prout
506 2072 657 2134 convenit
681 2091 831 2154 expones,
857 2068 945 2153 quod
970 2067 1139 2134 intellecta
1159 2069 1369 2151 responsione
1385 2067 1498 2150 providi
1583 2105 1585 2152 3

380 2178 440 2243 viri
457 2179 613 2244 Bartholi
628 2175 727 2243 Ursio
744 2179 877 2246 Notarii
893 2179 1006 2260 nostri,
1032 2182 1064 2242 et
1089 2175 1190 2260 ipsius
1207 2176 1332 2241 domini
1346 2175 1444 2260 Regis
1459 2195 1499 2238 re·
1584 2221 1585 2224 ,

380 2285 556 2370 quisicione
573 2305 670 2368 super
687 2284 911 2350 deelaracione
923 2283 1066 2350 clausule
1083 2289 1117 2348 et
1133 2288 1274 2363 econtra,
1291 2305 1388 2367 quam
1404 2283 1498 2348 decla
1583 2269 1585 2294 ³

379 2395 553 2477 racionem,
569 2395 653 2462 sicut
669 2395 795 2474 asserit,
821 2414 885 2458 non
911 2392 1053 2458 intendit
1068 2393 1151 2456 verti
1168 2393 1202 2457 in
1218 2391 1353 2475 aliquod
1369 2391 1500 2476 prejudi·

382 2502 466 2568 cium
491 2503 540 2569 vel
568 2503 818 2588 derogacionem
844 2501 1055 2585 antiquorum
1071 2499 1229 2580 ordinum,
1245 2501 1501 2565 consuetudinum
1583 2523 1584 2532 ¹

383 2619 416 2676 et
427 2611 695 2695 jurisdiccionum
712 2618 920 2692 nostrarum
944 2609 1183 2695 respondemus,
1194 2609 1282 2692 quod
1297 2609 1374 2676 licet
1390 2630 1451 2692 pax
1465 2608 1501 2671 sit

383 2719 570 2786 solemniter
594 2721 715 2805 scripta
740 2725 773 2785 et
798 2718 896 2799 facta,
917 2720 1000 2785 sieut
1016 2718 1138 2783 dictum
1155 2723 1204 2782 est
1220 2717 1321 2798 alias,
1344 2723 1452 2782 tamen
1467 2715 1500 2781 ob
1580 2703 1585 2716 ⁴

382 2828 601 2893 reverenciam
627 2827 817 2912 Majestatis
845 2824 931 2907 Sue,
945 2826 998 2891 cui
1014 2823 1168 2891 vellemus
1184 2825 1219 2888 in
1236 2825 1360 2890 cunctis
1375 2823 1502 2909 possibi-

382 2938 467 3003 libus
484 2936 697 3019 complacere,
713 2942 889 3020 postquam
906 2936 976 3020 ejus
992 2934 1134 2999 intencio
1151 2939 1208 3013 est,
1224 2940 1260 2998 ut
1278 2955 1376 3018 supra
1388 2932 1502 3010 dicitur,

383 3043 527 3110 contenti
543 3065 661 3128 sumus,
687 3043 775 3126 quod
801 3043 987 3108 inveniatur
1002 3062 1099 3125 super
1115 3042 1178 3106 hoc
1193 3041 1311 3126 aliquis
1327 3043 1428 3108 bonus
1444 3061 1502 3106 mo·
1583 3029 1585 3102 ἶ

384 3154 454 3237 dua,
470 3153 524 3236 qui
541 3160 708 3219 conservet
725 3153 882 3218 honorem
894 3173 984 3216 suum
998 3157 1031 3216 et
1042 3157 1201 3234 nostrum,
1216 3173 1275 3236 per
1292 3173 1386 3236 quem
1398 3151 1463 3235 ipse
1478 3157 1503 3212 et
1583 3151 1585 3212 ἶ

383 3282 442 3327 nos
458 3284 496 3327 ac
512 3263 635 3345 posteri
651 3262 754 3328 nostri
781 3262 880 3326 simus
905 3282 1032 3344 semper
1049 3261 1130 3340 clari
1147 3266 1181 3324 et
1197 3261 1312 3342 securi,
1330 3260 1415 3344 quod
1431 3259 1505 3326 auti-

386 3371 442 3452 qui
458 3370 594 3436 ordines
614 3377 648 3436 et
670 3371 918 3455 jurisdiceioues
942 3369 1113 3452 utriusque
1138 3369 1243 3453 partis
1260 3369 1326 3434 sint
1343 3370 1437 3450 salse,
1452 3387 1504 3431 nec

385 3480 432 3542 ois
449 3478 583 3562 aliquod
599 3479 817 3563 prejudicium
834 3484 1015 3562 generetur.
1031 3479 1078 3543 Et
1094 3480 1121 3542 si
1137 3477 1209 3544 Rex
1225 3476 1391 3543 videretur
1407 3477 1505 3559 dispo·
1583 3559 1584 3564 ἵ

388 3589 469 3652 situs
486 3586 529 3654 ad
545 3588 636 3654 illam
647 3588 865 3653 intencionem
882 3594 1038 3668 nostram,
1048 3587 1154 3670 possit
1169 3586 1315 3669 ellargiri
1330 3593 1361 3651 et
1378 3585 1446 3652 fieri
1461 3584 1506 3648 de·
1583 3599 1585 3616 ’

386 3697 528 3762 claracio
544 3697 578 3759 in
593 3695 701 3761 l'orma
717 3695 799 3760 alias
816 3697 916 3760 missa
932 3701 966 3760 et
982 3694 1096 3761 oblata
1106 3715 1166 3779 per
1182 3695 1323 3776 litterae,
1341 3697 1392 3760 vel
1408 3695 1434 3758 si
1449 3713 1506 3758 nou

386 3811 630 3872 contentaretur
647 3804 688 3869 (19
704 3802 945 3887 litteris,possit
957 3801 1129 3869 reformari
1141 3825 1207 3886 pax
1222 3803 1257 3867 in
1272 3802 1394 3869 eisdem
1409 3801 1507 3868 verbis
1581 3783 1585 3836 i

387 3925 420 3980 et
436 3913 541 3980 forma
556 3934 618 3997 que
629 3912 835 3977 continentur
845 3911 880 3975 in
891 3911 1020 3976 litteris.
1038 3909 1073 3978 si
1090 3933 1167 3978 uero
1183 3911 1256 3976 Rex
1271 3931 1335 3980 non
1352 3919 1507 3978 content·
1583 3897 1585 3920 ³

385 4029 477 4089 retur
493 4022 533 4087 de
549 4021 612 4086 hac
627 4027 742 4086 nostra
757 4019 946 4101 intentione,
963 4027 1040 4086 tuuc
1056 4021 1216 4104 nolumus,
1234 4019 1322 4104 quod
1339 4021 1463 4104 elarges
1477 4025 1506 4083 te

386 4133 428 4200 ad
453 4131 606 4215 aliquod,
624 4131 680 4195 sed
696 4130 808 4196 trahes
833 4129 964 4196 finalem
988 4130 1208 4197 intencionem
1224 4150 1326 4214 suam,
1343 4137 1377 4196 et
1401 4130 1507 4196 dextro

387 4241 483 4308 modo
508 4259 625 4325 queras
654 4240 695 4305 (19
720 4259 820 4304 causa
837 4238 938 4323 dubij,
953 4261 1014 4322 pro
1031 4262 1096 4323 qua
1110 4241 1197 4325 petit
1212 4240 1251 4306 (19
1266 4241 1416 4324 predicta
1430 4240 1509 4305 clau·
1582 4211 1585 4292 l

388 4353 468 4418 sula.
483 4351 529 4418 Et
545 4349 579 4416 id
596 4349 683 4434 quod
700 4348 855 4416 habueris
868 4348 1040 4431 rescribas,
1056 4347 1230 4428 rescribas
1240 4350 1292 4416 vel
1302 4347 1425 4431 redeas,
1436 4347 1508 4414 sicut

388 4460 554 4546 sapiencie
569 4466 624 4525 tue
640 4458 756 4524 melius
773 4456 946 4522 ridebitur.

1583 4123 1585 4208 l

494 4568 546 4636 De
562 4567 650 4633 facto
667 4567 745 4633 salis
763 4566 814 4631 sui
826 4565 952 4632 emendi
963 4586 1021 4653 per
1031 4572 1179 4636 nostrum
1190 4565 1367 4635 Commune
1382 4567 1432 4633 rel
1448 4587 1511 4652 spe·
1583 4571 1584 4574 ’
