3166 5256
604 537 654 598 71.

74 695 253 760 Avolenczei
279 696 555 782 homonymum
579 699 771 784 elhalaeztja
797 723 818 763 a
835 699 1045 784 kaidrnapot,
1062 701 1181 788 melyro

1 797 2 826 ,
157 806 358 889 Franyepcin
374 805 540 870 Berialan
560 805 744 872 Velenczebe
760 805 973 892 meyhivaiott.
996 808 1093 873 1345.

1 1031 2 1064 ᾖ
163 959 260 1026 Anno
291 959 530 1032 MOGOXLV.
564 962 617 1030 die
648 959 727 1032 VII.
759 963 862 1031 Junii.
900 963 1058 1050 Copto:
1084 965 1179 1050 Quod

74 1067 177 1134 Coniti
191 1068 355 1136 Bartholo
373 1071 413 1135 de
429 1071 547 1157 Vogla,
572 1071 629 1155 qui
653 1071 742 1138 misit
757 1070 801 1138 ad
815 1094 873 1138 nos
905 1094 997 1140 suum
1012 1071 1178 1142 Amboxa·

74 1183 170 1255 torem,
185 1176 408 1261 supplicando,
434 1176 522 1261 quod
547 1177 758 1263 dignaremur
783 1180 812 1244 ei
836 1179 990 1264 elongare
1006 1183 1178 1248 terminum

1 1273 2 1359 ζ
70 1283 202 1350 veniendi
217 1284 260 1350 ad
276 1291 426 1352 nostram
450 1285 658 1369 presentiam,
683 1287 740 1371 qui
755 1287 914 1354 terminus
933 1293 1004 1353 erat
1020 1289 1062 1354 od
1077 1287 1176 1356 Sono-

69 1391 284 1473 tunPetrum;
300 1393 472 1476 elongetur
482 1390 543 1458 sibi
560 1391 665 1460 dietus
681 1392 951 1481 terminusuoque
966 1395 1009 1462 ad
1019 1392 1177 1463 Sanctum

1 1531 2 1612 ἐ
70 1493 247 1566 Michaelem
262 1501 414 1584 proxime
429 1505 607 1566 venturum.

160 1657 195 1720 (A
209 1659 320 1713 ›men‹
335 1663 427 1714 ozimi
438 1662 576 1716 velenozei
589 1663 815 1730 ellamkonyvbol
828 1663 933 1716 xxm.
947 1663 1107 1728 kentero.)

535 1843 696 1855 -ι--ι-ιι

590 2077 639 2138 72.

1 2231 2 2247 ¹
101 2248 298 2316 nooman
313 2253 592 2339 komonytanoos
607 2253 761 2320 noveno
777 2253 860 2319 rozo
876 2256 944 2322 no
957 2255 1138 2324 normann

1 2379 2 2395 ¹
479 2359 630 2445 sb'urkoz.
656 2359 752 2424 1345.

157 2513 257 2583 Anno
282 2513 522 2585 MOGOXLV.
548 2517 600 2582 die
625 2515 743 2586 XVII.
767 2516 871 2584 Junii.
895 2517 1056 2604 Capto:
1080 2521 1178 2606 Quod

64 2625 220 2690 oocnxione
246 2626 386 2690 istorum
411 2644 566 2690 novorum
593 2623 765 2690 Solanonie
796 2627 900 2692 nostri
915 2627 1107 2694 Provisores
1123 2629 1177 2694 de-

62 2730 149 2796 beant
162 2732 317 2799 reoedere
333 2732 421 2795 omni
447 2733 621 2796 oooaxione
646 2737 773 2797 remota
797 2731 850 2798 die
866 2733 941 2800 lune
958 2757 1017 2819 per
1033 2735 1128 2814 diem,
1144 2741 1178 2802 et

64 2840 213 2906 solicitare
229 2842 297 2906 iter
321 2859 422 2903 suum.
446 2839 494 2904 Et
518 2837 552 2902 in
577 2837 753 2904 continenti
779 2839 970 2922 expediatur
993 2839 1118 2908 barcho
1134 2841 1176 2909 de

65 2945 213 3026 Sibenioo,
230 2967 295 3031 que
311 2944 401 3010 venit
417 2965 490 3010 oum
505 2943 605 3025 novio,
620 2943 780 3010 mittendo
805 2945 934 3014 litteras
951 2946 1122 3014 Comitiooe
1138 2947 1179 3014 de

64 3051 178 3119 Tenino
196 3061 230 3119 et
244 3053 325 3132 filio,
339 3049 551 3118 confortando
567 3070 624 3116 eos
641 3052 851 3136 compuleris
868 3053 984 3136 verbio,
1002 3053 1083 3119 sieut
1093 3054 1179 3120 vide·

61 3160 148 3243 bitur,
163 3169 195 3226 et
213 3159 356 3228 dicendo
373 3159 412 3225 de
429 3158 549 3225 nostris
575 3157 814 3240 Provisoribus,
831 3180 912 3241 quos
937 3161 972 3226 in
997 3161 1178 3226 continenti

61 3268 203 3334 mittimus
230 3267 274 3334 ad
298 3268 387 3351 ipses
419 3271 533 3350 peries
564 3264 739 3332 Solanonie
754 3285 814 3350 pro
830 3265 942 3334 favore
960 3273 993 3333 et
1008 3288 1176 3337 conserva·

61 3375 139 3440 cione
154 3398 267 3442 eorum
285 3381 318 3440 et
333 3380 483 3441 eontrate
498 3373 533 3438 in
548 3371 633 3440 omni
650 3393 697 3453 eo,
714 3372 801 3457 qnod
816 3395 875 3458 per
891 3394 948 3440 nos
959 3374 1030 3440 fieri
1046 3376 1175 3459 poterii,

63 3485 89 3545 ei
101 3484 270 3565 procurari
286 3504 360 3548 oum
375 3482 497 3548 honore
512 3486 632 3546 nostro.
648 3479 693 3546 nt
709 3479 859 3547 similiter
875 3480 1036 3549 scribatur
1052 3483 1179 3550 nostrin

61 3593 147 3658 terris
164 3591 349 3674 Solanonie,
367 3597 401 3656 et
415 3591 591 3657 mandetur
607 3587 632 3655 J
633 3587 779 3656 acobello
805 3589 951 3660 Venerio
967 3588 1107 3658 Notario
1123 3612 1178 3659 no·

61 3703 127 3781 etro,
142 3700 199 3782 qni
215 3706 266 3765 est
282 3700 316 3764 in
333 3699 413 3782 ipsis
429 3696 587 3780 partibus,
604 3696 691 3780 quod
715 3696 785 3781 ipse
809 3698 910 3764 vadet
926 3704 960 3765 et
974 3697 1176 3781 loquendum

60 3825 120 3870 enm
135 3804 263 3872 Comito
289 3803 462 3890 Gregorio,
480 3811 514 3871 et
537 3823 611 3870 eum
635 3804 813 3871 Comitissa
842 3803 882 3872 de
910 3803 1045 3888 Tenino,
1061 3812 1094 3872 et
1110 3806 1179 3872 eius

57 3910 122 3991 filio,
139 3921 172 3980 et
189 3913 265 3979 aliis
282 3911 479 3994 Comitibuo,
495 3914 552 3996 qui
568 3912 763 3978 videbuntur
789 3913 909 3980 nostris
925 3911 1122 3980 Rectoribus
1138 3933 1178 3977 ex

55 4025 136 4100 parte
154 4027 268 4088 nostra
283 4021 490 4102 verbotenus,
516 4020 560 4086 ed
584 4020 800 4086 inducendum
828 4042 883 4086 eos
899 4020 942 4088 ad
958 4020 1179 4088 conservacio-

56 4146 119 4192 nem
133 4134 166 4194 et
180 4128 305 4194 bonnm
332 4132 499 4209 contraite,
525 4132 559 4192 et
584 4125 720 4193 dicendo
746 4125 786 4192 de
810 4127 931 4192 nostris
947 4127 1178 4194 Provisoribus

57 4233 93 4300 ad
109 4235 196 4319 ipsas
211 4242 333 4319 portes,
349 4234 406 4319 qui
421 4235 455 4300 in
470 4235 650 4300 continenti
676 4234 809 4300 veniunt
825 4234 868 4300 ad
882 4233 972 4320 ipses
987 4239 1100 4325 portes
1116 4253 1176 4320 pro

53 4336 131 4408 bono
146 4347 179 4408 et
194 4340 446 4410 conservacione
460 4341 563 4426 ipsine
579 4345 729 4408 oontrnte
755 4338 939 4407 Solanonie.

153 4503 187 4568 (A
202 4504 312 4562 ›nisti‹
328 4504 421 4554 ozimi
433 4501 571 4555 velenozei
585 4501 814 4568 illamkbnyvbol
828 4501 935 4555 xxm.
948 4501 1007 4554 koo.
1022 4507 1064 4552 30.
1079 4501 1146 4571 lev.)

975 4599 1000 4632 h

530 4642 689 4656 —u—
