<?xml version="1.0" encoding="UTF-8"?>
<!DOCTYPE html PUBLIC "-//W3C//DTD XHTML 1.0 Transitional//EN"
    "http://www.w3.org/TR/xhtml1/DTD/xhtml1-transitional.dtd">
<html xmlns="http://www.w3.org/1999/xhtml" xml:lang="en" lang="en">
 <head>
  <title>
</title>
<meta http-equiv="Content-Type" content="text/html;charset=utf-8" />
  <meta name='ocr-system' content='tesseract 3.04.00' />
  <meta name='ocr-capabilities' content='ocr_page ocr_carea ocr_par ocr_line ocrx_word'/>
</head>
<body>
  <div class='ocr_page' id='page_1' title='image "./magyardiplomacz01wenzgoog_0111.png"; bbox 0 0 3166 5256; ppageno 0'>
   <div class='ocr_carea' id='block_1_1' title="bbox 600 357 1205 422">
    <p class='ocr_par' dir='ltr' id='par_1_1' title="bbox 600 357 1205 422">
     <span class='ocr_line' id='line_1_1' title="bbox 600 357 1205 422; baseline -0.003 -4"><span class='ocrx_word' id='word_1_1' title='bbox 600 359 694 422; x_wconf 87' lang='lat'>1345.</span> <span class='ocrx_word' id='word_1_2' title='bbox 1165 357 1205 416; x_wconf 81' lang='lat'>75</span> 
     </span>
    </p>
   </div>
   <div class='ocr_carea' id='block_1_2' title="bbox 5 513 1211 2532">
    <p class='ocr_par' dir='ltr' id='par_1_2' title="bbox 5 513 1211 940">
     <span class='ocr_line' id='line_1_2' title="bbox 5 513 1206 618; baseline -0.002 -18"><span class='ocrx_word' id='word_1_3' title='bbox 5 513 7 528; x_wconf 50' lang='lat'><strong>¹</strong></span> <span class='ocrx_word' id='word_1_4' title='bbox 106 537 336 616; x_wconf 77' lang='lat' dir='ltr'>subrencionem</span> <span class='ocrx_word' id='word_1_5' title='bbox 351 534 561 618; x_wconf 74' lang='lat' dir='ltr'>provideatur</span> <span class='ocrx_word' id='word_1_6' title='bbox 577 536 661 601; x_wconf 88' lang='lat' dir='ltr'>sicut</span> <span class='ocrx_word' id='word_1_7' title='bbox 685 534 785 601; x_wconf 86' lang='lat' dir='ltr'>fuerit</span> <span class='ocrx_word' id='word_1_8' title='bbox 809 539 1034 618; x_wconf 88' lang='lat' dir='ltr'>opportunum.</span> <span class='ocrx_word' id='word_1_9' title='bbox 1050 531 1097 598; x_wconf 82' lang='lat' dir='ltr'>Et</span> <span class='ocrx_word' id='word_1_10' title='bbox 1112 555 1206 616; x_wconf 84' lang='lat' dir='ltr'>expe·</span> 
     </span>
     <span class='ocr_line' id='line_1_3' title="bbox 5 643 1208 732; baseline -0.002 -22"><span class='ocrx_word' id='word_1_11' title='bbox 5 675 8 732; x_wconf 71' lang='lat'>,</span> <span class='ocrx_word' id='word_1_12' title='bbox 105 644 197 710; x_wconf 81' lang='lat' dir='ltr'>dictur</span> <span class='ocrx_word' id='word_1_13' title='bbox 211 645 314 724; x_wconf 85' lang='lat' dir='ltr'>barca,</span> <span class='ocrx_word' id='word_1_14' title='bbox 331 665 392 725; x_wconf 87' lang='lat' dir='ltr'>que</span> <span class='ocrx_word' id='word_1_15' title='bbox 407 645 495 710; x_wconf 88' lang='lat' dir='ltr'>venit</span> <span class='ocrx_word' id='word_1_16' title='bbox 521 666 593 709; x_wconf 90' lang='lat' dir='ltr'>eum</span> <span class='ocrx_word' id='word_1_17' title='bbox 618 644 739 710; x_wconf 87' lang='lat' dir='ltr'>litteris</span> <span class='ocrx_word' id='word_1_18' title='bbox 764 645 882 709; x_wconf 85' lang='lat' dir='ltr'>nostris</span> <span class='ocrx_word' id='word_1_19' title='bbox 899 643 939 709; x_wconf 88' lang='lat' dir='ltr'>de</span> <span class='ocrx_word' id='word_1_20' title='bbox 955 647 1138 709; x_wconf 90' lang='lat' dir='ltr'>ortamento</span> <span class='ocrx_word' id='word_1_21' title='bbox 1155 664 1208 708; x_wconf 85' lang='lat' dir='ltr'>eo·</span> 
     </span>
     <span class='ocr_line' id='line_1_4' title="bbox 54 749 1211 834; baseline -0.001 -19.041"><span class='ocrx_word' id='word_1_22' title='bbox 54 811 59 825; x_wconf 79' lang='grc'><em>,</em></span> <span class='ocrx_word' id='word_1_23' title='bbox 105 771 173 834; x_wconf 88' lang='lat' dir='ltr'>mm,</span> <span class='ocrx_word' id='word_1_24' title='bbox 185 755 213 815; x_wconf 85' lang='lat' dir='ltr'>et</span> <span class='ocrx_word' id='word_1_25' title='bbox 227 751 270 815; x_wconf 89' lang='lat' dir='ltr'>ad</span> <span class='ocrx_word' id='word_1_26' title='bbox 286 749 475 818; x_wconf 84' lang='lat' dir='ltr'>Provisores</span> <span class='ocrx_word' id='word_1_27' title='bbox 492 751 637 832; x_wconf 87' lang='lat' dir='ltr'>dicendo,</span> <span class='ocrx_word' id='word_1_28' title='bbox 654 773 716 834; x_wconf 89' lang='lat' dir='ltr'>que</span> <span class='ocrx_word' id='word_1_29' title='bbox 748 751 881 817; x_wconf 81' lang='lat' dir='ltr'>fecimus</span> <span class='ocrx_word' id='word_1_30' title='bbox 898 756 932 816; x_wconf 90' lang='lat' dir='ltr'>et</span> <span class='ocrx_word' id='word_1_31' title='bbox 949 751 1055 816; x_wconf 84' lang='lat' dir='ltr'>iacere</span> <span class='ocrx_word' id='word_1_32' title='bbox 1070 749 1211 816; x_wconf 91' lang='lat' dir='ltr'>intendi-</span> 
     </span>
     <span class='ocr_line' id='line_1_5' title="bbox 5 856 971 940; baseline -0.002 -16"><span class='ocrx_word' id='word_1_33' title='bbox 5 895 7 924; x_wconf 57' lang='lat' dir='ltr'>t</span> <span class='ocrx_word' id='word_1_34' title='bbox 102 878 168 938; x_wconf 88' lang='lat' dir='ltr'>mus,</span> <span class='ocrx_word' id='word_1_35' title='bbox 182 865 211 923; x_wconf 88' lang='lat' dir='ltr'>et</span> <span class='ocrx_word' id='word_1_36' title='bbox 225 856 417 923; x_wconf 86' lang='lat' dir='ltr'>solicitando</span> <span class='ocrx_word' id='word_1_37' title='bbox 433 877 486 923; x_wconf 88' lang='lat' dir='ltr'>eos</span> <span class='ocrx_word' id='word_1_38' title='bbox 503 857 536 924; x_wconf 91' lang='lat' dir='ltr'>in</span> <span class='ocrx_word' id='word_1_39' title='bbox 553 857 724 924; x_wconf 88' lang='lat' dir='ltr'>scribendo</span> <span class='ocrx_word' id='word_1_40' title='bbox 741 857 834 924; x_wconf 85' lang='lat' dir='ltr'>uobis</span> <span class='ocrx_word' id='word_1_41' title='bbox 852 858 971 940; x_wconf 88' lang='lat' dir='ltr'>sepius.</span> 
     </span>
    </p>

    <p class='ocr_par' dir='ltr' id='par_1_3' title="bbox 5 931 1208 1698">
     <span class='ocr_line' id='line_1_6' title="bbox 5 931 1208 1050; baseline 0.002 -20"><span class='ocrx_word' id='word_1_42' title='bbox 5 931 7 962; x_wconf 59' lang='grc' dir='ltr'>Ι</span> <span class='ocrx_word' id='word_1_43' title='bbox 191 963 348 1050; x_wconf 82' lang='lat' dir='ltr'>Capta:</span> <span class='ocrx_word' id='word_1_44' title='bbox 367 962 463 1048; x_wconf 82' lang='lat' dir='ltr'>Quod</span> <span class='ocrx_word' id='word_1_45' title='bbox 479 966 640 1032; x_wconf 81' lang='lat' dir='ltr'><strong>scribatur</strong></span> <span class='ocrx_word' id='word_1_46' title='bbox 666 965 787 1032; x_wconf 83' lang='lat' dir='ltr'>Comiti</span> <span class='ocrx_word' id='word_1_47' title='bbox 812 963 900 1032; x_wconf 90' lang='lat' dir='ltr'>Arbi</span> <span class='ocrx_word' id='word_1_48' title='bbox 919 973 953 1031; x_wconf 88' lang='lat' dir='ltr'>et</span> <span class='ocrx_word' id='word_1_49' title='bbox 966 967 1031 1032; x_wconf 93' lang='lat' dir='ltr'>illis</span> <span class='ocrx_word' id='word_1_50' title='bbox 1048 965 1088 1032; x_wconf 92' lang='lat' dir='ltr'>de</span> <span class='ocrx_word' id='word_1_51' title='bbox 1105 965 1208 1050; x_wconf 86' lang='lat' dir='ltr'>Pago,</span> 
     </span>
     <span class='ocr_line' id='line_1_7' title="bbox 5 1049 1208 1174; baseline 0.003 -39"><span class='ocrx_word' id='word_1_52' title='bbox 5 1049 7 1072; x_wconf 70' lang='grc'>’</span> <span class='ocrx_word' id='word_1_53' title='bbox 104 1071 175 1154; x_wconf 90' lang='lat' dir='ltr'>quod</span> <span class='ocrx_word' id='word_1_54' title='bbox 192 1071 216 1138; x_wconf 90' lang='lat' dir='ltr'>si</span> <span class='ocrx_word' id='word_1_55' title='bbox 230 1073 421 1142; x_wconf 74' lang='lat' dir='ltr'>Provisores</span> <span class='ocrx_word' id='word_1_56' title='bbox 452 1074 559 1140; x_wconf 87' lang='lat' dir='ltr'><strong>nostri</strong></span> <span class='ocrx_word' id='word_1_57' title='bbox 583 1075 751 1158; x_wconf 78' lang='lat' dir='ltr'>requirent</span> <span class='ocrx_word' id='word_1_58' title='bbox 767 1093 822 1139; x_wconf 88' lang='lat' dir='ltr'>eos</span> <span class='ocrx_word' id='word_1_59' title='bbox 838 1074 879 1140; x_wconf 87' lang='lat' dir='ltr'>de</span> <span class='ocrx_word' id='word_1_60' title='bbox 896 1073 1038 1140; x_wconf 89' lang='lat' dir='ltr'>subsidio</span> <span class='ocrx_word' id='word_1_61' title='bbox 1053 1076 1208 1174; x_wconf 47' lang='lat' dir='ltr'>gentium,</span> 
     </span>
     <span class='ocr_line' id='line_1_8' title="bbox 101 1179 1207 1266; baseline 0.002 -20.76"><span class='ocrx_word' id='word_1_62' title='bbox 101 1180 172 1264; x_wconf 87' lang='lat' dir='ltr'>quod</span> <span class='ocrx_word' id='word_1_63' title='bbox 186 1181 227 1247; x_wconf 88' lang='lat' dir='ltr'>eis</span> <span class='ocrx_word' id='word_1_64' title='bbox 242 1183 393 1262; x_wconf 74' lang='lat' dir='ltr'>mittant,</span> <span class='ocrx_word' id='word_1_65' title='bbox 409 1190 442 1247; x_wconf 88' lang='lat' dir='ltr'>et</span> <span class='ocrx_word' id='word_1_66' title='bbox 458 1181 607 1248; x_wconf 89' lang='lat' dir='ltr'>similiter</span> <span class='ocrx_word' id='word_1_67' title='bbox 624 1183 651 1246; x_wconf 88' lang='lat' dir='ltr'>si</span> <span class='ocrx_word' id='word_1_68' title='bbox 667 1179 785 1248; x_wconf 84' lang='lat' dir='ltr'>Comes</span> <span class='ocrx_word' id='word_1_69' title='bbox 796 1187 905 1248; x_wconf 88' lang='lat' dir='ltr'>noster</span> <span class='ocrx_word' id='word_1_70' title='bbox 919 1180 1015 1248; x_wconf 84' lang='lat' dir='ltr'>Nono</span> <span class='ocrx_word' id='word_1_71' title='bbox 1025 1183 1207 1266; x_wconf 86' lang='lat' dir='ltr'>requireret</span> 
     </span>
     <span class='ocr_line' id='line_1_9' title="bbox 5 1285 1208 1378; baseline 0 -26"><span class='ocrx_word' id='word_1_72' title='bbox 5 1285 7 1378; x_wconf 75' lang='grc' dir='ltr'>ξ</span> <span class='ocrx_word' id='word_1_73' title='bbox 101 1288 135 1353; x_wconf 85' lang='lat' dir='ltr'>ab</span> <span class='ocrx_word' id='word_1_74' title='bbox 149 1289 196 1368; x_wconf 86' lang='lat' dir='ltr'>eis,</span> <span class='ocrx_word' id='word_1_75' title='bbox 211 1290 344 1355; x_wconf 87' lang='lat' dir='ltr'>mittant</span> <span class='ocrx_word' id='word_1_76' title='bbox 359 1292 406 1369; x_wconf 90' lang='lat' dir='ltr'>ei;</span> <span class='ocrx_word' id='word_1_77' title='bbox 421 1296 453 1354; x_wconf 93' lang='lat' dir='ltr'>et</span> <span class='ocrx_word' id='word_1_78' title='bbox 469 1288 633 1354; x_wconf 82' lang='lat' dir='ltr'>scribatur</span> <span class='ocrx_word' id='word_1_79' title='bbox 650 1290 749 1354; x_wconf 88' lang='lat' dir='ltr'>etiam</span> <span class='ocrx_word' id='word_1_80' title='bbox 766 1288 928 1354; x_wconf 87' lang='lat' dir='ltr'>Potestati</span> <span class='ocrx_word' id='word_1_81' title='bbox 945 1288 1060 1369; x_wconf 78' lang='lat' dir='ltr'>Ferre,</span> <span class='ocrx_word' id='word_1_82' title='bbox 1076 1289 1163 1373; x_wconf 90' lang='lat' dir='ltr'>quod</span> <span class='ocrx_word' id='word_1_83' title='bbox 1179 1291 1208 1353; x_wconf 90' lang='lat' dir='ltr'>si</span> 
     </span>
     <span class='ocr_line' id='line_1_10' title="bbox 5 1395 1207 1484; baseline 0.002 -25"><span class='ocrx_word' id='word_1_84' title='bbox 5 1463 7 1484; x_wconf 29' lang='grc' dir='ltr'>ἰ</span> <span class='ocrx_word' id='word_1_85' title='bbox 99 1395 163 1460; x_wconf 91' lang='lat' dir='ltr'>dicti</span> <span class='ocrx_word' id='word_1_86' title='bbox 178 1395 366 1462; x_wconf 76' lang='lat' dir='ltr'>Prorisores</span> <span class='ocrx_word' id='word_1_87' title='bbox 382 1395 487 1460; x_wconf 83' lang='lat' dir='ltr'>nostri</span> <span class='ocrx_word' id='word_1_88' title='bbox 503 1395 708 1478; x_wconf 84' lang='lat' dir='ltr'>requirerent</span> <span class='ocrx_word' id='word_1_89' title='bbox 723 1395 764 1461; x_wconf 91' lang='lat' dir='ltr'>ab</span> <span class='ocrx_word' id='word_1_90' title='bbox 780 1415 818 1460; x_wconf 93' lang='lat' dir='ltr'>eo</span> <span class='ocrx_word' id='word_1_91' title='bbox 834 1402 973 1480; x_wconf 82' lang='lat' dir='ltr'>gentem,</span> <span class='ocrx_word' id='word_1_92' title='bbox 992 1397 1079 1479; x_wconf 88' lang='lat' dir='ltr'>quod</span> <span class='ocrx_word' id='word_1_93' title='bbox 1095 1399 1207 1462; x_wconf 85' lang='lat' dir='ltr'>mittat</span> 
     </span>
     <span class='ocr_line' id='line_1_11' title="bbox 5 1501 1206 1586; baseline 0.004 -21"><span class='ocrx_word' id='word_1_94' title='bbox 5 1543 7 1582; x_wconf 69' lang='lat'><em>3</em></span> <span class='ocrx_word' id='word_1_95' title='bbox 100 1502 145 1580; x_wconf 87' lang='lat' dir='ltr'>eis,</span> <span class='ocrx_word' id='word_1_96' title='bbox 160 1503 235 1568; x_wconf 87' lang='lat' dir='ltr'>sicut</span> <span class='ocrx_word' id='word_1_97' title='bbox 252 1503 465 1584; x_wconf 85' lang='lat' dir='ltr'>requisierint</span> <span class='ocrx_word' id='word_1_98' title='bbox 480 1503 521 1568; x_wconf 86' lang='lat' dir='ltr'>ab</span> <span class='ocrx_word' id='word_1_99' title='bbox 538 1524 594 1582; x_wconf 88' lang='lat' dir='ltr'>eo;</span> <span class='ocrx_word' id='word_1_100' title='bbox 620 1510 652 1567; x_wconf 86' lang='lat' dir='ltr'>et</span> <span class='ocrx_word' id='word_1_101' title='bbox 668 1503 833 1568; x_wconf 88' lang='lat' dir='ltr'>scribatur</span> <span class='ocrx_word' id='word_1_102' title='bbox 849 1501 1013 1586; x_wconf 88' lang='lat' dir='ltr'>predictis,</span> <span class='ocrx_word' id='word_1_103' title='bbox 1030 1503 1117 1584; x_wconf 88' lang='lat' dir='ltr'>quod</span> <span class='ocrx_word' id='word_1_104' title='bbox 1133 1525 1206 1586; x_wconf 91' lang='lat' dir='ltr'>pro·</span> 
     </span>
     <span class='ocr_line' id='line_1_12' title="bbox 5 1589 777 1698; baseline 0.001 -27"><span class='ocrx_word' id='word_1_105' title='bbox 5 1589 7 1698; x_wconf 51' lang='lat' dir='ltr'>f</span> <span class='ocrx_word' id='word_1_106' title='bbox 100 1608 242 1675; x_wconf 84' lang='lat' dir='ltr'>ridebitur</span> <span class='ocrx_word' id='word_1_107' title='bbox 259 1611 315 1689; x_wconf 90' lang='lat' dir='ltr'>cis,</span> <span class='ocrx_word' id='word_1_108' title='bbox 332 1612 418 1675; x_wconf 89' lang='lat' dir='ltr'>sicut</span> <span class='ocrx_word' id='word_1_109' title='bbox 434 1608 534 1675; x_wconf 83' lang='lat' dir='ltr'>irrerit</span> <span class='ocrx_word' id='word_1_110' title='bbox 550 1616 777 1692; x_wconf 89' lang='lat' dir='ltr'>opportunum.</span> 
     </span>
    </p>

    <p class='ocr_par' dir='ltr' id='par_1_4' title="bbox 5 1713 1208 2532">
     <span class='ocr_line' id='line_1_13' title="bbox 5 1713 1208 1801; baseline 0.002 -21"><span class='ocrx_word' id='word_1_111' title='bbox 5 1783 6 1798; x_wconf 51' lang='lat'>,</span> <span class='ocrx_word' id='word_1_112' title='bbox 188 1715 346 1799; x_wconf 80' lang='lat' dir='ltr'>Capta:</span> <span class='ocrx_word' id='word_1_113' title='bbox 380 1713 476 1799; x_wconf 82' lang='lat' dir='ltr'>Quod</span> <span class='ocrx_word' id='word_1_114' title='bbox 501 1715 666 1801; x_wconf 80' lang='lat' dir='ltr'>eligantur</span> <span class='ocrx_word' id='word_1_115' title='bbox 690 1721 758 1781; x_wconf 90' lang='lat' dir='ltr'>tres</span> <span class='ocrx_word' id='word_1_116' title='bbox 783 1737 844 1800; x_wconf 88' lang='lat' dir='ltr'>per</span> <span class='ocrx_word' id='word_1_117' title='bbox 870 1713 1060 1783; x_wconf 89' lang='lat' dir='ltr'>electionem</span> <span class='ocrx_word' id='word_1_118' title='bbox 1085 1719 1119 1781; x_wconf 92' lang='lat' dir='ltr'>in</span> <span class='ocrx_word' id='word_1_119' title='bbox 1145 1715 1208 1782; x_wconf 85' lang='lat' dir='ltr'>isto</span> 
     </span>
     <span class='ocr_line' id='line_1_14' title="bbox 5 1819 1206 1907; baseline 0.002 -21"><span class='ocrx_word' id='word_1_120' title='bbox 5 1853 7 1896; x_wconf 68' lang='lat'>5</span> <span class='ocrx_word' id='word_1_121' title='bbox 99 1819 234 1904; x_wconf 79' lang='lat' dir='ltr'>Consilio,</span> <span class='ocrx_word' id='word_1_122' title='bbox 252 1825 308 1906; x_wconf 90' lang='lat' dir='ltr'>qui</span> <span class='ocrx_word' id='word_1_123' title='bbox 324 1823 388 1888; x_wconf 83' lang='lat' dir='ltr'>sint</span> <span class='ocrx_word' id='word_1_124' title='bbox 405 1823 552 1907; x_wconf 86' lang='lat' dir='ltr'>deputati</span> <span class='ocrx_word' id='word_1_125' title='bbox 567 1844 628 1907; x_wconf 90' lang='lat' dir='ltr'>pro</span> <span class='ocrx_word' id='word_1_126' title='bbox 644 1823 740 1888; x_wconf 92' lang='lat' dir='ltr'>modo</span> <span class='ocrx_word' id='word_1_127' title='bbox 757 1830 791 1888; x_wconf 89' lang='lat' dir='ltr'>et</span> <span class='ocrx_word' id='word_1_128' title='bbox 807 1823 893 1888; x_wconf 92' lang='lat' dir='ltr'>omni</span> <span class='ocrx_word' id='word_1_129' title='bbox 909 1825 977 1889; x_wconf 87' lang='lat' dir='ltr'>vice</span> <span class='ocrx_word' id='word_1_130' title='bbox 994 1822 1037 1888; x_wconf 93' lang='lat' dir='ltr'>ad</span> <span class='ocrx_word' id='word_1_131' title='bbox 1046 1824 1206 1907; x_wconf 88' lang='lat' dir='ltr'>accipien-</span> 
     </span>
     <span class='ocr_line' id='line_1_15' title="bbox 5 1923 1207 2013; baseline 0 -17"><span class='ocrx_word' id='word_1_132' title='bbox 5 1923 7 1996; x_wconf 58' lang='grc' dir='ltr'><strong><em>ῗ</em></strong></span> <span class='ocrx_word' id='word_1_133' title='bbox 97 1930 146 1995; x_wconf 89' lang='lat' dir='ltr'>das</span> <span class='ocrx_word' id='word_1_134' title='bbox 161 1937 268 2013; x_wconf 82' lang='lat' dir='ltr'>gentes</span> <span class='ocrx_word' id='word_1_135' title='bbox 284 1930 464 2010; x_wconf 90' lang='lat' dir='ltr'>ordinatas,</span> <span class='ocrx_word' id='word_1_136' title='bbox 480 1937 512 1996; x_wconf 89' lang='lat' dir='ltr'>ct</span> <span class='ocrx_word' id='word_1_137' title='bbox 528 1951 590 2013; x_wconf 89' lang='lat' dir='ltr'>que</span> <span class='ocrx_word' id='word_1_138' title='bbox 615 1929 737 1996; x_wconf 84' lang='lat' dir='ltr'>suerint</span> <span class='ocrx_word' id='word_1_139' title='bbox 762 1929 912 1996; x_wconf 85' lang='lat' dir='ltr'>ordinate</span> <span class='ocrx_word' id='word_1_140' title='bbox 927 1931 1024 2012; x_wconf 83' lang='lat' dir='ltr'>mitti,</span> <span class='ocrx_word' id='word_1_141' title='bbox 1040 1938 1072 1996; x_wconf 86' lang='lat' dir='ltr'>et</span> <span class='ocrx_word' id='word_1_142' title='bbox 1087 1931 1207 1996; x_wconf 86' lang='lat' dir='ltr'>facien·</span> 
     </span>
     <span class='ocr_line' id='line_1_16' title="bbox 97 2034 1207 2121; baseline 0.005 -22.541"><span class='ocrx_word' id='word_1_143' title='bbox 97 2034 161 2101; x_wconf 88' lang='lat' dir='ltr'>dmn</span> <span class='ocrx_word' id='word_1_144' title='bbox 175 2038 246 2118; x_wconf 87' lang='lat' dir='ltr'>alia,</span> <span class='ocrx_word' id='word_1_145' title='bbox 263 2059 325 2120; x_wconf 90' lang='lat' dir='ltr'>que</span> <span class='ocrx_word' id='word_1_146' title='bbox 341 2037 463 2102; x_wconf 89' lang='lat' dir='ltr'>fuerint</span> <span class='ocrx_word' id='word_1_147' title='bbox 479 2043 671 2121; x_wconf 89' lang='lat' dir='ltr'>opportuna,</span> <span class='ocrx_word' id='word_1_148' title='bbox 687 2042 721 2101; x_wconf 88' lang='lat' dir='ltr'>et</span> <span class='ocrx_word' id='word_1_149' title='bbox 736 2037 820 2103; x_wconf 88' lang='lat' dir='ltr'>sicut</span> <span class='ocrx_word' id='word_1_150' title='bbox 836 2039 883 2102; x_wconf 88' lang='lat' dir='ltr'>eis</span> <span class='ocrx_word' id='word_1_151' title='bbox 900 2035 998 2102; x_wconf 82' lang='lat' dir='ltr'>suerit</span> <span class='ocrx_word' id='word_1_152' title='bbox 1027 2037 1207 2104; x_wconf 90' lang='lat' dir='ltr'>iniunctum</span> 
     </span>
     <span class='ocr_line' id='line_1_17' title="bbox 5 2144 1205 2236; baseline 0.001 -27"><span class='ocrx_word' id='word_1_153' title='bbox 5 2163 7 2236; x_wconf 52' lang='lat' dir='ltr'>t</span> <span class='ocrx_word' id='word_1_154' title='bbox 94 2165 145 2226; x_wconf 89' lang='lat' dir='ltr'>per</span> <span class='ocrx_word' id='word_1_155' title='bbox 156 2146 336 2226; x_wconf 90' lang='lat' dir='ltr'>Dominum,</span> <span class='ocrx_word' id='word_1_156' title='bbox 351 2145 565 2212; x_wconf 79' lang='lat' dir='ltr'>Consiliarios</span> <span class='ocrx_word' id='word_1_157' title='bbox 581 2153 614 2211; x_wconf 86' lang='lat' dir='ltr'>et</span> <span class='ocrx_word' id='word_1_158' title='bbox 630 2144 761 2230; x_wconf 81' lang='lat' dir='ltr'>Capita,</span> <span class='ocrx_word' id='word_1_159' title='bbox 784 2145 835 2211; x_wconf 89' lang='lat' dir='ltr'>vel</span> <span class='ocrx_word' id='word_1_160' title='bbox 850 2145 966 2211; x_wconf 91' lang='lat' dir='ltr'>maiori</span> <span class='ocrx_word' id='word_1_161' title='bbox 982 2147 1070 2229; x_wconf 87' lang='lat' dir='ltr'>parti</span> <span class='ocrx_word' id='word_1_162' title='bbox 1087 2168 1205 2212; x_wconf 87' lang='lat' dir='ltr'>eorum.</span> 
     </span>
     <span class='ocr_line' id='line_1_18' title="bbox 5 2248 1206 2342; baseline 0 -24"><span class='ocrx_word' id='word_1_163' title='bbox 5 2339 6 2342; x_wconf 8' lang='grc' dir='ltr'><strong>Ἴ</strong></span> <span class='ocrx_word' id='word_1_164' title='bbox 190 2251 296 2318; x_wconf 87' lang='lat' dir='ltr'>Electi</span> <span class='ocrx_word' id='word_1_165' title='bbox 312 2250 356 2316; x_wconf 88' lang='lat' dir='ltr'>ad</span> <span class='ocrx_word' id='word_1_166' title='bbox 373 2251 596 2335; x_wconf 88' lang='lat' dir='ltr'>accipiendum</span> <span class='ocrx_word' id='word_1_167' title='bbox 613 2257 743 2335; x_wconf 81' lang='lat' dir='ltr'>gentem</span> <span class='ocrx_word' id='word_1_168' title='bbox 757 2272 816 2335; x_wconf 89' lang='lat' dir='ltr'>pro</span> <span class='ocrx_word' id='word_1_169' title='bbox 832 2249 930 2316; x_wconf 87' lang='lat' dir='ltr'>iactis</span> <span class='ocrx_word' id='word_1_170' title='bbox 947 2248 1137 2317; x_wconf 87' lang='lat' dir='ltr'>Sclauonie:</span> <span class='ocrx_word' id='word_1_171' title='bbox 1155 2273 1206 2318; x_wconf 88' lang='lat' dir='ltr'>ser</span> 
     </span>
     <span class='ocr_line' id='line_1_19' title="bbox 5 2349 1206 2472; baseline 0.002 -50"><span class='ocrx_word' id='word_1_172' title='bbox 5 2349 7 2472; x_wconf 42' lang='grc' dir='ltr'><strong>ἐ</strong></span> <span class='ocrx_word' id='word_1_173' title='bbox 95 2356 230 2424; x_wconf 84' lang='lat' dir='ltr'>Marinus</span> <span class='ocrx_word' id='word_1_174' title='bbox 261 2357 456 2442; x_wconf 83' lang='lat' dir='ltr'>Delphyne,</span> <span class='ocrx_word' id='word_1_175' title='bbox 489 2380 540 2424; x_wconf 88' lang='lat' dir='ltr'>ser</span> <span class='ocrx_word' id='word_1_176' title='bbox 572 2358 697 2424; x_wconf 89' lang='lat' dir='ltr'>Paulus</span> <span class='ocrx_word' id='word_1_177' title='bbox 736 2357 947 2442; x_wconf 86' lang='lat' dir='ltr'>Premarino‚</span> <span class='ocrx_word' id='word_1_178' title='bbox 978 2379 1030 2423; x_wconf 88' lang='lat' dir='ltr'>ser</span> <span class='ocrx_word' id='word_1_179' title='bbox 1059 2360 1206 2425; x_wconf 87' lang='lat' dir='ltr'>Zonatus</span> 
     </span>
     <span class='ocr_line' id='line_1_20' title="bbox 5 2459 275 2532; baseline 0.015 -4"><span class='ocrx_word' id='word_1_180' title='bbox 5 2499 7 2528; x_wconf 84' lang='grc'>;</span> <span class='ocrx_word' id='word_1_181' title='bbox 96 2459 275 2532; x_wconf 80' lang='lat' dir='ltr'>Contareno.</span> 
     </span>
    </p>
   </div>
   <div class='ocr_carea' id='block_1_3' title="bbox 187 2597 1133 2692">
    <p class='ocr_par' dir='ltr' id='par_1_5' title="bbox 187 2597 1133 2692">
     <span class='ocr_line' id='line_1_21' title="bbox 187 2597 1133 2692; baseline -0.001 -15"><span class='ocrx_word' id='word_1_182' title='bbox 187 2626 221 2686; x_wconf 78' lang='lat' dir='ltr'>(A</span> <span class='ocrx_word' id='word_1_183' title='bbox 236 2627 347 2677; x_wconf 75' lang='lat' dir='ltr'>›Missi‹</span> <span class='ocrx_word' id='word_1_184' title='bbox 362 2627 451 2678; x_wconf 83' lang='lat' dir='ltr'>ezimtt</span> <span class='ocrx_word' id='word_1_185' title='bbox 465 2628 605 2678; x_wconf 83' lang='lat' dir='ltr'>velenczai</span> <span class='ocrx_word' id='word_1_186' title='bbox 618 2597 798 2692; x_wconf 73' lang='lat' dir='ltr'>iliamkttnyv</span> <span class='ocrx_word' id='word_1_187' title='bbox 811 2625 918 2677; x_wconf 79' lang='lat' dir='ltr'>XXIII.</span> <span class='ocrx_word' id='word_1_188' title='bbox 928 2627 987 2676; x_wconf 76' lang='lat' dir='ltr'>kur.</span> <span class='ocrx_word' id='word_1_189' title='bbox 1008 2631 1049 2676; x_wconf 84' lang='grc'>37.</span> <span class='ocrx_word' id='word_1_190' title='bbox 1069 2628 1133 2691; x_wconf 89' lang='lat' dir='ltr'>lev.)</span> 
     </span>
    </p>
   </div>
   <div class='ocr_carea' id='block_1_4' title="bbox 559 2779 719 2793">
    <p class='ocr_par' dir='ltr' id='par_1_6' title="bbox 559 2779 719 2793">
     <span class='ocr_line' id='line_1_22' title="bbox 559 2779 719 2793; baseline 0.013 -2"><span class='ocrx_word' id='word_1_191' title='bbox 559 2779 719 2793; x_wconf 61' lang='lat' dir='ltr'>h———-—--</span> 
     </span>
    </p>
   </div>
   <div class='ocr_carea' id='block_1_5' title="bbox 616 2897 666 2958">
    <p class='ocr_par' dir='ltr' id='par_1_7' title="bbox 616 2897 666 2958">
     <span class='ocr_line' id='line_1_23' title="bbox 616 2897 666 2958; baseline -0.04 0"><span class='ocrx_word' id='word_1_192' title='bbox 616 2897 666 2958; x_wconf 79' lang='lat' dir='ltr'>ts.</span> 
     </span>
    </p>
   </div>
   <div class='ocr_carea' id='block_1_6' title="bbox 5 3021 1207 3350">
    <p class='ocr_par' dir='ltr' id='par_1_8' title="bbox 5 3021 1207 3350">
     <span class='ocr_line' id='line_1_24' title="bbox 5 3021 1207 3140; baseline 0.011 -31"><span class='ocrx_word' id='word_1_193' title='bbox 5 3021 7 3072; x_wconf 55' lang='lat'>³</span> <span class='ocrx_word' id='word_1_194' title='bbox 94 3049 279 3118; x_wconf 65' lang='lat' dir='ltr'>Acclamat</span> <span class='ocrx_word' id='word_1_195' title='bbox 305 3054 464 3139; x_wconf 75' lang='lat' dir='ltr'>kormday</span> <span class='ocrx_word' id='word_1_196' title='bbox 488 3055 626 3140; x_wconf 77' lang='lat' dir='ltr'>kajdlcat</span> <span class='ocrx_word' id='word_1_197' title='bbox 652 3055 734 3120; x_wconf 78' lang='lat' dir='ltr'>kald</span> <span class='ocrx_word' id='word_1_198' title='bbox 759 3055 1021 3136; x_wconf 79' lang='lat' dir='ltr'>Dalmatidda,c</span> <span class='ocrx_word' id='word_1_199' title='bbox 1044 3081 1066 3122; x_wconf 86' lang='lat' dir='ltr'>u</span> <span class='ocrx_word' id='word_1_200' title='bbox 1082 3056 1207 3122; x_wconf 82' lang='lat' dir='ltr'>uranai</span> 
     </span>
     <span class='ocr_line' id='line_1_25' title="bbox 90 3159 1206 3252; baseline 0.009 -33.221"><span class='ocrx_word' id='word_1_201' title='bbox 90 3159 198 3243; x_wconf 81' lang='lat' dir='ltr'>perjclt</span> <span class='ocrx_word' id='word_1_202' title='bbox 205 3159 478 3246; x_wconf 74' lang='lat' dir='ltr'>settaralmazza,</span> <span class='ocrx_word' id='word_1_203' title='bbox 494 3163 576 3248; x_wconf 75' lang='lat' dir='ltr'>hopy</span> <span class='ocrx_word' id='word_1_204' title='bbox 593 3187 614 3226; x_wconf 83' lang='lat' dir='ltr'>a</span> <span class='ocrx_word' id='word_1_205' title='bbox 624 3162 862 3247; x_wconf 80' lang='lat' dir='ltr'>ja&#39;uoareadiek</span> <span class='ocrx_word' id='word_1_206' title='bbox 878 3169 1028 3230; x_wconf 76' lang='lat' dir='ltr'>azdmdra</span> <span class='ocrx_word' id='word_1_207' title='bbox 1045 3187 1102 3252; x_wconf 76' lang='lat' dir='ltr'>epy</span> <span class='ocrx_word' id='word_1_208' title='bbox 1117 3167 1206 3251; x_wconf 73' lang='lat' dir='ltr'>tajor</span> 
     </span>
     <span class='ocr_line' id='line_1_26' title="bbox 5 3263 830 3350; baseline 0.022 -36"><span class='ocrx_word' id='word_1_209' title='bbox 5 3263 7 3314; x_wconf 60' lang='lat' dir='ltr'>t</span> <span class='ocrx_word' id='word_1_210' title='bbox 454 3269 718 3350; x_wconf 74' lang='lat' dir='ltr'>feiszerelkcssco.</span> <span class='ocrx_word' id='word_1_211' title='bbox 736 3270 830 3334; x_wconf 78' lang='lat'><em>1345.</em></span> 
     </span>
    </p>
   </div>
   <div class='ocr_carea' id='block_1_7' title="bbox 190 3392 1206 3508">
    <p class='ocr_par' dir='ltr' id='par_1_9' title="bbox 190 3392 1206 3508">
     <span class='ocr_line' id='line_1_27' title="bbox 190 3392 1206 3508; baseline 0.004 -18"><span class='ocrx_word' id='word_1_212' title='bbox 190 3423 284 3493; x_wconf 76' lang='lat' dir='ltr'>anno</span> <span class='ocrx_word' id='word_1_213' title='bbox 316 3392 554 3494; x_wconf 71' lang='lat' dir='ltr'>ucconuv.</span> <span class='ocrx_word' id='word_1_214' title='bbox 595 3426 703 3492; x_wconf 85' lang='lat' dir='ltr'>xur.</span> <span class='ocrx_word' id='word_1_215' title='bbox 735 3427 921 3508; x_wconf 69' lang='lat' dir='ltr'>indictione,</span> <span class='ocrx_word' id='word_1_216' title='bbox 952 3428 1004 3494; x_wconf 73' lang='lat' dir='ltr'>&lt;ue</span> <span class='ocrx_word' id='word_1_217' title='bbox 1036 3429 1084 3495; x_wconf 81' lang='lat' dir='ltr'>rs</span> <span class='ocrx_word' id='word_1_218' title='bbox 1112 3427 1206 3495; x_wconf 67' lang='lat' dir='ltr'>uuir.</span> 
     </span>
    </p>
   </div>
   <div class='ocr_carea' id='block_1_8' title="bbox 5 3529 1210 4583">
    <p class='ocr_par' dir='ltr' id='par_1_10' title="bbox 5 3527 1210 4372">
     <span class='ocr_line' id='line_1_28' title="bbox 92 3529 1206 3620; baseline 0.005 -24.565"><span class='ocrx_word' id='word_1_219' title='bbox 92 3529 247 3617; x_wconf 82' lang='lat' dir='ltr'>Capta:</span> <span class='ocrx_word' id='word_1_220' title='bbox 265 3532 362 3618; x_wconf 82' lang='lat' dir='ltr'>Quod</span> <span class='ocrx_word' id='word_1_221' title='bbox 377 3555 437 3618; x_wconf 89' lang='lat' dir='ltr'>pro</span> <span class='ocrx_word' id='word_1_222' title='bbox 464 3532 689 3618; x_wconf 85' lang='lat' dir='ltr'>expedimento</span> <span class='ocrx_word' id='word_1_223' title='bbox 714 3537 852 3602; x_wconf 86' lang='lat' dir='ltr'>istarum</span> <span class='ocrx_word' id='word_1_224' title='bbox 877 3537 1016 3603; x_wconf 87' lang='lat' dir='ltr'>duarum</span> <span class='ocrx_word' id='word_1_225' title='bbox 1031 3537 1206 3620; x_wconf 85' lang='lat' dir='ltr'>galearum,</span> 
     </span>
     <span class='ocr_line' id='line_1_29' title="bbox 5 3641 1207 3727; baseline 0.004 -24"><span class='ocrx_word' id='word_1_226' title='bbox 5 3641 7 3694; x_wconf 70' lang='lat'>⁵</span> <span class='ocrx_word' id='word_1_227' title='bbox 92 3659 146 3721; x_wconf 86' lang='lat' dir='ltr'>qne</span> <span class='ocrx_word' id='word_1_228' title='bbox 161 3642 213 3706; x_wconf 87' lang='lat' dir='ltr'>hic</span> <span class='ocrx_word' id='word_1_229' title='bbox 241 3649 420 3724; x_wconf 85' lang='lat' dir='ltr'>armantur,</span> <span class='ocrx_word' id='word_1_230' title='bbox 449 3641 622 3722; x_wconf 86' lang='lat' dir='ltr'>Dominus,</span> <span class='ocrx_word' id='word_1_231' title='bbox 654 3642 852 3726; x_wconf 79' lang='lat' dir='ltr'>Consiliarii,</span> <span class='ocrx_word' id='word_1_232' title='bbox 878 3643 998 3727; x_wconf 84' lang='lat' dir='ltr'>Capita</span> <span class='ocrx_word' id='word_1_233' title='bbox 1024 3643 1065 3710; x_wconf 92' lang='lat' dir='ltr'>de</span> <span class='ocrx_word' id='word_1_234' title='bbox 1081 3644 1157 3724; x_wconf 81' lang='lat' dir='ltr'>XL,</span> <span class='ocrx_word' id='word_1_235' title='bbox 1174 3650 1207 3709; x_wconf 89' lang='lat' dir='ltr'>et</span> 
     </span>
     <span class='ocr_line' id='line_1_30' title="bbox 93 3741 1206 3833; baseline 0.005 -24.56"><span class='ocrx_word' id='word_1_236' title='bbox 93 3741 254 3828; x_wconf 83' lang='lat' dir='ltr'>Sapientes</span> <span class='ocrx_word' id='word_1_237' title='bbox 278 3749 423 3814; x_wconf 87' lang='lat' dir='ltr'>habeant</span> <span class='ocrx_word' id='word_1_238' title='bbox 446 3747 636 3814; x_wconf 89' lang='lat' dir='ltr'>libertatem</span> <span class='ocrx_word' id='word_1_239' title='bbox 659 3768 716 3829; x_wconf 90' lang='lat' dir='ltr'>per</span> <span class='ocrx_word' id='word_1_240' title='bbox 733 3747 879 3830; x_wconf 88' lang='lat' dir='ltr'>ipsorum</span> <span class='ocrx_word' id='word_1_241' title='bbox 903 3751 1062 3816; x_wconf 85' lang='lat' dir='ltr'>maiorem</span> <span class='ocrx_word' id='word_1_242' title='bbox 1075 3756 1206 3833; x_wconf 90' lang='lat' dir='ltr'>partem</span> 
     </span>
     <span class='ocr_line' id='line_1_31' title="bbox 91 3853 1206 3940; baseline 0.007 -24.356"><span class='ocrx_word' id='word_1_243' title='bbox 91 3853 259 3937; x_wconf 88' lang='lat' dir='ltr'>accipiendi</span> <span class='ocrx_word' id='word_1_244' title='bbox 276 3855 317 3920; x_wconf 88' lang='lat' dir='ltr'>de</span> <span class='ocrx_word' id='word_1_245' title='bbox 334 3855 520 3921; x_wconf 90' lang='lat' dir='ltr'>hominibus</span> <span class='ocrx_word' id='word_1_246' title='bbox 537 3854 705 3936; x_wconf 81' lang='lat' dir='ltr'>galearum</span> <span class='ocrx_word' id='word_1_247' title='bbox 721 3853 812 3937; x_wconf 84' lang='lat' dir='ltr'>Cipri</span> <span class='ocrx_word' id='word_1_248' title='bbox 828 3855 861 3919; x_wconf 91' lang='lat' dir='ltr'>in</span> <span class='ocrx_word' id='word_1_249' title='bbox 877 3875 916 3920; x_wconf 87' lang='lat' dir='ltr'>ea</span> <span class='ocrx_word' id='word_1_250' title='bbox 933 3857 1126 3939; x_wconf 87' lang='lat' dir='ltr'>quantitate,</span> <span class='ocrx_word' id='word_1_251' title='bbox 1143 3879 1206 3940; x_wconf 87' lang='lat' dir='ltr'>que</span> 
     </span>
     <span class='ocr_line' id='line_1_32' title="bbox 91 3959 1207 4046; baseline 0.007 -24.428"><span class='ocrx_word' id='word_1_252' title='bbox 91 3959 242 4027; x_wconf 82' lang='lat' dir='ltr'>uidebitur</span> <span class='ocrx_word' id='word_1_253' title='bbox 257 3963 305 4028; x_wconf 88' lang='lat' dir='ltr'>eis</span> <span class='ocrx_word' id='word_1_254' title='bbox 321 3983 381 4045; x_wconf 90' lang='lat' dir='ltr'>pro</span> <span class='ocrx_word' id='word_1_255' title='bbox 399 3981 511 4027; x_wconf 89' lang='lat' dir='ltr'>eorum</span> <span class='ocrx_word' id='word_1_256' title='bbox 543 3961 643 4025; x_wconf 81' lang='lat' dir='ltr'>veloci</span> <span class='ocrx_word' id='word_1_257' title='bbox 660 3961 894 4045; x_wconf 84' lang='lat' dir='ltr'>expedimento,</span> <span class='ocrx_word' id='word_1_258' title='bbox 909 3962 937 4025; x_wconf 91' lang='lat' dir='ltr'>si</span> <span class='ocrx_word' id='word_1_259' title='bbox 953 3963 1126 4046; x_wconf 81' lang='lat' dir='ltr'>expediens</span> <span class='ocrx_word' id='word_1_260' title='bbox 1140 3963 1207 4029; x_wconf 89' lang='lat' dir='ltr'>fuc-</span> 
     </span>
     <span class='ocr_line' id='line_1_33' title="bbox 5 4065 1207 4152; baseline 0.008 -25"><span class='ocrx_word' id='word_1_261' title='bbox 5 4075 7 4146; x_wconf 47' lang='lat'>2</span> <span class='ocrx_word' id='word_1_262' title='bbox 91 4065 146 4144; x_wconf 79' lang='lat' dir='ltr'>rit3</span> <span class='ocrx_word' id='word_1_263' title='bbox 176 4068 289 4150; x_wconf 88' lang='lat' dir='ltr'>quibus</span> <span class='ocrx_word' id='word_1_264' title='bbox 320 4068 493 4152; x_wconf 86' lang='lat' dir='ltr'>expeditis,</span> <span class='ocrx_word' id='word_1_265' title='bbox 523 4069 644 4134; x_wconf 85' lang='lat' dir='ltr'>radant</span> <span class='ocrx_word' id='word_1_266' title='bbox 675 4068 719 4134; x_wconf 88' lang='lat' dir='ltr'>ad</span> <span class='ocrx_word' id='word_1_267' title='bbox 733 4067 924 4134; x_wconf 86' lang='lat' dir='ltr'>Provisores</span> <span class='ocrx_word' id='word_1_268' title='bbox 948 4076 1089 4151; x_wconf 89' lang='lat' dir='ltr'>nostros,</span> <span class='ocrx_word' id='word_1_269' title='bbox 1106 4077 1139 4136; x_wconf 85' lang='lat' dir='ltr'>et</span> <span class='ocrx_word' id='word_1_270' title='bbox 1162 4073 1207 4138; x_wconf 92' lang='lat' dir='ltr'>ibi</span> 
     </span>
     <span class='ocr_line' id='line_1_34' title="bbox 5 4173 1210 4261; baseline 0.009 -28"><span class='ocrx_word' id='word_1_271' title='bbox 5 4237 7 4248; x_wconf 62' lang='grc'><em>,</em></span> <span class='ocrx_word' id='word_1_272' title='bbox 91 4180 243 4255; x_wconf 85' lang='lat' dir='ltr'>maneant,</span> <span class='ocrx_word' id='word_1_273' title='bbox 253 4175 356 4243; x_wconf 87' lang='lat' dir='ltr'>donec</span> <span class='ocrx_word' id='word_1_274' title='bbox 371 4175 462 4243; x_wconf 88' lang='lat' dir='ltr'>aliud</span> <span class='ocrx_word' id='word_1_275' title='bbox 477 4176 540 4242; x_wconf 91' lang='lat' dir='ltr'>sibi</span> <span class='ocrx_word' id='word_1_276' title='bbox 554 4197 613 4261; x_wconf 92' lang='lat' dir='ltr'>per</span> <span class='ocrx_word' id='word_1_277' title='bbox 628 4175 717 4241; x_wconf 88' lang='lat' dir='ltr'>istud</span> <span class='ocrx_word' id='word_1_278' title='bbox 738 4173 917 4242; x_wconf 78' lang='lat' dir='ltr'>Consilium</span> <span class='ocrx_word' id='word_1_279' title='bbox 933 4175 1129 4260; x_wconf 80' lang='lat' dir='ltr'>iniungetur,</span> <span class='ocrx_word' id='word_1_280' title='bbox 1154 4180 1210 4261; x_wconf 90' lang='lat' dir='ltr'>qui</span> 
     </span>
     <span class='ocr_line' id='line_1_35' title="bbox 5 4277 1047 4372; baseline 0.008 -32"><span class='ocrx_word' id='word_1_281' title='bbox 5 4287 6 4372; x_wconf 62' lang='lat' dir='ltr'>ss</span> <span class='ocrx_word' id='word_1_282' title='bbox 94 4277 271 4348; x_wconf 82' lang='lat' dir='ltr'>Provisores</span> <span class='ocrx_word' id='word_1_283' title='bbox 286 4281 375 4367; x_wconf 86' lang='lat' dir='ltr'>ipsas</span> <span class='ocrx_word' id='word_1_284' title='bbox 392 4283 577 4368; x_wconf 89' lang='lat' dir='ltr'>disponant,</span> <span class='ocrx_word' id='word_1_285' title='bbox 587 4289 624 4348; x_wconf 93' lang='lat' dir='ltr'>ut</span> <span class='ocrx_word' id='word_1_286' title='bbox 639 4282 685 4349; x_wconf 89' lang='lat' dir='ltr'>eis</span> <span class='ocrx_word' id='word_1_287' title='bbox 701 4303 849 4348; x_wconf 87' lang='lat' dir='ltr'>neccesse</span> <span class='ocrx_word' id='word_1_288' title='bbox 867 4284 1047 4366; x_wconf 86' lang='lat' dir='ltr'>apparebit.</span> 
     </span>
    </p>

    <p class='ocr_par' dir='ltr' id='par_1_11' title="bbox 5 4384 1209 4583">
     <span class='ocr_line' id='line_1_36' title="bbox 5 4384 1209 4485; baseline 0.003 -36"><span class='ocrx_word' id='word_1_289' title='bbox 5 4459 7 4478; x_wconf 62' lang='lat'>,</span> <span class='ocrx_word' id='word_1_290' title='bbox 171 4384 350 4485; x_wconf 42' lang='lat' dir='ltr'>mepta:</span> <span class='ocrx_word' id='word_1_291' title='bbox 376 4387 472 4473; x_wconf 82' lang='lat' dir='ltr'>Quod</span> <span class='ocrx_word' id='word_1_292' title='bbox 496 4390 694 4455; x_wconf 83' lang='lat' dir='ltr'>concedatur</span> <span class='ocrx_word' id='word_1_293' title='bbox 719 4389 849 4454; x_wconf 91' lang='lat' dir='ltr'>domino</span> <span class='ocrx_word' id='word_1_294' title='bbox 873 4386 985 4453; x_wconf 90' lang='lat' dir='ltr'>Priori</span> <span class='ocrx_word' id='word_1_295' title='bbox 1010 4388 1160 4473; x_wconf 85' lang='lat' dir='ltr'>Vngarie</span> <span class='ocrx_word' id='word_1_296' title='bbox 1176 4396 1209 4454; x_wconf 90' lang='lat' dir='ltr'>et</span> 
     </span>
     <span class='ocr_line' id='line_1_37' title="bbox 93 4489 1206 4583; baseline 0.003 -26.707"><span class='ocrx_word' id='word_1_297' title='bbox 93 4489 244 4577; x_wconf 85' lang='lat' dir='ltr'>Laurane,</span> <span class='ocrx_word' id='word_1_298' title='bbox 259 4497 346 4581; x_wconf 91' lang='lat' dir='ltr'>quod</span> <span class='ocrx_word' id='word_1_299' title='bbox 362 4494 451 4583; x_wconf 89' lang='lat' dir='ltr'>apud</span> <span class='ocrx_word' id='word_1_300' title='bbox 466 4495 606 4563; x_wconf 83' lang='lat' dir='ltr'>Jadram</span> <span class='ocrx_word' id='word_1_301' title='bbox 630 4496 769 4564; x_wconf 87' lang='lat' dir='ltr'>caricari</span> <span class='ocrx_word' id='word_1_302' title='bbox 794 4495 904 4562; x_wconf 86' lang='lat' dir='ltr'>facere</span> <span class='ocrx_word' id='word_1_303' title='bbox 919 4496 1025 4578; x_wconf 89' lang='lat' dir='ltr'>possit</span> <span class='ocrx_word' id='word_1_304' title='bbox 1041 4516 1147 4562; x_wconf 89' lang='lat' dir='ltr'>remos</span> <span class='ocrx_word' id='word_1_305' title='bbox 1162 4496 1206 4560; x_wconf 85' lang='lat' dir='ltr'>vi·</span> 
     </span>
    </p>
   </div>
   <div class='ocr_carea' id='block_1_9' title="bbox 0 0 1588 5253">
    <p class='ocr_par' dir='ltr' id='par_1_12' title="bbox 0 0 1588 5253">
     <span class='ocr_line' id='line_1_38' title="bbox 0 0 1588 5253; baseline 0 0"><span class='ocrx_word' id='word_1_306' title='bbox 0 0 1588 5253; x_wconf 95' lang='lat' dir='ltr'> </span> 
     </span>
    </p>
   </div>
  </div>
 </body>
</html>
