3214 5260
374 395 440 464 442
730 415 964 464 nuuounczmr
981 399 1150 464 austras.

375 579 565 662 retulerunt,
581 579 663 644 sicut
679 585 712 644 et
726 579 796 662 ipse
813 597 942 661 qnoque
960 582 1013 643 tue
1028 573 1141 641 littere
1157 573 1380 658 continebant,
1407 573 1507 660 queli-

376 693 427 753 ter
442 693 489 767 tu,
505 687 592 752 velut
609 687 695 752 filius
711 683 946 752 benedictionis
963 689 996 748 et
1012 684 1129 766 gratie,
1144 681 1341 766 Apostolicc
1357 681 1505 749 benedic

376 795 476 860 tionis
500 793 559 858 tibi
584 793 763 859 transmitti
788 814 904 857 munus
930 790 1139 856 deuotissime
1163 790 1328 874 cupiebas
1344 795 1380 856 et
1396 790 1514 857 deinde

376 903 557 986 predictam
588 903 771 969 Ecclesiam
801 903 836 967 in
866 900 1020 981 Matrem,
1051 900 1250 984 Magistrum
1283 905 1317 966 et
1332 899 1512 966 Dominam

377 1011 640 1080 Christianorum
656 1010 809 1090 omnium,
825 1013 859 1075 et
874 1007 1060 1074 Romanum
1075 1008 1269 1075 Pontificem
1296 1009 1331 1075 in
1347 1009 1513 1075 uniuersa·

375 1120 442 1184 lem
458 1117 720 1182 Christianorum
749 1118 893 1200 ipsorum
925 1122 1052 1200 patrem
1077 1123 1110 1182 et
1134 1115 1310 1196 dominum,
1336 1139 1376 1182 ac
1399 1137 1513 1182 verum

380 1227 508 1293 Christi
526 1223 705 1306 Vicarium,
722 1229 753 1288 et
770 1223 869 1290 Beati
887 1221 980 1288 Petri
1005 1220 1244 1309 Apostolorum
1260 1224 1426 1310 Principis
1446 1246 1515 1292 suc·

378 1355 539 1401 cessorem
566 1340 623 1399 tuo
650 1338 683 1397 ct
699 1353 811 1398 eorum
826 1333 955 1397 nomine
971 1337 1240 1416 recognoucrunt,
1255 1333 1424 1399 humiliter
1440 1355 1516 1400 con·

380 1443 458 1508 sessi
474 1440 615 1522 fuerunt,
633 1446 666 1505 et
682 1439 770 1525 quod
785 1444 823 1504 tu
839 1439 1077 1505 insinceritate
1093 1438 1168 1505 fidei
1184 1445 1218 1506 et
1233 1441 1356 1508 unitate
1366 1439 1516 1510 Ecclesia

379 1549 613 1635 predictarum,
630 1570 669 1614 ac
685 1546 872 1613 obedientia
897 1552 1010 1614 nostra
1037 1551 1072 1612 et
1088 1567 1312 1614 successorum
1327 1554 1517 1616 nostrorum

378 1658 602 1724 Romanorum
628 1657 824 1723 Pontificum
841 1657 993 1724 canemus
1009 1656 1202 1723 intrantium
1217 1659 1384 1742 perpetuis
1393 1665 1517 1744 tempo·

381 1765 471 1832 ribus
497 1767 699 1850 persisteres,
726 1771 759 1830 ct
784 1764 872 1848 quud
897 1764 931 1828 iu
957 1765 1105 1848 potentia
1128 1771 1160 1830 et
1180 1764 1322 1830 dominic
1339 1769 1418 1851 tuis,
1433 1769 1517 1849 sicut

383 1895 511 1956 quoque
527 1873 711 1957 precepisse
737 1879 770 1938 te
794 1873 982 1956 scripseras,
1007 1877 1040 1937 et
1068 1871 1131 1956 ipsi
1161 1868 1371 1957 Apocrisan'i
1387 1874 1517 1958 plenius

380 1979 574 2062 retulerunt,
598 1981 689 2047 nulla
714 1999 857 2064 persona
887 1979 1109 2046 ecclesiastica
1124 1979 1176 2045 vel
1193 1981 1360 2046 mundana
1375 1982 1515 2048 Latinos

282 2135 287 2142 -
380 2087 432 2154 vel
448 2088 530 2154 alius
546 2087 658 2154 fideles
675 2087 821 2154 eiusdem
836 2087 984 2154 Ecclesie
1000 2086 1205 2172 rebaptizare
1217 2110 1273 2154 seu
1283 2089 1515 2156 reconfirmare

381 2201 441 2263 aut
455 2195 673 2261 irreiterabile
700 2201 940 2262 sacramentum
965 2195 1068 2280 ipsius
1093 2194 1242 2263 Ecclesic
1264 2196 1388 2262 iterare
1406 2219 1516 2282 presu-

381 2310 466 2384 mat3
484 2308 518 2368 et
534 2303 645 2370 ecdem
663 2304 793 2369 nomine
808 2303 1038 2387 promiserunt,
1054 2310 1088 2369 et
1112 2302 1346 2389 subsequentes
1362 2325 1517 2390 exposue-

381 2418 471 2492 runt,
488 2409 577 2496 quod
592 2432 702 2476 omnes
719 2411 872 2477 ecclesias
888 2413 921 2477 in
937 2411 1059 2476 eisdem
1075 2411 1140 2476 tuis
1156 2413 1304 2496 potentia
1320 2419 1354 2478 et
1370 2414 1515 2479 dominio

386 2521 580 2585 constitutas
596 2519 744 2585 fidelibus
762 2519 906 2585 eiusdem
921 2520 1068 2585 Ecclesia
1085 2520 1119 2584 iu
1133 2520 1213 2602 ipsis
1224 2519 1378 2586 canonice
1388 2522 1516 2587 institu-

380 2629 434 2707 tis,
453 2628 509 2711 qui
525 2627 571 2693 eis
588 2649 646 2712 per
661 2627 831 2692 inuascres
841 2632 875 2692 et
885 2633 1095 2712 occupatores
1106 2648 1219 2693 earum
1228 2635 1344 2694 contra
1354 2629 1515 2695 iustitiam

381 2734 530 2802 destituti
546 2733 684 2814 fuerant,
702 2735 838 2818 integre,
854 2733 985 2800 realiter
1010 2740 1043 2799 et
1066 2755 1140 2800 cum
1155 2733 1274 2801 effectu
1289 2736 1424 2801 restitui
1439 2735 1515 2802 dist-

380 2844 463 2909 ricte
480 2865 681 2927 preceperas,
698 2861 754 2909 sex
769 2843 984 2910 Monasteriis
1000 2849 1080 2909 tuuc
1089 2844 1252 2927 expressis
1267 2843 1443 2910 dumtaxat
1460 2865 1513 2910 ex·

381 2951 495 3037 ceptis,
512 2971 576 3033 que
592 2951 719 3016 restitui
736 2955 813 3016 tunc
830 2947 1017 3018 Abbatibus
1034 2973 1145 3018 eorum
1155 2951 1281 3036 absque
1292 2952 1440 3037 periculo
1450 2975 1513 3018 non

380 3081 478 3144 posse
495 3059 725 3144 descripseras,
735 3067 769 3126 et
780 3082 842 3144 que
853 3062 952 3126 iidem
961 3059 1171 3144 Apocrisarii
1187 3063 1407 3128 restituerunt
1424 3064 1515 3130 nobis

381 3169 469 3234 dicto
486 3169 615 3234 nomine
640 3167 753 3249 libere,
770 3173 804 3233 et
821 3172 854 3233 te
879 3168 1044 3234 facturum
1069 3191 1142 3235 cum
1159 3169 1276 3236 effectu
1291 3173 1423 3237 restitui
1439 3170 1516 3255 ipsis

382 3297 492 3341 eorum
508 3273 694 3341 Abbatibus
711 3275 953 3359 promiserunt;
970 3284 1003 3343 ct
1020 3277 1265 3360 subiunxerunt,
1280 3279 1443 3364 quomodo
1459 3300 1517 3362 per

382 3384 526 3449 edictum
541 3381 709 3466 publicum
726 3405 877 3467 expresse
894 3384 1117 3467 mandaveras,
1128 3385 1336 3468 quoduullus
1346 3386 1380 3451 in
1397 3387 1516 3453 eisdem

382 3490 524 3557 dominio
542 3497 576 3556 et
591 3491 740 3574 potentia
757 3492 821 3556 tuis
845 3490 996 3559 fidelibus
1022 3490 1223 3558 Christianis
1240 3495 1516 3562 commorantibus

382 3599 526 3683 aliquam
541 3599 694 3666 iniuriam
710 3621 766 3666 seu
783 3599 969 3666 violentiam
995 3601 1151 3683 irrogare,
1177 3607 1236 3666 aut
1259 3601 1350 3685 ipsos
1367 3601 1515 3685 persequi

382 3729 439 3773 seu
454 3707 628 3772 molestare
644 3708 870 3792 quoquomodo
887 3716 1105 3792 presumeret,
1122 3708 1274 3794 quodque
1290 3729 1401 3775 omues
1418 3707 1511 3774 indil-

383 3815 526 3882 ferenter
551 3815 717 3899 Episcopi,
744 3814 908 3897 Abbates,
924 3815 1091 3883 Pesbiteri
1108 3823 1142 3883 et
1160 3816 1288 3900 Clerici,
1306 3815 1446 3900 quilibet
1460 3816 1515 3882 alii

383 3929 531 3990 tenentes
547 3925 648 3991 ritum
663 3924 813 3992 Ecclesie
829 3931 1017 4009 memorate,
1028 3927 1211 4011 ubicunque
1227 3931 1261 3992 et
1276 3924 1515 4010 quomodocun-

384 4055 446 4117 que
462 4033 587 4099 detenti
603 4032 638 4097 in
654 4033 803 4115 potentia
820 4039 853 4098 et
868 4032 1013 4100 dominio
1030 4035 1119 4118 ipsis,
1135 4035 1391 4101 restituerentur
1407 4033 1513 4100 debite

384 4141 541 4220 libertati,
558 4145 591 4206 et
607 4141 650 4206 ad
666 4140 842 4222 Ecclesiae,
853 4142 1060 4208 Mouastoria
1075 4148 1108 4207 et
1124 4141 1281 4210 beneficia
1296 4164 1356 4208 sua
1372 4140 1514 4226 quelibet

384 4253 637 4330 reverterentur,
655 4255 687 4314 et
703 4246 827 4316 Diuina
843 4247 952 4316 officia
962 4249 1177 4333 celebrarent,
1192 4272 1231 4316 ac
1247 4255 1453 4318 sacramenta
1466 4269 1513 4313 ec

386 4354 569 4422 clesiastica
584 4356 809 4423 ministrarent
826 4355 949 4424 Christi
965 4357 1119 4426 fidelibus
1136 4358 1313 4425 secundum
1331 4379 1454 4424 morem
1468 4357 1514 4441 ip·

387 4462 452 4526 sius
463 4463 608 4528 Ecclesia
614 4463 717 4531 libere
727 4487 767 4532 ac
777 4467 846 4531 sine
856 4465 1008 4532 molestia
1018 4472 1051 4532 et
1059 4465 1305 4550 perturbatione
1311 4487 1508 4554 quacunque

388 4573 421 4636 et
436 4570 524 4654 quod
540 4576 578 4636 tu
604 4592 667 4655 eos,
693 4573 750 4656 qui
765 4574 942 4642 secundum
966 4572 1066 4642 ritum
1080 4573 1225 4642 Ecclesie
1240 4573 1390 4660 predicte
1404 4574 1505 4642 renati
