3108 5246
643 39 645 47 Α
806 23 821 60 ·.
963 2 966 4 ’
1003 13 1011 54 ;
1205 1 1223 30 ’-
1359 2 1493 66 ''asar-:¹

412 382 478 444 334
771 399 1003 444 nrrnounczrsr
1021 383 1188 446 rnnhunr.
1458 2 1550 465 Ῑ

1547 499 1550 522 .

411 578 555 624 cessores
580 578 599 622 a
625 557 720 623 nobis
745 563 776 621 et
801 557 1065 642 progenitoribus
1090 560 1211 625 nostris
1235 581 1295 643 pro
1312 560 1396 625 clarc
1411 559 1477 624 fidei
1489 566 1512 624 et

412 666 616 732 servitiorum
641 686 754 731 eorum
777 666 911 748 meritis,
928 666 1149 749 impensorum
1174 668 1361 752 specialiter
1388 669 1513 732 memorie

411 773 582 838 recolende
607 772 743 838 condam
761 773 890 840 domino
915 773 1062 839 Roberto
1087 771 1153 839 Dei
1179 777 1289 858 gratia
1305 773 1478 841 Jerusalem
1489 784 1514 839 ct
1548 759 1550 844 l

412 878 532 947 Sicilie
546 881 634 965 Regi
649 879 778 946 Illustri
810 887 919 963 preter
935 879 1085 948 affectum
1102 879 1288 947 dilectionis
1304 881 1405 966 Regis
1418 881 1514 948 Maia
1548 847 1550 980 1

412 989 492 1060 tatis
516 993 550 1052 et
574 993 722 1053 nostrum
739 986 974 1071 subsequenter
998 989 1100 1054 multa
1123 986 1246 1054 fuerint
1262 989 1414 1054 beneficia
1428 1009 1515 1055 conse·
1549 1073 1550 1078 1

412 1091 614 1178 qoutiQuia
639 1099 751 1160 tamen
776 1096 810 1160 in
835 1097 1077 1178 presentiarum
1103 1095 1199 1160 fidem
1216 1118 1308 1162 suam
1324 1096 1357 1161 in
1373 1095 1515 1179 perfidiam

413 1223 486 1266 cum
510 1206 657 1284 tempore
680 1202 819 1283 varians,
845 1223 984 1286 suosque
1007 1223 1114 1268 mores
1132 1205 1298 1269 contrario
1330 1208 1422 1269 rento
1436 1201 1514 1276 flante
1548 1207 1550 1292 J

410 1315 609 1393 pervertens,
624 1309 711 1392 Regi
727 1309 909 1393 Hungarie,
925 1311 1013 1376 hosti
1028 1316 1140 1376 nostro
1157 1313 1299 1395 puplico,
1315 1311 1447 1396 alijsqne
1461 1329 1513 1375 nos·

409 1418 470 1482 tris
486 1417 625 1484 inimicis
652 1424 685 1482 et
710 1418 827 1483 emulis
851 1425 950 1502 atque
975 1417 1153 1484 rebellibus
1170 1441 1243 1485 cum
1259 1420 1331 1503 ipso
1347 1419 1434 1502 Rege
1448 1420 1514 1483 iuu-
1548 1397 1550 1508 1

412 1525 566 1592 dentibus
582 1533 615 1592 et
630 1527 863 1610 occupantibus
878 1525 986 1610 pridie
1009 1525 1162 1608 Regnum
1176 1533 1334 1610 nostrum,
1350 1533 1442 1611 prout
1455 1547 1514 1610 pop·
1547 1511 1550 1634 1

411 1635 509 1700 licum
525 1641 584 1714 est,
599 1635 730 1718 lateque
746 1636 910 1701 notorium
926 1634 1108 1720 proditorie
1135 1640 1169 1699 et
1184 1634 1410 1718 imprudenter
1424 1633 1513 1712 adesit,
1547 1637 1550 1736 1

412 1748 446 1808 et
469 1763 542 1806 cum
569 1743 616 1807 eis
642 1747 758 1808 contra
790 1762 847 1807 sue
863 1741 940 1807 fidei
957 1741 1103 1808 debitum
1121 1741 1343 1826 honoremque
1359 1740 1514 1807 nustricul-
1547 1739 1550 1834 1

413 1851 511 1914 minis
529 1854 652 1916 temere
669 1852 858 1930 coniuravit,
874 1856 907 1915 et
923 1850 956 1914 in
973 1852 1042 1915 eius
1059 1850 1221 1916 obstinate
1239 1851 1448 1934 prodictionis
1462 1869 1513 1932 per·
1546 1837 1550 1948 1

410 1957 490 2023 fidia
507 1964 606 2042 atque
622 1959 792 2042 proteruis
816 1979 889 2022 cum
904 1959 1026 2026 nostris
1042 1959 1181 2024 inimicis
1198 1967 1231 2024 et
1256 1959 1431 2026 rebellibus
1445 1957 1512 2040 slijs
1546 1969 1550 2054 1

411 2088 474 2149 que
499 2065 749 2149 occupatoribus
775 2065 883 2150 Regni
907 2069 1011 2132 nostri
1036 2073 1157 2133 temere
1188 2067 1388 2152 adherendo,
1410 2067 1512 2148 illisque
1546 2061 1550 2154 1

411 2194 482 2237 curn
493 2173 580 2238 omni
590 2172 728 2240 sauendo
740 2175 928 2239 assistentia
939 2195 1004 2256 qua
1014 2181 1125 2257 potest
1135 2175 1379 2258 presentialiter
1394 2193 1511 2259 persae
1546 2155 1550 2322 1

410 2245 651 2347 rat.⁸0uius1·ei
668 2302 765 2346 causa
781 2280 947 2366 beneficijs
962 2283 1084 2347 nostris
1101 2290 1134 2348 et
1154 2283 1408 2366 gratiaindigno
1418 2283 1511 2356 redito,

411 2395 445 2454 et
468 2395 604 2472 propter
629 2390 681 2453 sui
711 2388 840 2473 puplice
870 2397 903 2454 et
934 2392 1061 2455 notorie
1092 2390 1286 2473 proditionis
1303 2396 1337 2454 et
1352 2387 1510 2456 rebellionis

411 2503 523 2561 notam
539 2497 693 2562 adversus
718 2518 786 2578 nos,
803 2503 1014 2580 nostrumque
1038 2497 1164 2581 Regale
1188 2498 1380 2565 Dominium
1397 2497 1512 2563 oomnis

411 2625 489 2683 sam,
516 2603 611 2670 bonis
637 2605 703 2669 suis
728 2606 876 2671 omnibus
901 2603 1087 2671 feudalibus
1113 2612 1146 2671 et
1161 2603 1509 2690 burgensaticis,quein
1547 2621 1549 2698 1

411 2705 528 2796 Regno
547 2712 691 2791 tenebat,
707 2712 751 2777 ad
766 2733 881 2776 manus
898 2719 1006 2776 nostre
1028 2711 1128 2777 Ourie
1144 2712 1387 2780 rationabiliter
1410 2709 1511 2778 derolu·
1543 2699 1549 2822 1

410 2822 472 2900 tis3
487 2818 559 2884 Nos
576 2819 784 2885 ostendentes
810 2818 1032 2886 inviolabilem
1058 2820 1240 2886 devotionis
1265 2827 1299 2886 et
1324 2820 1399 2885 fidei
1414 2819 1510 2904 purila·
1546 2825 1549 2930 1

410 2934 476 2993 tem
492 2928 552 3012 virj
585 2928 704 2994 nobilis
720 2927 851 2994 Herrici
877 2925 1051 2994 Oaraczuli
1068 2928 1107 2994 de
1125 2927 1264 3016 Neapolj
1298 2929 1416 3013 Magni
1429 2925 1512 3009 Regni
1546 2943 1549 3014 1

412 3034 523 3101 Sicilie
540 3034 732 3120 Caurerarij,
749 3055 788 3102 ac
798 3036 946 3122 Hospitij
964 3037 1067 3103 nostri
1083 3037 1249 3121 Magistri,
1260 3037 1372 3103 dilecti
1383 3034 1512 3102 Consilia·

411 3144 484 3228 arij,
499 3141 670 3208 familiaris
687 3151 720 3209 et
744 3143 851 3209 fidelis
868 3146 978 3228 oostn',
995 3166 1093 3228 quam
1109 3165 1189 3228 erga
1213 3145 1300 3211 clare
1316 3145 1460 3211 memorie
1473 3141 1512 3204 do

414 3250 517 3317 minos
532 3252 759 3335 progenitores
776 3256 914 3334 nostros,
929 3271 1055 3335 nosque
1087 3252 1214 3334 pariter
1228 3253 1262 3316 in
1278 3253 1419 3334 ergentis
1432 3257 1460 3315 et
1475 3270 1510 3314 rr

412 3358 475 3423 due
499 3360 703 3425 necessitatis
720 3359 859 3425 articulo
884 3361 1026 3425 seruauit
1049 3365 1185 3425 actenus
1218 3364 1251 3424 et
1271 3365 1382 3425 serrat
1396 3359 1511 3430 illesam

412 3466 654 3533 considerantes
686 3489 816 3551 quoque
846 3475 943 3552 grata
967 3469 1046 3533 satis
1077 3459 1183 3534 ardua
1199 3473 1232 3532 et
1248 3477 1382 3551 accepta
1398 3463 1511 3538 senilia,

412 3597 475 3659 que
499 3575 585 3640 idem
611 3574 771 3640 Herricus
797 3573 941 3640 Oulmini
973 3575 1097 3642 Nostro
1113 3575 1235 3642 dudum
1253 3575 1511 3646 exhibuitderote,

412 3703 497 3747 nunc
522 3682 662 3767 exhibet,
688 3687 722 3748 et
747 3682 900 3750 exhibere
926 3687 1048 3768 poterit
1071 3685 1298 3768 prosecutione
1329 3681 1473 3762 laudabilj
1487 3679 1510 3742 iu

410 3789 563 3856 futurum.
588 3789 688 3856 Cuius
714 3791 984 3859 considerationis
1008 3793 1126 3860 obtutu
1151 3793 1410 3877 promptuarium
1425 3798 1509 3854 nostre
1543 3803 1548 3894 1

409 3885 561 3966 'munifice
587 3899 694 3983 gratie
721 3899 784 3965 sibi
808 3901 998 3983 procuravit
1012 3923 1074 3985 pro
1090 3901 1224 3980 meritis,
1249 3907 1286 3966 ut
1302 3900 1390 3984 apud
1405 3914 1511 3979 nosper
1545 3895 1548 4004 1

411 4006 535 4090 gradus
560 4005 730 4073 habundet
758 4007 935 4074 honoribus
967 4013 1001 4074 et
1024 4007 1142 4092 amplis
1175 4006 1340 4092 beneficijs
1357 4005 1510 4074 successise
1546 4007 1548 4114 1

411 4120 617 4194 concrescat;
644 4113 751 4180 eidem
779 4113 921 4182 Herrico
947 4121 1117 4198 tamquam
1133 4115 1343 4198 benemerito,
1359 4121 1392 4180 et
1406 4116 1463 4181 suis
1476 4117 1510 4174 ut·
1545 4115 1548 4212 1

412 4224 543 4306 riusque
560 4243 654 4288 sexus
671 4223 845 4288 heredibus
862 4245 901 4288 ex
918 4246 975 4290 suo
992 4245 1127 4308 corpore
1152 4225 1293 4307 legitime
1318 4218 1512 4290 descendenti·
1546 4215 1548 4300 1

412 4329 482 4412 bus,
496 4330 583 4394 natis
598 4331 665 4396 iarn
680 4331 756 4395 etin
766 4338 864 4396 antea
880 4333 1064 4411 nascituris,
1080 4331 1169 4396 bona
1183 4333 1293 4396 omnia
1307 4330 1452 4410 feudalia,
1465 4344 1512 4408 que
1543 4301 1548 4416 1

411 4437 497 4502 idern
515 4436 709 4503 Thomasius
741 4438 774 4503 in
805 4436 948 4505 Ciuitate
972 4437 1100 4505 Aversa
1125 4445 1159 4504 et
1183 4437 1294 4504 (lasali
1319 4437 1465 4504 Trentule
1483 4431 1512 4496 dr
1545 4425 1548 4474 l

412 4544 580 4612 territorio
598 4543 772 4613 Auorsano
797 4544 933 4612 nCuria
959 4553 1073 4613 nostra
1097 4546 1213 4628 tenuit,
1236 4549 1400 4612 necminus
1414 4543 1512 4610 etbu
1543 4569 1547 4634 1
