3134 5252
735 352 973 404 nmnourczrnr
990 343 1159 401 amiran.

913 626 1014 712 rar(

1561 603 1563 628 l

1561 657 1563 696 l

1561 705 1563 724 r

462 801 488 865 Ι.
505 805 607 888 Lajos
621 825 767 896 mugyar
784 808 899 895 tirely
914 811 947 874 ts
967 809 1024 874 VI.
1044 809 1194 874 Kclemeu
1208 814 1311 894 pcipe.
1329 810 1425 874 1346.
1499 822 1502 832 ⁴
1561 809 1563 858 ἱ

486 959 642 1036 Clemens
658 969 842 1054 Episcopus
859 976 920 1036 etc.
936 969 1116 1036 venerabili
1133 969 1229 1034 fratri
1246 966 1434 1034 Bertrando
1448 964 1501 1031 Pa·
1562 989 1563 994 ¹

376 1066 522 1134 triarsshe
541 1067 760 1162 Aquilegensi
778 1077 917 1143 salutem
935 1082 995 1143 eto.
1012 1076 1207 1141 Presentate
1223 1075 1318 1141 nobis
1334 1083 1388 1140 tue
1398 1075 1501 1138 frater·
1562 1075 1563 1080 ’

375 1176 490 1240 nitatis
510 1182 631 1265 littere,
648 1207 731 1270 quas
756 1184 894 1270 benigne
910 1193 945 1250 et
959 1185 1028 1250 leta
1043 1205 1142 1250 manu
1167 1183 1358 1266 recepimus
1374 1183 1501 1248 rontine-
1562 1201 1563 1204 ’

377 1283 473 1372 band,
499 1293 643 1375 qualiter
666 1299 709 1373 te,
734 1292 847 1375 frater,
874 1292 1050 1360 secundum
1068 1292 1306 1358 ordinationem
1323 1297 1355 1355 et
1370 1289 1499 1355 solunte
1562 1331 1563 1340 2

377 1397 449 1464 *cem
466 1407 611 1466 nostram
627 1400 671 1466 ad
687 1401 889 1466 carissimum
915 1404 948 1466 in
976 1399 1109 1466 Christo
1125 1399 1227 1466 filium
1243 1405 1392 1465 nostrum
1406 1397 1499 1462 Ludo

382 1507 489 1572 uicum
514 1505 640 1593 Regem
664 1505 810 1591 Vngarie
836 1509 997 1574 illustrem
1022 1507 1240 1592 personaliter
1266 1507 1456 1586 eonmleras,
1471 1509 1499 1568 et
1562 1551 1563 1594 3

382 1620 535 1698 receptus
551 1621 738 1681 reuerenter
753 1621 787 1680 et
802 1614 977 1682 honorifice
993 1614 1103 1682 iueras
1119 1614 1160 1682 ab
1178 1613 1498 1696 eodem,necnonquc
1562 1615 1563 1620 ’

379 1720 443 1786 sibi
461 1741 500 1786 ex
516 1729 612 1805 parts
628 1729 742 1788 nostra
768 1723 1002 1807 explicaueras,
1027 1724 1163 1808 ipseque
1182 1721 1246 1788 tibi
1263 1721 1306 1786 ad
1321 1718 1497 1785 seduxerat
1561 1781 1563 1792 ,

385 1827 654 1909 respondendum.
680 1826 852 1896 (lenientis
877 1830 978 1913 igitur
1002 1830 1036 1894 in
1061 1830 1184 1896 eisdem
1208 1829 1329 1895 litteris
1345 1826 1497 1892 intellectu
1562 1819 1563 1876 Ῑ

385 1934 481 2016 pleno
498 1935 651 2019 collectis,
668 1942 701 2002 et
716 1936 944 2003 nichilominus
968 1937 1038 2002 visa
1065 1936 1181 2001 cedula
1197 1937 1232 2000 in
1247 1955 1312 1999 vna
1327 1955 1365 2000 ex
1380 1934 1441 2001 tuis
1454 1931 1498 1996 lit

381 2042 462 2106 teris
476 2042 634 2124 predictis
649 2043 783 2126 inclusa,
809 2046 1050 2128 responsionem
1066 2044 1145 2110 dicti
1161 2042 1263 2126 Regis
1289 2043 1437 2107 seriosius
1450 2038 1495 2103 de·
1561 2045 1563 2122 j

382 2147 555 2231 scribente,
572 2173 634 2234 que
650 2157 758 2235 perte
775 2154 864 2218 circa
881 2153 1039 2236 premissa
1056 2173 1121 2216 uon
1137 2154 1207 2216 sine
1221 2151 1334 2216 multis
1349 2147 1498 2215 laboribus
1561 2151 1563 2182 ⁴

310 2276 314 2286 ¹
378 2260 414 2317 et
431 2256 689 2324 solicitudinibus
705 2265 799 2343 gesta
815 2265 900 2342 sunt,
925 2264 1022 2342 grata
1037 2261 1156 2324 nostris
1172 2258 1333 2325 accedunt
1347 2255 1499 2322 ademtis
1561 2267 1563 2350 {

387 2359 562 2427 admodum
587 2368 621 2429 et
646 2372 800 2450 accepta3
825 2372 939 2450 estque
964 2366 1057 2432 nobis
1073 2366 1236 2450 placibilis
1252 2366 1416 2450 responsio
1432 2360 1498 2428 dicti

384 2466 495 2552 Regis,
511 2477 600 2538 tuam
626 2493 725 2558 super
751 2469 908 2557 predictis
935 2475 1138 2557 diligentiam
1163 2472 1386 2556 multipliciter
1400 2471 1430 2536 in
1443 2469 1497 2535 Do
1561 2485 1563 2566 ζ

384 2575 473 2641 mirre
489 2579 760 2646 commendantes.
787 2580 873 2647 Sane
899 2603 971 2648 cum
996 2582 1070 2648 Rex
1092 2581 1240 2666 prefatus
1255 2583 1289 2645 in
1309 2579 1497 2663 responsione
1560 2603 1562 2646 1

382 2683 534 2764 predicta
559 2688 644 2752 inter
670 2689 737 2752 alia
761 2689 892 2769 dixerit,
908 2693 991 2755 siout
1008 2711 1046 2754 ex
1062 2696 1174 2755 tenore
1192 2689 1279 2754 dicte
1295 2688 1407 2754 cedule
1422 2683 1495 2751 colli·

378 2791 469 2874 gitur
486 2793 660 2874 evidenter,
678 2793 764 2879 quod
780 2797 859 2878 ipse,
876 2798 933 2879 qui
948 2795 1011 2862 fuit
1027 2804 1059 2862 et
1076 2803 1126 2862 est
1140 2817 1179 2862 ac
1196 2817 1265 2862 esse
1277 2794 1414 2862 intendit
1422 2791 1496 2874 Apo
1560 2791 1562 2796 ’

378 2897 495 2964 stolice
521 2897 617 2965 Sedis
643 2901 826 2967 obedientie
851 2902 946 2984 filius,
963 2904 1004 2969 ab
1020 2902 1206 2972 huiusmodi
1227 2903 1412 2970 obedientia
1425 2897 1495 2966 deri·
1561 2927 1562 2976 3

382 3027 438 3072 are
454 3007 694 3089 quomodolibet
718 3031 783 3073 nou
809 3011 956 3094 intendit,
972 3014 998 3075 si
1016 3009 1118 3076 Sedes
1144 3013 1217 3094 ipsa
1233 3011 1295 3076 sibi
1312 3007 1493 3093 complaceat
1561 3093 1562 3096 Ἴ

381 3114 416 3177 in
433 3111 530 3179 licitis
547 3120 579 3179 et
595 3114 736 3180 honestis
753 3140 759 3179 ε
775 3138 834 3182 rros
860 3117 1003 3183 eiusdem
1029 3125 1083 3183 trre
1108 3117 1329 3184 fraternitatis
1356 3117 1495 3180 soluimus
1561 3135 1562 3140 ¹

382 3218 589 3302 prudentiam
607 3243 670 3287 uon
686 3222 799 3303 lutere,
816 3225 901 3307 quod
918 3225 1042 3311 Regem
1059 3229 1166 3310 ipsum
1181 3233 1352 3310 tamqnam
1367 3233 1493 3291 nostrum
1557 3307 1562 3316 A*

382 3335 416 3392 et
433 3327 580 3394 Ecclesia
596 3332 798 3396 carissimum
816 3340 848 3398 et
858 3333 1123 3417 specialissimum
1134 3334 1246 3416 filium,
1258 3341 1291 3399 et
1300 3336 1389 3401 intra
1398 3336 1492 3397 nostru
1559 3345 1562 3426 J

379 3441 414 3501 et
429 3433 514 3500 dicte
530 3433 625 3502 Sedis
641 3438 812 3522 precordia
829 3441 1076 3524 recumbentem,
1086 3448 1220 3526 paterne
1231 3443 1377 3508 caritatis
1393 3437 1493 3504 affectu

380 3545 617 3627 prosequimur,
633 3553 666 3611 et
681 3549 823 3630 gerimus
840 3550 873 3612 in
889 3549 1064 3614 visceribus
1089 3550 1249 3632 caritatis,
1265 3571 1325 3616 nee
1341 3549 1444 3632 aliqua
1456 3542 1468 3608 i
1482 3580 1493 3592 ·
1559 3567 1561 3574 ·

380 3671 455 3715 cere
479 3652 687 3736 intendimus,
712 3676 770 3738 per
797 3679 859 3739 que
885 3657 954 3740 ipse
981 3679 1000 3722 a
1027 3657 1196 3725 devotione
1221 3659 1370 3744 predicta
1385 3650 1491 3720 retrahi

381 3755 506 3837 debeat,
523 3761 621 3826 immo
636 3765 778 3844 prompti
803 3785 913 3831 sumus
937 3772 971 3829 et
995 3785 1065 3830 esse
1091 3768 1310 3850 proponimus,
1340 3763 1491 3850 petitiones

381 3885 456 3929 suas
472 3866 576 3933 iustas
593 3874 625 3933 et
641 3868 794 3934 honestas
810 3869 1037 3938 fauorabiliter
1055 3874 1219 3939 exaudire.
1235 3874 1342 3941 Porro
1357 3889 1491 3957 superet
1511 3933 1514 3938 .

381 3971 469 4056 quod
494 3973 696 4041 adiciebatur
721 3978 755 4041 in
781 3977 928 4061 predicta
955 3981 1077 4062 cedula,
1102 3982 1227 4066 Regem
1253 3982 1415 4067 prefatum
1442 3976 1492 4043 t'bi
1560 4041 1561 4058 ,

381 4079 508 4166 dixisse,
524 4085 609 4168 quod
636 4106 716 4151 vnus
741 4087 844 4150 malus
870 4088 967 4154 horno
983 4097 1116 4156 vocatus
1132 4089 1313 4176 Gregorius
1330 4091 1417 4156 nobis
1432 4107 1491 4168 sug·
1559 4097 1561 4110 '

380 4197 537 4270 gesserat,
562 4190 686 4276 Regem
711 4191 875 4276 prefatum
902 4217 971 4261 esse
993 4199 1138 4279 stultum,
1153 4199 1374 4282 impotentem,
1390 4217 1490 4283 paupe·
1558 4233 1560 4242 ,

380 4313 449 4358 rem
475 4300 509 4360 et
535 4299 600 4361 suis
625 4299 774 4382 gentibus
800 4300 945 4367 odiosum
962 4329 967 4368 :
985 4311 1052 4370 turn
1079 4305 1249 4386 te,f1·ater,
1270 4307 1488 4390 quumRrgem

381 4399 518 4466 eundem
534 4411 639 4484 perte
656 4427 716 4488 pro
733 4412 820 4472 certo
846 4415 957 4476 terrere
982 4412 1137 4494 volumius,
1163 4414 1251 4497 quod
1268 4435 1425 4497 nunquam
1441 4409 1488 4474 ali·
1559 4425 1560 4430 ’

380 4510 453 4600 quis
469 4509 509 4574 de
525 4509 616 4590 Rege
642 4514 712 4601 ipsu
732 4517 880 4603 predicta
897 4519 945 4583 rel
963 4519 1081 4586 similia
1102 4521 1167 4586 ulia
1186 4522 1285 4603 dixit3
1308 4543 1365 4588 uer
1381 4521 1489 4586 scimus.
1559 4599 1560 4604 ἵ
