3254 5260
607 371 701 436 1343.
1160 375 1200 434 37

96 552 143 624 tes,
166 545 246 628 quod
263 566 321 628 per
340 553 485 612 castrum
504 546 760 614 Sibenicensium
776 548 899 612 nullum
918 547 1071 612 damnum
1087 547 1203 612 (lomes

95 654 244 736 Neliptius,
268 673 327 718 nec
342 653 400 718 alii
424 677 562 738 vnquam
578 662 781 739 receperunt,
792 677 851 720 neo
867 661 952 720 esset
976 654 1080 718 honor
1105 653 1201 720 huius

98 760 222 825 [luminii
243 762 349 844 ipsum
374 763 538 844 prosterni
555 762 681 841 facere3
713 765 893 844 consulunt,
919 761 1007 846 quod
1024 783 1082 844 per
1105 761 1203 826 istam

96 865 333 932 Dominationem
350 869 587 951 respondeatur
597 870 861 936 ambasiatoribus
875 868 1030 952 predictis
1048 889 1120 932 cum
1137 868 1202 933 illis

96 975 198 1057 pulcris
213 976 324 1055 verbis,
336 997 398 1058 qno
409 977 525 1041 viderit
541 979 711 1042 convenire
723 1001 731 1056 ;
748 975 923 1044 asserendo
935 976 1021 1040 inter
1030 975 1104 1054 alia,
1116 975 1202 1058 quod

98 1101 157 1144 cum
171 1083 364 1146 constructio
388 1091 421 1148 et
437 1083 622 1149 hedificatio
648 1084 747 1149 castri
765 1083 1021 1149 Sibenicensium
1041 1083 1203 1166 predicto-

95 1210 154 1251 rum
169 1210 226 1253 non
240 1188 325 1254 facta.
342 1186 444 1255 suerit
460 1191 527 1256 alia
544 1191 585 1256 de
601 1212 706 1274 causa,
722 1213 820 1274 quarn
831 1213 891 1274 pro
909 1192 1154 1256 conservatione
1169 1198 1201 1255 et

97 1294 221 1358 custodia
236 1294 416 1361 Distriotus
432 1296 601 1376 Sibinichi,
616 1305 650 1362 ot
665 1297 834 1377 bonorum,
851 1319 914 1380 que
930 1297 962 1361 in
980 1318 1017 1362 eo
1034 1302 1118 1376 suut,
1129 1317 1200 1360 cum

97 1399 167 1464 idem
178 1402 350 1468 Districtus
367 1405 412 1468 sit
428 1405 522 1470 valde
538 1425 671 1488 sparsus
682 1411 716 1470 et
724 1406 834 1486 magni
851 1405 1015 1486 circuitus,
1031 1413 1069 1468 ut
1086 1404 1200 1484 sciunt,

96 1513 122 1569 et
135 1529 197 1572 curn
212 1531 273 1575 non
289 1510 467 1594 videamus,
478 1511 564 1594 quod
580 1519 715 1596 propter
731 1513 836 1594 ipsum
853 1532 917 1576 non
933 1511 1032 1576 fucrit
1049 1511 1200 1575 damnum

95 1612 208 1695 aliquod
223 1616 254 1679 in
271 1623 423 1684 contrata
440 1619 653 1700 commissum,
677 1639 737 1683 nco
760 1619 859 1684 etiam
878 1625 1011 1702 proptor
1036 1618 1141 1700 ipsum
1158 1618 1199 1680 sit

96 1722 130 1786 sd
144 1743 263 1804 presens
282 1725 417 1791 dubium
437 1725 579 1808 aliquod,
603 1748 667 1791 non
691 1727 820 1791 videtur
845 1733 957 1791 nostro
982 1723 1134 1790 Dominio
1158 1721 1198 1786 de

94 1827 223 1896 iaciendo
238 1833 338 1898 ullam
365 1835 548 1898 novitatem.
575 1833 621 1898 Et
638 1835 664 1897 si
681 1856 741 1916 pro
757 1840 901 1916 tempore
918 1833 1026 1900 l'uturo
1043 1851 1199 1912 cognove-

91 1935 184 2014 rimus,
208 1940 290 2020 qnod
316 1949 451 2022 propter
476 1940 636 2006 novitates
659 1940 706 2004 vel
733 1939 844 2023 aliqua
877 1940 951 2019 alia,
976 1961 1037 2023 que
1061 1961 1199 2022 appare·

92 2048 160 2122 rent,
172 2042 202 2108 in
217 2051 393 2126 contracta,
417 2053 559 2110 castrum
582 2047 765 2130 predictum
781 2046 998 2112 conditionem
1015 2052 1049 2111 et
1063 2045 1197 2112 dubium

92 2157 228 2233 portaret,
244 2155 283 2218 de
307 2155 380 2237 ipso
404 2154 628 2237 providebitur
651 2177 709 2238 per
735 2160 881 2220 nostrum
897 2153 1094 2233 Dominium,
1112 2156 1197 2220 sicut

89 2255 190 2323 viderit
203 2259 268 2325 fore
284 2267 513 2344 opportunum.

182 2364 410 2449 CaptazAd
441 2365 483 2446 id,
516 2365 604 2449 quod
635 2367 742 2433 dictus
759 2363 878 2432 Comes
909 2367 1073 2450 Neliptins
1104 2369 1197 2451 petit,

90 2472 238 2556 quodipse
269 2474 397 2540 eteius
428 2473 516 2539 filius
547 2475 748 2558 recipiantur
779 2477 813 2538 in
846 2497 978 2540 numero
1009 2483 1195 2540 nostrorum

91 2577 189 2644 civium
205 2588 270 2662 etc,
286 2582 460 2650 consulunt
478 2581 650 2666 Sapientes
668 2589 701 2648 et
724 2582 916 2648 Provisores
940 2580 1088 2665 predicti,
1106 2583 1194 2666 quod

88 2681 136 2747 tint
150 2685 201 2766 eis,
216 2689 297 2752 sicut
312 2690 508 2772 promissum
529 2697 588 2755 est.

178 2848 209 2904 (A
223 2851 330 2900 ›Misti‹
345 2851 436 2902 czimtt
450 2853 586 2902 velenczei
600 2852 778 2915 sillamkdnyv
790 2852 865 2900 xxl.
880 2851 1038 2914 kdtetebol.)

545 3066 608 3074 ...0-
624 3069 675 3074 ---
685 3069 703 3074 .-

616 3301 666 3361 32.

89 3467 262 3541 Audenczei
277 3477 623 3564 lrornndnytandcsnalc
644 3478 836 3542 intdzkede‘se
864 3463 1096 3564 Bnlpariddan
1111 3503 1193 3566 mep-

88 3573 231 3647 l‘o'roaitott
257 3585 408 3649 velenczei
434 3586 678 3650 kalmdroknalc
710 3587 968 3651 ledrrnentesltesc
998 3588 1192 3674 to'rqydlan.

579 3695 673 3760 1343.

172 3863 259 3936 Auno
299 3872 432 3938 Domini
470 3871 736 3940 MoooXLIH.
776 3873 828 3938 die
867 3873 947 3942 XV.
985 3871 1191 3958 Decembrus

86 3965 316 4056 causacum
349 4004 400 4047 ser
433 3981 575 4048 Ursatus
606 3982 646 4047 do
677 3982 890 4065 Boninsegnn
921 3989 953 4045 ot
978 3980 1185 4052 aliisuerunt

86 4073 274 4164 dampnificati
290 4113 349 4173 per
364 4096 493 4173 gentem
510 4091 725 4174 Imperatoris
737 4090 966 4173 Bulgarorurn,
978 4097 1009 4153 et
1026 4093 1089 4161 suit
1101 4115 1189 4160 com-

84 4187 192 4256 missum
206 4194 320 4263 Baiulo
345 4199 654 4284 Constantinopolis,
671 4201 758 4284 quod
775 4200 977 4266 examinaret
1013 4211 1047 4270 et
1062 4212 1192 4270 taxaret

81 4313 131 4372 Pru
143 4297 274 4385 dvmpni,
291 4313 325 4372 ct
342 4309 414 4390 ipse
431 4307 465 4372 id
483 4333 545 4374 nou
562 4312 707 4393 pituerit
724 4311 835 4377 t'aocro
862 4339 868 4379 :
887 4313 980 4378 vadit
998 4335 1085 4396 pars,
1103 4315 1192 4398 quod

85 4403 290 4479 iconmittntur
306 4415 535 4485 Provisoribus
561 4417 758 4510 Communis,
789 4420 876 4505 quod
893 4421 1013 4488 dictum
1030 4424 1191 4494 examina·
