3220 5248
368 385 432 447 558
721 398 957 446 orraouaczrar
974 385 1142 446 suntuna.

293 598 297 610 ·
367 557 416 644 D)
440 558 503 628 IV.
535 557 707 624 Rudolf
736 557 963 625 ansztriai
1002 559 1284 644 herczsgnelr
1327 555 1498 626 Gerlalr

582 664 1285 751 majnczivalasztcfejedelem.

472 789 603 856 Illustri
633 789 781 874 Principi
813 797 847 856 et
876 790 1022 873 potenti,
1061 788 1192 855 domino
1232 787 1376 855 Rndolfo
1407 787 1498 853 Duei

366 894 515 980 Austris,
531 897 635 962 amico
652 903 764 964 nostro
791 895 919 976 dilecto,
944 893 1105 962 Gerlacus
1130 896 1191 962 stb.
1208 897 1367 961 sinceram
1383 894 1430 960 ad
1445 895 1499 960 be·

366 1004 533 1088 neplacita
548 1003 758 1070 voluntatem.
775 1000 832 1069 Ad
847 1009 996 1069 nostram
1012 1023 1116 1086 nuper
1132 1001 1268 1069 deduxit
1278 1002 1433 1068 noticiam
1449 1022 1499 1065 re-

367 1111 450 1176 lacio
466 1109 642 1195 fidedigna,
667 1110 823 1180 Vestram
849 1109 982 1193 quidem
1006 1107 1269 1176 Generositatem
1291 1108 1498 1176 serenissimi

366 1215 501 1284 Domini
516 1219 630 1302 nostri,
645 1217 767 1283 domini
783 1217 998 1303 Imperatoris
1015 1218 1149 1284 auribus
1165 1216 1327 1298 intulisse,
1340 1217 1428 1302 quod
1438 1236 1498 1282 nos

366 1324 551 1409 etquidem
576 1325 634 1390 alii
658 1326 762 1391 nostri
788 1325 1022 1410 Conprineipes
1046 1324 1141 1392 Sacri
1167 1325 1302 1409 Imperii
1317 1325 1497 1416 Electores

366 1430 407 1496 de
432 1432 637 1498 conniventia
661 1438 695 1497 et
720 1434 804 1498 scitu
824 1470 859 1480 -
880 1469 925 1482 -
940 1471 984 1481 —
1000 1471 1043 1480 -
1061 1432 1185 1500 Summi
1209 1431 1382 1499 Pontificis
1402 1427 1497 1514 apud

367 1538 516 1604 inolitum
532 1536 698 1604 dominum
724 1537 851 1623 Regem
875 1539 1025 1622 Vngarie
1050 1538 1208 1606 factiones
1225 1545 1258 1605 et
1273 1539 1408 1604 consilia
1424 1557 1498 1620 pre·

366 1645 598 1728 sumpserimus
623 1652 831 1730 attemptare,
846 1668 906 1731 pro
922 1645 1127 1731 deposicione
1154 1646 1319 1731 siquidem
1335 1645 1415 1710 dicti
1431 1641 1496 1710 Do·

367 1751 446 1818 mini
463 1752 569 1818 nostri
584 1751 809 1837 Imperatoris,
834 1759 868 1820 et
894 1753 1127 1821 sublimatione
1153 1753 1233 1819 dicti
1253 1751 1374 1818 domini
1391 1751 1493 1835 Regis

367 1857 410 1926 ad
425 1858 593 1944 fastigium
609 1859 827 1944 Imperatoria
844 1861 1024 1943 dignitatis
1040 1859 1128 1946 Quia
1143 1861 1245 1943 igitur
1253 1859 1353 1926 nichil
1364 1861 1492 1926 omnino

365 1967 480 2033 horum
497 1967 616 2032 conscii
631 1967 725 2034 nobis
742 1989 863 2048 sumus,
879 1974 911 2033 et
926 1990 984 2051 per
1000 1968 1083 2035 talia
1099 1988 1140 2033 ac
1154 1973 1224 2033 tam
1240 1966 1383 2033 nefanda
1398 1988 1493 2033 cona·

366 2073 454 2139 mina
470 2075 564 2139 inriti
580 2075 744 2156 vellemus,
761 2075 880 2141 nedum
904 2075 1087 2158 cogitando,
1103 2083 1140 2140 ut
1156 2075 1197 2140 de
1212 2075 1301 2141 lacto
1316 2080 1490 2153 taceamus,

366 2177 486 2246 inferre
512 2179 672 2246 maculam
697 2180 782 2248 lame
808 2189 919 2248 nostre
935 2206 942 2247 :
958 2181 1178 2248 admiracione
1203 2182 1337 2248 nimium
1367 2188 1491 2266 pertur-

365 2288 464 2354 bante
480 2286 695 2371 percellimur,
711 2311 852 2372 quonam
868 2289 1086 2369 adinventore,
1102 2310 1208 2373 quove
1225 2290 1489 2373 calumpniatore,

366 2397 408 2462 ad
423 2401 531 2461 vestre
547 2397 744 2480 cognicionis
755 2399 909 2464 noticiam
919 2398 980 2464 hec
995 2399 1036 2464 de
1051 2399 1145 2463 nobis
1160 2399 1324 2464 etnostris
1336 2396 1488 2482 Conprin-

366 2503 493 2587 cipibus
509 2525 664 2588 perversa
679 2503 801 2572 relacio
818 2506 1018 2588 convolarit;
1041 2527 1114 2572 cnm
1129 2512 1253 2572 eertum
1270 2505 1323 2584 sit,
1337 2505 1489 2571 etllrcel·

365 2611 469 2676 leucio
494 2608 616 2679 Vestra
639 2619 752 2679 notum
778 2614 907 2696 existat,
933 2613 1021 2697 quod
1046 2612 1086 2678 de
1111 2613 1162 2678 his
1188 2634 1355 2696 nunquam
1380 2613 1421 2678 ad
1436 2632 1488 2676 ros

366 2737 472 2784 sermo
497 2718 591 2784 nobis
616 2718 688 2800 luit,
702 2741 762 2785 nec
778 2721 848 2786 ulla
864 2720 907 2786 ad
923 2741 980 2785 ros
997 2742 1148 2804 supereo
1165 2721 1288 2804 scripta
1308 2726 1419 2786 nostra
1435 2741 1487 2784 sau

365 2827 486 2894 nuncia
509 2833 735 2911 pervenerunt
762 2826 974 2912 Quapropter
998 2826 1152 2897 Vestram
1168 2829 1352 2912 preclaram
1367 2826 1487 2893 Nobili-

364 2939 467 3000 tatem
491 2954 645 3018 rogamus
671 2935 778 3001 animo
805 2933 1080 3018 affectuosissimo,
1107 2939 1269 3020 quatenus
1295 2933 1486 3001 sinceritatis

364 3047 483 3125 mutue,
500 3063 565 3124 qua
580 3061 820 3125 unumcumque
840 3041 1028 3128 Principem
1054 3044 1210 3110 honorem
1234 3043 1370 3110 alterius
1386 3042 1488 3108 zelare

365 3148 522 3228 convenit,
538 3146 579 3213 ob
595 3155 788 3232 respectum,
813 3149 896 3216 talia
912 3151 1061 3218 danobis
1085 3150 1216 3216 minime
1233 3151 1417 3233 sancientes
1432 3169 1487 3214 nos

366 3276 463 3339 super
486 3255 653 3322 delacione
678 3257 863 3322 huiusmodi
889 3257 1048 3325 iniuriosa
1072 3259 1181 3325 velitis
1198 3259 1231 3324 in
1247 3259 1350 3343 ipsius
1369 3257 1485 3324 domini

364 3360 580 3447 Imperatoris
605 3362 778 3430 audiencia
798 3384 962 3448 excusare,
978 3365 1137 3450 nobisque
1154 3386 1214 3450 pro
1232 3365 1420 3431 innocencia
1436 3385 1487 3430 no·
1597 3413 1598 3416 ,

365 3478 434 3537 stra
449 3472 483 3536 in
498 3471 560 3537 hac
575 3477 669 3555 parte
685 3471 915 3554 conservanda,
925 3479 1060 3557 portare
1077 3479 1111 3538 et
1126 3471 1274 3540 conferre
1290 3494 1349 3557 per
1364 3478 1485 3538 vestras

364 3587 512 3665 patentes
528 3581 667 3660 litteras,
683 3585 716 3645 et
732 3580 798 3646 oris
822 3578 980 3646 beneficio
1005 3579 1060 3646 ubi
1077 3601 1207 3648 necesse
1222 3579 1332 3660 fuerit,
1348 3579 1485 3647 debitum

363 3688 583 3754 testimouium
608 3688 766 3753 veritatis.
792 3686 878 3753 Nam
905 3690 932 3752 si
959 3691 1013 3772 qui
1040 3687 1128 3755 ultra
1144 3686 1286 3754 forsitan
1302 3689 1434 3757 sinistre
1449 3685 1485 3750 de

363 3797 457 3862 nobis
474 3797 650 3880 suspicans,
675 3817 811 3862 causare
829 3795 869 3861 de
886 3797 1053 3864 contrario
1073 3817 1132 3863 nos
1149 3802 1279 3863 curaret
1295 3821 1302 3861 ε
1317 3797 1427 3881 parati
1442 3817 1485 3861 es

364 3926 470 3971 semus
486 3906 520 3969 in
535 3904 721 3988 Imperiolis
747 3901 835 3970 Aule
853 3905 879 3972 J
881 3905 996 3986 udicio,
1012 3913 1046 3971 et
1061 3905 1095 3970 in
1110 3907 1195 3971 omni
1211 3905 1284 3971 loco
1301 3906 1394 3971 iuxta
1409 3904 1483 3970 dicti

363 4011 570 4082 Serenissimi
591 4013 724 4080 Domini
750 4017 855 4081 nostri
871 4015 1097 4099 Imperatoris,
1115 4022 1149 4080 et
1164 4015 1329 4082 dictorum
1347 4013 1483 4081 dondno·

362 4145 434 4188 rum
450 4129 636 4189 nostrorum
653 4119 907 4206 Oonprincipum
916 4123 1081 4189 decretum
1099 4144 1195 4206 super
1210 4122 1260 4187 his
1276 4143 1336 4188 nos
1352 4123 1483 4188 veritate

361 4231 472 4297 lucida
488 4251 679 4316 expurgare.
694 4229 822 4327 Datum
837 4229 897 4296 stb.

470 4375 612 4437 (Gudenns
635 4373 732 4425 Balint
753 4373 919 4436 Ferdinand,
943 4375 1034 4426 Codex
1057 4375 1260 4439 Diplomaticua
1279 4375 1480 4426 Anecdotorurn

362 4465 414 4518 Bes
437 4464 614 4530 Mogontinas
635 4467 688 4516 stb.
711 4465 923 4532 illustrantiunt,
946 4467 997 4516 111.
1011 4467 1070 4517 ket.
1084 4465 1237 4516 Franklnrt
1249 4465 1278 4516 ea
1291 4465 1389 4532 Lipcae
1410 4467 1478 4515 1751.
