3254 5260
365 294 406 354 16
729 308 961 354 nnuouscznu
977 295 1144 354 1111111111.

366 467 421 548 rie,
438 487 502 546 qne
533 472 584 531 est
614 463 763 549 Neapoli,
794 466 964 547 elongetur
993 467 1150 530 terminus
1168 463 1288 530 Comiti
1305 465 1436 549 Duymo
1454 464 1493 530 de

367 573 473 656 Vegla
489 572 637 636 veniendi
653 572 696 637 ad
712 593 772 637 nos
788 594 848 654 pro
865 573 1046 636 iuramento
1062 570 1229 637 fidelitatis
1245 594 1348 655 usque
1364 574 1409 638 ad
1425 571 1493 636 Na·

366 681 527 748 tivitatcm
542 681 673 747 Domini
689 681 835 762 proxime
852 702 923 744 cum
938 679 1048 764 penis,
1072 679 1235 763 ligamine,
1250 680 1494 747 condicionibus

367 788 515 856 omnibus
531 789 620 853 ultra
630 787 745 871 captis,
1421 779 1425 784 ’

475 950 509 1010 (Α
525 949 634 1000 »misti«
647 948 735 998 czinrll
748 949 884 999 velenczei
898 949 1124 1013 allamkiinyvbdl
1137 950 1212 1000 XXI.
1232 948 1394 1011 kittetdbdl.)
1495 968 1497 972 ·

853 1159 1012 1168 --—--—‹

907 1436 958 1496 28.

370 1593 399 1660 Α
416 1592 1138 1678 11111111111ὅ11111111ά911Ν111111111111111
1152 1592 1232 1678 prdf
1244 1593 1329 1656 aazia·
1345 1593 1495 1676 bc'loeasc'p.

885 1701 978 1766 1343.

463 1859 706 1942 1111111111
722 1858 807 1924 facte
823 1882 896 1925 cum
914 1859 1042 1925 Comite
1058 1862 1092 1927 Ν
1093 1860 1215 1944 eliptio.

479 1966 520 2030 In
537 1967 663 2033 Christi
679 1967 806 2031 nomine
822 1965 939 2032 Amen.
956 1965 1053 2032 Anno
1070 1968 1264 2035 Natiuitatis
1274 1966 1417 2031 eiusdem
1427 1965 1499 2029 mil·

371 2074 483 2138 lesimo
515 2074 739 2138 trecentesimo
772 2074 1023 2157 quadragesimo
1049 2075 1161 2156 tercio,
1177 2073 1355 2139 indictione
1370 2071 1500 2137 undeci-

372 2203 434 2261 ma,
450 2181 502 2246 die
519 2180 626 2245 sabati
653 2185 771 2261 quarto
798 2179 961 2246 Octubria
988 2180 1071 2248 Cum
1095 2183 1181 2247 inter
1199 2181 1281 2248 alias
1305 2181 1441 2244 virtutes
1468 2184 1501 2244 et

372 2287 752 2371 humanasoperationes
768 2310 832 2372 pax
850 2290 999 2355 obtineat
1022 2291 1249 2373 principatum,
1274 2309 1371 2372 quam
1387 2307 1501 2370 pacem

375 2401 542 2478 tamqnam
574 2416 691 2460 munus
706 2397 895 2478 precipuum
927 2397 1019 2461 Deus
1035 2403 1146 2461 noster
1166 2396 1381 2480 Omnipotens
1398 2393 1501 2459 insui

372 2499 555 2566 Nativitate
566 2523 623 2585 pre
634 2504 751 2568 ceteris
762 2505 795 2566 in
806 2504 903 2568 terris
914 2525 972 2586 per
989 2525 1063 2569 euos
1080 2503 1213 2586 angelos
1223 2502 1326 2567 uoluit
1336 2502 1503 2586 nunciari3
1616 2517 1619 2542 ⁴

374 2613 407 2674 et
423 2630 525 2691 nuper
541 2611 715 2692 instigante
731 2611 863 2675 humani
880 2611 1007 2693 generis
1022 2611 1163 2690 inimico,
1180 2611 1236 2692 qni
1261 2609 1419 2675 zizaniam
1436 2607 1503 2674 ubi-

374 2713 454 2779 libet
478 2717 600 2798 satagit
616 2718 784 2798 seminare,
800 2739 859 2800 pro
885 2718 1044 2800 dampnis,
1061 2717 1227 2782 violenciis
1243 2723 1277 2782 et
1287 2716 1415 2781 iniuriis
1431 2715 1504 2780 illa·
1616 2701 1619 2724 ¹

1617 2807 1619 2832 l

374 2823 418 2886 tis
433 2819 590 2886 hactenus
607 2830 640 2887 et
655 2825 832 2888 commissis
843 2822 1014 2889 Communi
1024 2828 1058 2889 et
1068 2824 1250 2890 hominibus
1261 2824 1413 2903 Sibenici,
1428 2822 1506 2888 fide·
1615 2835 1619 2862 ¹

376 2926 463 2993 libus
478 2929 601 2994 domini
615 2929 717 2997 Ducis
750 2941 783 2997 11
813 2930 1001 2997 Communis
1028 2931 1253 3016 Veneciarum,
1268 2953 1326 3014 per
1343 2929 1506 2996 Comitem
1616 2921 1619 3016 ξ

376 3034 564 3118 Nelipcium
579 3037 774 3118 Tiniensem,
784 3045 817 3104 11
832 3041 900 3104 eius
910 3044 1062 3120 nepotem
1073 3037 1236 3104 Comitem
1246 3035 1508 3118 Constantinum,
1617 3086 1619 3122 ,

379 3144 413 3204 11
427 3148 540 3221 gentes
557 3163 711 3224 sequaces
729 3165 849 3224 corum,
865 3166 980 3227 guerre
1005 3151 1038 3208 et
1055 3144 1215 3211 discensio
1231 3144 1317 3209 foret
1333 3151 1407 3209 orta
1422 3145 1508 3208 inter
1617 3147 1619 3224 j

377 3245 540 3329 prelatum
556 3247 724 3314 Illustrem
739 3255 772 3314 et
787 3249 1000 3332 Magnificum
1015 3250 1201 3331 Dominum,
1228 3249 1397 3338 dominum
1416 3247 1509 3313 And-

378 3372 469 3418 ream
500 3351 663 3434 Dandulo,
693 3355 758 3421 Dei
789 3358 903 3438 gracia
941 3355 1168 3440 Veneciarum,
1197 3356 1368 3422 Dalmacie
1411 3363 1509 3438 atque
1617 3381 1619 3448 j

380 3457 539 3524 Chroacic
554 3459 710 3528 Inclitum
726 3462 853 3529 Ducem
869 3469 902 3528 11
918 3462 1097 3529 Dominum
1117 3462 1244 3547 Quarto
1260 3464 1374 3528 Partis
1401 3471 1434 3529 et
1449 3447 1508 3529 Di·
1618 3507 1619 3538 2

379 3565 478 3630 midie
495 3567 595 3632 totins
613 3566 747 3652 Imperii
763 3563 933 3652 Romanic,
959 3578 992 3636 et
1017 3571 1123 3653 ipsum
1155 3571 1332 3636 Commune
1349 3568 1509 3636 Venecia·
1617 3577 1619 3580 ’

379 3695 451 3739 rum
468 3679 501 3737 11
516 3673 628 3768 fideles
645 3667 714 3740 eius
731 3677 895 3760 predictos
912 3699 951 3742 111
982 3685 1075 3760 parte
1091 3698 1165 3756 una,
1181 3684 1213 3742 et
1229 3677 1392 3760 prelatum
1408 3679 1512 3760 Egre·

340 3859 345 3869 Ι
380 3783 468 3865 gium
484 3787 518 3844 et
533 3789 699 3864 potentem
718 3784 821 3848 virum
838 3784 1003 3849 dominum
1014 3782 1197 3868 Nelipcium
1208 3782 1369 3848 Comitem
1380 3783 1513 3849 Tinicn-

381 3908 448 3953 scm
465 3889 634 3967 exaltare,
651 3892 835 3972 recogitans
853 3891 940 3956 idem
956 3889 1104 3956 dominus
1115 3888 1514 3975 ComesNelipcius,quot
1617 3879 1619 3950 Ῐ

379 3994 467 4060 bona
498 4017 537 4059 cx
568 4018 649 4079 pace
680 3999 884 4079 proueniunt,
911 4005 944 4062 et
960 4019 1017 4079 per
1032 4018 1231 4081 consequens
1256 4005 1336 4081 quot
1351 3999 1441 4064 mala
1456 4020 1514 4082 per
1617 4033 1619 4082 J

382 4121 534 4182 guerram
565 4112 772 4187 generantur,
804 4113 837 4170 11
868 4105 1023 4188 pericula,
1055 4106 1222 4189 inquibus
1245 4111 1316 4170 tota
1340 4113 1516 4173 contracta

383 4205 555 4272 Solanonie
587 4218 762 4294 propterea
794 4210 993 4290 subiacebunt,
1013 4212 1121 4277 Deum
1138 4213 1259 4278 habens
1275 4233 1333 4296 pre
1349 4213 1465 4293 oculis,
1480 4221 1514 4278 11

383 4312 484 4394 ipsius
501 4317 640 4399 vestigia
656 4321 787 4401 cupiens
803 4320 937 4399 imitari,
948 4339 1019 4385 cum
1036 4320 1190 4404 Egregiis
1206 4326 1240 4386 et
1254 4319 1420 4385 nobilibus
1436 4322 1514 4386 viris
1618 4359 1619 4362 ¹

382 4418 522 4486 dominis
540 4418 679 4492 Nicoluo
695 4425 736 4490 de
753 4425 872 4490 Priolis
884 4431 917 4490 11
934 4423 1074 4495 Nicolao
1086 4425 1208 4510 Pisani,
1235 4425 1356 4492 ciuibus
1372 4427 1513 4494 honora-
