3220 5248
400 343 466 405 528
751 361 987 410 orruounczrnr
1005 350 1171 410 uunuusn.

399 519 584 588 nullatenus
615 542 674 588 nos
706 521 845 589 deseret.
874 522 964 589 Date
989 523 1155 610 Visegrod
1180 525 1299 591 mensis
1325 523 1452 610 Aprilis
1476 527 1523 591 die

397 625 577 696 XXVIII.

513 774 549 833 (A
576 773 679 840 »Gopr'n
702 776 735 825 de
757 776 998 827 Commemorinli«
1023 778 1113 828 ozimli
1138 778 1277 828 relenczei
1292 779 1524 842 tilamlrr'myrl'l.

400 863 543 913 kotetebo'l
561 869 622 915 210.
636 865 700 926 lev.)

930 1194 1003 1256 398.

398 1353 424 1415 Ι.
442 1354 544 1439 Lajos
559 1375 700 1438 nrnqyar
716 1353 829 1437 kirn'ly
855 1353 985 1416 Granni.
1001 1354 1039 1416 olo
1056 1350 1177 1417 Grrocs'o
1187 1353 1349 1438 fronesin
1367 1359 1526 1440 tronprnr·

735 1461 929 1524 leodensnelr
947 1462 1064 1524 reoze'n.
1096 1465 1191 1525 1359.

507 1621 548 1686 In
564 1620 693 1686 nomine
709 1620 844 1686 Domini
861 1618 980 1686 Amen.
996 1618 1096 1687 Anno
1112 1622 1247 1688 Domini
1263 1622 1305 1688 ab
1322 1625 1467 1689 eiusdem
1475 1624 1527 1688 In·

397 1730 586 1796 estuatione
602 1726 904 1796 mmocmvlm.
920 1728 1097 1795 indictione
1122 1751 1218 1811 nono,
1234 1731 1287 1796 die
1302 1731 1430 1797 XXII.
1445 1755 1526 1798 meu·

397 1838 441 1902 sis
459 1835 627 1919 Optubris.
643 1834 726 1900 Cum
742 1835 794 1900 die
811 1831 953 1904 XVIII.
969 1839 1088 1902 mensis
1105 1836 1274 1922 Optubris‚
1290 1839 1324 1902 in
1339 1861 1526 1922 quesumus

397 1943 571 2008 secundum
587 1941 724 2009 formam
740 1949 939 2009 statutorum
956 1951 988 2009 et
1004 1945 1305 2012 ordinamentorum
1322 1945 1526 2026 Senensium;

398 2055 432 2115 et
447 2071 537 2115 more
562 2051 720 2117 haetenus
746 2058 911 2118 osservoto
935 2075 994 2136 per
1017 2053 1160 2120 nobilem
1176 2052 1341 2119 domiuum
1360 2054 1526 2119 Dilionum

397 2158 437 2224 (le
453 2157 679 2226 Panoistiohis
705 2159 745 2225 de
770 2160 914 2226 Pistorio
936 2160 1162 2227 honorabilem
1178 2167 1363 2244 presentem
1379 2163 1527 2228 Potests·
1600 2155 1601 2164 ’

396 2273 462 2332 tem
480 2264 669 2333 Communis
686 2264 856 2348 Seuerum,
872 2268 906 2333 in
924 2266 1082 2334 Generali
1100 2266 1247 2335 Consilio
1264 2267 1434 2352 (lampone
1451 2268 1527 2334 disti
1599 2333 1601 2342 A

399 2374 587 2440 Communis
614 2375 774 2442 Seuerum
791 2376 832 2441 de
848 2398 948 2460 capso
963 2383 998 2444 et
1015 2377 1137 2460 pisside
1152 2379 1310 2443 existente
1324 2379 1359 2443 in
1373 2399 1482 2462 eopse,
1496 2378 1527 2440 in

397 2505 463 2568 quo
479 2489 554 2548 sunt
570 2483 726 2566 descripti
751 2483 806 2565 lrii,
832 2485 889 2566 qui
908 2484 948 2549 de
966 2483 1069 2551 offitio
1087 2485 1292 2552 dominorum
1318 2485 1396 2551 XII
1413 2485 1527 2551 Admi-

396 2593 612 2656 nistratorum
635 2598 668 2655 et
692 2588 961 2658 Gubernatorum
979 2589 1166 2658 Communis
1183 2600 1216 2658 et
1230 2591 1351 2676 Populi
1368 2593 1527 2660 Civitatis
1600 2649 1601 2654 ,

397 2699 558 2766 Seuerum
583 2721 644 2783 per
670 2698 781 2765 lutura
806 2707 956 2784 temporo
982 2720 1050 2765 esse
1067 2700 1198 2782 debent,
1214 2700 1315 2766 donec
1331 2703 1451 2767 durant
1467 2702 1527 2784 pis·

396 2808 482 2874 sides
499 2807 697 2892 supra-dicte,
721 2807 823 2873 suerit
849 2815 997 2874 extracto
1012 2828 1072 2891 pro
1089 2806 1177 2874 dioto
1192 2808 1296 2875 offitio
1310 2809 1526 2876 Dominorum
1598 2823 1601 2890 4

396 2915 483 2996 XII,
501 2923 534 2981 et
548 2936 608 3000 pro
624 2916 750 2983 duobus
776 2916 942 2982 mensibus
974 2917 1126 2983 videlieet
1150 2915 1330 2983 Novembri
1346 2925 1379 2984 et
1394 2919 1528 2984 Deoem·
1599 2901 1601 2948 ²

395 3024 446 3090 bri
462 3024 608 3108 proxime
624 3023 776 3106 venturis,
801 3045 867 3090 une
891 3022 1037 3108 pollooto
1062 3044 1144 3108 sero,
1159 3023 1193 3088 in
1209 3046 1275 3109 qua
1292 3032 1366 3090 erat
1380 3025 1528 3091 involuto

395 3153 461 3197 une
477 3131 593 3197 sedule
609 3131 648 3196 de
664 3137 758 3198 carta
774 3131 946 3214 pecudium
962 3133 997 3197 in
1012 3153 1077 3215 quo
1092 3137 1227 3215 reperto
1248 3132 1372 3216 scripto
1387 3131 1528 3214 suerunt,
1599 3165 1601 3220 ς

395 3246 494 3324 prout
517 3240 583 3323 legi
606 3239 679 3322 Ego
702 3238 865 3304 Notarius
891 3239 1174 3306 Reformotionum
1199 3238 1442 3324 infrascriptus,
1456 3240 1529 3306 XII
1599 3234 1601 3266 ⁵

394 3348 536 3429 nomina,
551 3368 612 3432 que
628 3351 704 3411 sunt
719 3347 780 3411 hec
795 3345 944 3412 videlicet
954 3372 961 3414 :
971 3347 1078 3413 Diuus
1094 3345 1174 3432 Syui
1190 3345 1396 3430 salomonius,
1411 3349 1528 3414 Ilouza
1600 3431 1601 3434 Ἴ

395 3454 501 3522 Duooi
532 3455 720 3539 ritalliotor,
751 3455 947 3522 Frouoisous
978 3455 1109 3523 Nioolai
1143 3454 1224 3520 Nini
1260 3463 1294 3521 et
1328 3454 1528 3523 Gnidoccius

395 3562 564 3630 Francisci
595 3562 791 3644 Guiderelli‚
821 3565 955 3630 terzerii
985 3563 1163 3648 civitatis,
1193 3564 1312 3630 Potius
1347 3563 1465 3631 Chosis
1481 3585 1528 3630 se·

395 3671 546 3752 taiuolns,
569 3671 715 3737 Iacobus
741 3670 859 3737 Oeeohi
883 3673 1013 3740 Nunnio
1036 3693 1195 3757 campsor,
1220 3672 1395 3738 Iohannes
1412 3673 1528 3739 Brooei

395 3777 582 3861 linaiuolus‚
608 3785 641 3844 et
665 3779 799 3845 Riocius
818 3777 1014 3845 Periooiuoli
1031 3779 1245 3863 piooioiuolus
1261 3781 1397 3845 temerii
1414 3778 1527 3846 Sancti

394 3885 543 3970 Martini,
575 3886 737 3971 Magister
760 3887 974 3954 Dominiohus
999 3886 1137 3971 vannis,
1171 3888 1196 3956 J
1207 3887 1404 3953 onninus
1427 3887 1526 3954 Gne
1599 3955 1601 3964 ,

394 3995 432 4062 ci
456 3994 644 4076 lonisex,
669 3996 794 4079 Lippus
818 3993 946 4064 Vernis
971 3994 1121 4079 Selloius
1149 3995 1295 4080 Jooopus
1320 3995 1527 4063 Marooroldi

395 4103 435 4168 de
451 4105 590 4170 torrerio
605 4103 781 4170 Komollie.
806 4103 900 4169 Inter
916 4127 978 4188 que
997 4103 1073 4170 XII
1092 4103 1225 4170 nomino
1240 4104 1286 4168 sic
1302 4109 1455 4170 extracto
1470 4123 1526 4188 pro

395 4212 482 4278 dioto
507 4211 614 4278 osficio
640 4211 844 4296 dominorum
870 4211 947 4276 XII
973 4218 1007 4277 et
1029 4211 1184 4295 predictis
1208 4210 1336 4277 duobus
1362 4213 1526 4278 mensibus

394 4328 544 4404 repertus
559 4320 630 4405 fuit,
654 4327 691 4387 ut
716 4322 881 4387 evidenter
895 4325 1106 4402 monstretur,
1129 4320 1154 4386 J
1165 4321 1360 4386 anninus
1384 4319 1524 4388 Guooi

394 4428 571 4494 lonifex
603 4431 797 4495 terzerii
830 4429 1073 4496 Knmollie.
1106 4430 1153 4496 Et
1184 4435 1342 4494 assertum
1375 4427 1440 4495 fuit
1470 4449 1525 4514 per

395 4537 607 4624 quamplures
623 4543 701 4606 tunc
716 4539 874 4624 temporis
889 4540 923 4604 in
939 4538 1083 4606 Consilio
1109 4539 1307 4622 supradicto,
1322 4539 1430 4622 ipsum
1446 4539 1525 4606 Jen·
1599 4513 1601 4590 l
