3134 5252
563 355 674 420 134ss
1107 359 1167 420 195

5 547 6 580 l
65 530 98 595 ad
122 529 369 614 aggravandum,
395 537 433 596 ut
457 533 618 615 convenit,
642 532 766 597 sactum
793 533 991 616 predictum,
1023 534 1171 613 diceudo,

5 655 7 724 ζ
66 639 134 722 quod
147 639 222 703 licet
235 625 430 703 intensionis
454 646 562 704 nostre
582 640 674 722 foret,
692 647 725 706 et
742 642 787 704 sio
804 641 869 706 iam
885 645 958 705 erat
974 641 1167 708 determina·

5 771 7 808 z
64 751 115 810 um
129 753 161 812 et
176 747 330 830 scriptum
357 767 416 830 per
432 768 490 811 nos
507 742 700 832 (lapitensis
716 749 845 829 nostris,
862 747 949 832 quod
965 749 1036 832 ipse
1052 747 1170 815 Comes

5 871 7 910 ι
64 873 120 918 cum
134 854 198 918 eius
214 854 368 919 comitiva
387 860 419 919 et
444 855 541 920 rebus
558 855 691 922 deberet
707 855 811 922 libere
828 855 972 923 relaxari
990 863 1023 922 et
1039 857 1174 922 hononi·

5 965 7 1042 ξ
45 957 108 1024 'fiee
121 963 269 1028 tractari:
295 968 407 1027 temen
433 983 491 1028 nos
516 963 632 1030 turbet
655 963 780 1035 modus,
806 965 862 1046 qui
889 984 959 1030 esse
984 986 1050 1030 non
1066 965 1175 1048 potuit
1272 1050 1274 1061 Α

5 1063 6 1120 ἶ
63 1066 149 1150 abque
165 1091 279 1154 magns
304 1069 509 1154 negligencia
526 1077 558 1136 et
574 1071 670 1156 culpa
697 1091 829 1152 eorum3
853 1077 885 1136 et
900 1093 964 1136 non
980 1070 1174 1154 dubitamus,

64 1177 132 1256 quod
148 1200 204 1261 per
219 1199 274 1244 eos
291 1179 396 1245 omnis
412 1178 596 1244 sollicitudo
612 1179 764 1246 adhibita
779 1179 878 1244 fuerit
895 1179 936 1244 ad
954 1180 1174 1264 recuperatio-

5 1311 8 1406 *
64 1305 119 1349 nem
134 1286 241 1369 ipsius,
258 1291 292 1352 et
308 1287 478 1366 credimus,
494 1287 582 1371 quod
598 1287 706 1370 ipsum
715 1289 981 1371 recuperaverint
997 1294 1030 1353 et
1046 1287 1173 1354 relaxa·

5 1407 7 1456 i
63 1392 149 1457 verint
172 1395 261 1460 iuxta
287 1400 437 1461 nostrum
462 1395 662 1461 mandatum.
687 1395 733 1461 Et
748 1401 923 1479 propterea
942 1396 970 1460 si
986 1393 1172 1486 siciaotum

62 1507 139 1579 esset,
152 1499 233 1568 bene
260 1502 409 1586 quidem3
435 1503 462 1568 si
487 1509 597 1568 autem
613 1523 686 1568 eum
702 1508 960 1587 recuperassent,
977 1508 1011 1568 et
1027 1495 1191 1568 nondum

5 1585 9 1688 l
62 1607 255 1693 relaxassent
271 1610 360 1676 dicat
376 1612 445 1693 ipse
460 1616 573 1676 noster
594 1609 746 1676 Nuncius
763 1610 851 1675 dicto
868 1609 989 1676 Oomiti
1007 1609 1172 1691 Palatino,

5 1697 7 1830 j
63 1716 204 1795 quomodo
229 1717 313 1782 scito
337 1739 396 1801 per
421 1717 548 1783 litteras
579 1725 764 1784 nostrorum
790 1716 831 1782 de
855 1718 1036 1782 retentione
1062 1718 1173 1799 ipsine,

5 1833 7 1894 i
63 1819 201 1889 hebentes
215 1825 322 1908 ipsum
339 1845 398 1909 pro
415 1824 528 1890 intimo
546 1827 651 1891 emico
666 1826 769 1891 nostri
795 1824 948 1907 Dominii,
966 1825 1078 1890 statim
1094 1824 1173 1890 deli-

5 1895 7 1994 Ι
63 1924 245 1997 horationem
260 1932 330 1997 eius
348 1933 580 2016 ordinavimus
606 1933 742 1999 dicendo
759 1933 857 1997 etiarn
872 1932 913 1997 de
930 1932 1060 2014 honore,
1075 1953 1170 2016 quern

61 2032 331 2104 hordinaveramus
348 2040 378 2104 ei
393 2039 466 2106 fieri
482 2060 540 2123 per
555 2047 694 2120 nostros,
710 2046 744 2104 et
759 2037 923 2104 offerendo
940 2059 998 2104 nos
1015 2038 1057 2104 ad
1074 2059 1168 2104 omne

61 2140 164 2210 bonum
178 2168 278 2213 suum.
303 2147 349 2211 Et
374 2147 491 2213 deinde
515 2154 671 2232 procuret
686 2149 757 2231 ipse
776 2154 884 2212 noster
899 2145 1069 2228 Notarius,
1084 2145 1171 2231 quod

5 2317 6 2322 ,
61 2248 149 2316 dict-ns
164 2251 278 2318 Comes
303 2275 375 2318 oum
401 2253 469 2319 eius
495 2254 648 2319 comitiva
673 2260 705 2319 et
730 2253 828 2318 rebus
842 2252 944 2319 libere
959 2254 1124 2318 relaxetur
1140 2258 1173 2318 et

5 2323 8 2410 l
62 2356 219 2426 honoretur
234 2361 410 2428 secundum
435 2363 651 2428 intencionem
674 2367 839 2444 nostrsm3
864 2382 929 2444 quo
946 2359 1171 2448 faeto'Vena

62 2467 117 2530 cias
130 2475 318 2534 revertatur.
337 2467 373 2534 Si
388 2489 465 2535 vero
482 2469 588 2534 dictus
602 2475 712 2535 noster
721 2469 881 2535 Notarius
897 2469 1065 2548 inveniret,
1082 2468 1170 2552 quod

61 2575 117 2656 ipse
131 2575 243 2642 Comes
259 2599 324 2642 non
339 2577 426 2642 foret
451 2583 609 2661 repertus,
626 2584 660 2642 et
675 2576 824 2643 totaliter
850 2575 1037 2659 aufugisset,
1054 2597 1171 2660 aggra-

60 2688 103 2747 vet
116 2687 213 2752 adhuc
238 2687 343 2772 magis
368 2687 547 2771 negocium,
575 2694 608 2752 et
633 2686 720 2753 dicat
734 2687 892 2771 predictis
907 2687 947 2752 de
964 2685 1066 2768 Arbo,
1084 2684 1171 2768 quod

64 2790 181 2859 intentio
198 2802 312 2861 nostra
329 2802 386 2876 est,
412 2801 445 2860 et
469 2797 516 2860 sie
541 2797 588 2861 cis
614 2795 813 2870 mandamus,
830 2794 916 2878 quod
931 2793 989 2873 illi,
1006 2794 1061 2878 qui
1079 2798 1173 2857 erant

27 2920 29 2930 ⁴
62 2896 192 2982 deputati
207 2902 250 2968 ad
267 2900 544 2984 custodismdicti
561 2899 715 2992 Comitis,
726 2906 759 2965 et
775 2901 840 2980 alii,
858 2901 914 2982 qui
930 2899 1107 2982 culpabiles
1123 2919 1172 2963 re-

61 3008 223 3087 perirentur
240 3011 281 3074 de
297 3008 367 3088 hoo,
383 3008 611 3091 detineantur,
637 3015 672 3074 et
686 3008 771 3091 quod
789 3007 910 3072 veritas
926 3007 1120 3090 inquiratur,
1134 3011 1171 3070 ut

60 3113 117 3178 lieri
138 3119 240 3200 possit
265 3117 389 3198 exinde,
415 3116 503 3200 quod
527 3115 632 3182 honor
657 3121 770 3180 noster
794 3115 942 3198 requirit,
958 3121 991 3179 et
1007 3119 1170 3198 procuret,

64 3225 133 3302 qnod
156 3225 243 3291 dicta
267 3225 409 3291 retencio
423 3232 455 3290 et
471 3225 639 3307 inquisitio
654 3223 723 3288 fiat.
747 3224 793 3288 Et
817 3223 987 3306 rescribat,
1013 3220 1167 3305 quicquid

62 3329 209 3416 inuenerit,
225 3339 258 3398 et
274 3341 424 3417 expectet
439 3339 588 3398 nostrum
611 3332 811 3410 mandatum,
827 3329 975 3396 faciendo
991 3329 1171 3395 nichilomi-

62 3457 112 3502 nus
129 3448 235 3531 gentes
260 3447 295 3506 et
318 3462 371 3506 res
397 3441 476 3506 dicti
493 3437 639 3523 Comitis,
664 3440 691 3502 si
716 3459 779 3522 que
805 3441 1043 3518 remansissent,
1068 3436 1169 3501 libere

63 3543 194 3629 relaxari.

200 3695 236 3755 (A
251 3693 378 3746 »Secreta
392 3695 508 3744 Consilii
522 3693 774 3758 Rogatomm‹·bdl
788 3693 844 3742 Lit.
859 3691 892 3740 Α.
906 3691 961 3741 vol.
977 3693 1011 3756 1.)
