<?xml version="1.0" encoding="UTF-8"?>
<!DOCTYPE html PUBLIC "-//W3C//DTD XHTML 1.0 Transitional//EN"
    "http://www.w3.org/TR/xhtml1/DTD/xhtml1-transitional.dtd">
<html xmlns="http://www.w3.org/1999/xhtml" xml:lang="en" lang="en">
 <head>
  <title>
</title>
<meta http-equiv="Content-Type" content="text/html;charset=utf-8" />
  <meta name='ocr-system' content='tesseract 3.04.00' />
  <meta name='ocr-capabilities' content='ocr_page ocr_carea ocr_par ocr_line ocrx_word'/>
</head>
<body>
  <div class='ocr_page' id='page_1' title='image "./magyardiplomacz01wenzgoog_0070.png"; bbox 0 0 3254 5260; ppageno 0'>
   <div class='ocr_carea' id='block_1_1' title="bbox 421 363 1198 426">
    <p class='ocr_par' dir='ltr' id='par_1_1' title="bbox 421 363 1198 426">
     <span class='ocr_line' id='line_1_1' title="bbox 421 363 1198 426; baseline 0 -2"><span class='ocrx_word' id='word_1_1' title='bbox 421 363 463 424; x_wconf 86' lang='lat'>34</span> <span class='ocrx_word' id='word_1_2' title='bbox 779 378 1013 426; x_wconf 75' lang='lat' dir='ltr'>crenouucumv</span> <span class='ocrx_word' id='word_1_3' title='bbox 1030 366 1198 424; x_wconf 72' lang='lat' dir='ltr'>emanere.</span> 
     </span>
    </p>
   </div>
   <div class='ocr_carea' id='block_1_2' title="bbox 351 533 1613 2446">
    <p class='ocr_par' dir='ltr' id='par_1_2' title="bbox 351 533 1613 2446">
     <span class='ocr_line' id='line_1_2' title="bbox 415 533 1536 622; baseline 0.004 -21"><span class='ocrx_word' id='word_1_4' title='bbox 415 538 509 620; x_wconf 88' lang='lat' dir='ltr'>gurii,</span> <span class='ocrx_word' id='word_1_5' title='bbox 540 533 669 620; x_wconf 83' lang='lat' dir='ltr'>Spalati</span> <span class='ocrx_word' id='word_1_6' title='bbox 685 541 718 602; x_wconf 85' lang='lat' dir='ltr'>et</span> <span class='ocrx_word' id='word_1_7' title='bbox 734 535 911 620; x_wconf 76' lang='lat' dir='ltr'>Sibeniclri,</span> <span class='ocrx_word' id='word_1_8' title='bbox 941 537 1079 603; x_wconf 91' lang='lat' dir='ltr'>ortando</span> <span class='ocrx_word' id='word_1_9' title='bbox 1109 536 1220 602; x_wconf 89' lang='lat' dir='ltr'><strong>fideles</strong></span> <span class='ocrx_word' id='word_1_10' title='bbox 1250 545 1379 604; x_wconf 89' lang='lat' dir='ltr'>nostros</span> <span class='ocrx_word' id='word_1_11' title='bbox 1405 538 1446 604; x_wconf 95' lang='lat' dir='ltr'>de</span> <span class='ocrx_word' id='word_1_12' title='bbox 1461 561 1536 622; x_wconf 88' lang='lat' dir='ltr'>pace</span> 
     </span>
     <span class='ocr_line' id='line_1_3' title="bbox 351 645 1535 730; baseline 0.002 -21"><span class='ocrx_word' id='word_1_13' title='bbox 351 669 352 672; x_wconf 44' lang='lat'>¹</span> <span class='ocrx_word' id='word_1_14' title='bbox 414 651 556 710; x_wconf 87' lang='lat' dir='ltr'>tractata</span> <span class='ocrx_word' id='word_1_15' title='bbox 572 653 604 710; x_wconf 92' lang='lat' dir='ltr'>et</span> <span class='ocrx_word' id='word_1_16' title='bbox 620 645 835 728; x_wconf 90' lang='lat' dir='ltr'>completa,et</span> <span class='ocrx_word' id='word_1_17' title='bbox 851 667 923 710; x_wconf 93' lang='lat' dir='ltr'>cum</span> <span class='ocrx_word' id='word_1_18' title='bbox 939 651 1031 710; x_wconf 88' lang='lat' dir='ltr'>tanto</span> <span class='ocrx_word' id='word_1_19' title='bbox 1048 653 1160 710; x_wconf 90' lang='lat' dir='ltr'>nostro</span> <span class='ocrx_word' id='word_1_20' title='bbox 1178 646 1300 710; x_wconf 82' lang='lat' dir='ltr'>honore</span> <span class='ocrx_word' id='word_1_21' title='bbox 1311 647 1443 730; x_wconf 22' lang='lat' dir='ltr'>etvbcno</span> <span class='ocrx_word' id='word_1_22' title='bbox 1460 647 1535 730; x_wconf 90' lang='lat' dir='ltr'>ipsc·</span> 
     </span>
     <span class='ocr_line' id='line_1_4' title="bbox 415 751 1535 836; baseline 0.003 -20"><span class='ocrx_word' id='word_1_23' title='bbox 415 775 495 836; x_wconf 90' lang='lat' dir='ltr'>rum,</span> <span class='ocrx_word' id='word_1_24' title='bbox 512 752 665 817; x_wconf 90' lang='lat' dir='ltr'>cumillis</span> <span class='ocrx_word' id='word_1_25' title='bbox 683 751 803 835; x_wconf 90' lang='lat' dir='ltr'>pulcris</span> <span class='ocrx_word' id='word_1_26' title='bbox 832 752 949 832; x_wconf 71' lang='lat' dir='ltr'>verbis</span> <span class='ocrx_word' id='word_1_27' title='bbox 981 775 1043 835; x_wconf 91' lang='lat' dir='ltr'>que</span> <span class='ocrx_word' id='word_1_28' title='bbox 1074 753 1214 818; x_wconf 88' lang='lat' dir='ltr'>viderint</span> <span class='ocrx_word' id='word_1_29' title='bbox 1238 754 1416 836; x_wconf 90' lang='lat' dir='ltr'>convenire,</span> <span class='ocrx_word' id='word_1_30' title='bbox 1441 761 1535 820; x_wconf 89' lang='lat' dir='ltr'>retra-</span> 
     </span>
     <span class='ocr_line' id='line_1_5' title="bbox 414 859 1537 946; baseline 0.003 -22"><span class='ocrx_word' id='word_1_31' title='bbox 414 859 521 925; x_wconf 86' lang='lat' dir='ltr'>hendo</span> <span class='ocrx_word' id='word_1_32' title='bbox 539 861 681 925; x_wconf 83' lang='lat' dir='ltr'>animum</span> <span class='ocrx_word' id='word_1_33' title='bbox 713 866 902 924; x_wconf 88' lang='lat' dir='ltr'>nostrorum</span> <span class='ocrx_word' id='word_1_34' title='bbox 925 859 1068 925; x_wconf 88' lang='lat' dir='ltr'>fidelium</span> <span class='ocrx_word' id='word_1_35' title='bbox 1086 881 1107 924; x_wconf 96' lang='lat' dir='ltr'>a</span> <span class='ocrx_word' id='word_1_36' title='bbox 1122 860 1269 944; x_wconf 87' lang='lat' dir='ltr'>qualibet</span> <span class='ocrx_word' id='word_1_37' title='bbox 1283 862 1413 941; x_wconf 90' lang='lat' dir='ltr'>unione,</span> <span class='ocrx_word' id='word_1_38' title='bbox 1428 861 1462 926; x_wconf 88' lang='lat' dir='ltr'>in</span> <span class='ocrx_word' id='word_1_39' title='bbox 1477 884 1537 946; x_wconf 90' lang='lat' dir='ltr'>qua</span> 
     </span>
     <span class='ocr_line' id='line_1_6' title="bbox 414 966 1536 1050; baseline 0.001 -18"><span class='ocrx_word' id='word_1_40' title='bbox 414 975 656 1050; x_wconf 79' lang='lat' dir='ltr'>cognoscerent,</span> <span class='ocrx_word' id='word_1_41' title='bbox 681 968 769 1050; x_wconf 93' lang='lat' dir='ltr'>ipsos</span> <span class='ocrx_word' id='word_1_42' title='bbox 793 968 874 1033; x_wconf 88' lang='lat' dir='ltr'>velle</span> <span class='ocrx_word' id='word_1_43' title='bbox 900 988 969 1032; x_wconf 91' lang='lat' dir='ltr'>esse</span> <span class='ocrx_word' id='word_1_44' title='bbox 995 988 1068 1032; x_wconf 92' lang='lat' dir='ltr'>cum</span> <span class='ocrx_word' id='word_1_45' title='bbox 1094 966 1226 1050; x_wconf 78' lang='lat' dir='ltr'>SclaviS,</span> <span class='ocrx_word' id='word_1_46' title='bbox 1251 974 1288 1033; x_wconf 91' lang='lat' dir='ltr'>ut</span> <span class='ocrx_word' id='word_1_47' title='bbox 1306 970 1333 1032; x_wconf 90' lang='lat' dir='ltr'>si</span> <span class='ocrx_word' id='word_1_48' title='bbox 1362 976 1470 1034; x_wconf 81' lang='lat' dir='ltr'>essent</span> <span class='ocrx_word' id='word_1_49' title='bbox 1485 989 1536 1033; x_wconf 90' lang='lat' dir='ltr'>seu</span> 
     </span>
     <span class='ocr_line' id='line_1_7' title="bbox 413 1073 1534 1158; baseline 0.001 -21"><span class='ocrx_word' id='word_1_50' title='bbox 413 1073 624 1156; x_wconf 79' lang='lat' dir='ltr'>loquerentur</span> <span class='ocrx_word' id='word_1_51' title='bbox 640 1076 679 1140; x_wconf 87' lang='lat' dir='ltr'>de</span> <span class='ocrx_word' id='word_1_52' title='bbox 696 1076 839 1140; x_wconf 80' lang='lat' dir='ltr'>essendo,</span> <span class='ocrx_word' id='word_1_53' title='bbox 851 1073 1009 1140; x_wconf 85' lang='lat' dir='ltr'>Similiter</span> <span class='ocrx_word' id='word_1_54' title='bbox 1027 1076 1125 1140; x_wconf 86' lang='lat' dir='ltr'>etiam</span> <span class='ocrx_word' id='word_1_55' title='bbox 1140 1082 1315 1158; x_wconf 89' lang='lat' dir='ltr'>procurent</span> <span class='ocrx_word' id='word_1_56' title='bbox 1332 1082 1366 1139; x_wconf 90' lang='lat' dir='ltr'>et</span> <span class='ocrx_word' id='word_1_57' title='bbox 1376 1075 1534 1140; x_wconf 89' lang='lat' dir='ltr'>solicitent</span> 
     </span>
     <span class='ocr_line' id='line_1_8' title="bbox 415 1164 1533 1266; baseline 0.003 -22"><span class='ocrx_word' id='word_1_58' title='bbox 415 1181 494 1246; x_wconf 92' lang='lat' dir='ltr'>dicti</span> <span class='ocrx_word' id='word_1_59' title='bbox 510 1183 698 1248; x_wconf 90' lang='lat' dir='ltr'>Provisores</span> <span class='ocrx_word' id='word_1_60' title='bbox 729 1205 787 1246; x_wconf 90' lang='lat' dir='ltr'>suo</span> <span class='ocrx_word' id='word_1_61' title='bbox 819 1204 912 1266; x_wconf 90' lang='lat' dir='ltr'>posse</span> <span class='ocrx_word' id='word_1_62' title='bbox 930 1183 969 1248; x_wconf 87' lang='lat' dir='ltr'>de</span> <span class='ocrx_word' id='word_1_63' title='bbox 985 1182 1133 1250; x_wconf 86' lang='lat' dir='ltr'>faciendo</span> <span class='ocrx_word' id='word_1_64' title='bbox 1154 1164 1323 1247; x_wconf 82' lang='lat' dir='ltr'>reformari</span> <span class='ocrx_word' id='word_1_65' title='bbox 1338 1203 1533 1265; x_wconf 87' lang='lat' dir='ltr'>quecumque</span> 
     </span>
     <span class='ocr_line' id='line_1_9' title="bbox 414 1233 1613 1372; baseline 0 -20"><span class='ocrx_word' id='word_1_66' title='bbox 414 1291 624 1372; x_wconf 83' lang='lat' dir='ltr'>cognoverint</span> <span class='ocrx_word' id='word_1_67' title='bbox 640 1311 706 1355; x_wconf 88' lang='lat' dir='ltr'>esse</span> <span class='ocrx_word' id='word_1_68' title='bbox 724 1296 756 1354; x_wconf 89' lang='lat' dir='ltr'>ct</span> <span class='ocrx_word' id='word_1_69' title='bbox 772 1289 841 1353; x_wconf 89' lang='lat' dir='ltr'>fieri</span> <span class='ocrx_word' id='word_1_70' title='bbox 857 1292 891 1353; x_wconf 90' lang='lat' dir='ltr'>in</span> <span class='ocrx_word' id='word_1_71' title='bbox 917 1291 983 1354; x_wconf 92' lang='lat' dir='ltr'>illis</span> <span class='ocrx_word' id='word_1_72' title='bbox 1015 1289 1213 1372; x_wconf 88' lang='lat' dir='ltr'>ciuitatibus,</span> <span class='ocrx_word' id='word_1_73' title='bbox 1239 1309 1302 1369; x_wconf 88' lang='lat' dir='ltr'>que</span> <span class='ocrx_word' id='word_1_74' title='bbox 1318 1289 1532 1354; x_wconf 82' lang='lat' dir='ltr'>redundarent</span> <span class='ocrx_word' id='word_1_75' title='bbox 1609 1233 1613 1356; x_wconf 82' lang='lat' dir='ltr'>l</span> 
     </span>
     <span class='ocr_line' id='line_1_10' title="bbox 413 1396 1613 1486; baseline 0 -28"><span class='ocrx_word' id='word_1_76' title='bbox 413 1401 528 1460; x_wconf 87' lang='lat' dir='ltr'>contra</span> <span class='ocrx_word' id='word_1_77' title='bbox 545 1396 699 1462; x_wconf 89' lang='lat' dir='ltr'>honorem</span> <span class='ocrx_word' id='word_1_78' title='bbox 731 1405 838 1460; x_wconf 88' lang='lat' dir='ltr'>nostre</span> <span class='ocrx_word' id='word_1_79' title='bbox 856 1398 1106 1478; x_wconf 71' lang='lat' dir='ltr'>DominetioniS,</span> <span class='ocrx_word' id='word_1_80' title='bbox 1123 1404 1156 1462; x_wconf 91' lang='lat' dir='ltr'>et</span> <span class='ocrx_word' id='word_1_81' title='bbox 1172 1397 1260 1480; x_wconf 92' lang='lat' dir='ltr'>quod</span> <span class='ocrx_word' id='word_1_82' title='bbox 1276 1396 1363 1460; x_wconf 90' lang='lat' dir='ltr'>dicte</span> <span class='ocrx_word' id='word_1_83' title='bbox 1389 1396 1532 1462; x_wconf 89' lang='lat' dir='ltr'>ciuitates</span> <span class='ocrx_word' id='word_1_84' title='bbox 1612 1431 1613 1486; x_wconf 61' lang='lat'>3</span> 
     </span>
     <span class='ocr_line' id='line_1_11' title="bbox 414 1487 1613 1604; baseline 0.002 -36"><span class='ocrx_word' id='word_1_85' title='bbox 414 1513 603 1569; x_wconf 80' lang='lat' dir='ltr'>remaneant</span> <span class='ocrx_word' id='word_1_86' title='bbox 619 1505 651 1568; x_wconf 92' lang='lat' dir='ltr'>in</span> <span class='ocrx_word' id='word_1_87' title='bbox 668 1527 705 1568; x_wconf 92' lang='lat' dir='ltr'>eo</span> <span class='ocrx_word' id='word_1_88' title='bbox 722 1526 802 1586; x_wconf 88' lang='lat' dir='ltr'>esse,</span> <span class='ocrx_word' id='word_1_89' title='bbox 818 1505 909 1569; x_wconf 89' lang='lat' dir='ltr'>sicud</span> <span class='ocrx_word' id='word_1_90' title='bbox 926 1505 1052 1571; x_wconf 92' lang='lat' dir='ltr'>debent.</span> <span class='ocrx_word' id='word_1_91' title='bbox 1611 1487 1613 1604; x_wconf 63' lang='lat' dir='ltr'>l</span> 
     </span>
     <span class='ocr_line' id='line_1_12' title="bbox 524 1605 1613 1694; baseline 0.001 -20"><span class='ocrx_word' id='word_1_92' title='bbox 524 1609 681 1694; x_wconf 84' lang='lat' dir='ltr'>Capta:</span> <span class='ocrx_word' id='word_1_93' title='bbox 705 1610 791 1676; x_wconf 88' lang='lat' dir='ltr'>Item</span> <span class='ocrx_word' id='word_1_94' title='bbox 808 1610 971 1676; x_wconf 84' lang='lat' dir='ltr'>scribatur</span> <span class='ocrx_word' id='word_1_95' title='bbox 993 1611 1222 1676; x_wconf 88' lang='lat' dir='ltr'>Provisoribus</span> <span class='ocrx_word' id='word_1_96' title='bbox 1241 1611 1406 1694; x_wconf 65' lang='lat' dir='ltr'>predictis</span> <span class='ocrx_word' id='word_1_97' title='bbox 1424 1631 1536 1675; x_wconf 89' lang='lat' dir='ltr'>recom-</span> <span class='ocrx_word' id='word_1_98' title='bbox 1612 1605 1613 1628; x_wconf 62' lang='lat'>¹</span> 
     </span>
     <span class='ocr_line' id='line_1_13' title="bbox 415 1715 1535 1801; baseline -0.001 -19"><span class='ocrx_word' id='word_1_99' title='bbox 415 1718 597 1784; x_wconf 90' lang='lat' dir='ltr'>mendando</span> <span class='ocrx_word' id='word_1_100' title='bbox 613 1720 700 1800; x_wconf 89' lang='lat' dir='ltr'>ipsos</span> <span class='ocrx_word' id='word_1_101' title='bbox 717 1719 757 1784; x_wconf 90' lang='lat' dir='ltr'>de</span> <span class='ocrx_word' id='word_1_102' title='bbox 775 1741 820 1799; x_wconf 89' lang='lat' dir='ltr'>eo,</span> <span class='ocrx_word' id='word_1_103' title='bbox 832 1719 920 1801; x_wconf 89' lang='lat' dir='ltr'>quod</span> <span class='ocrx_word' id='word_1_104' title='bbox 935 1719 1082 1784; x_wconf 83' lang='lat' dir='ltr'>fecerunt</span> <span class='ocrx_word' id='word_1_105' title='bbox 1098 1717 1259 1783; x_wconf 82' lang='lat' dir='ltr'>Comitem</span> <span class='ocrx_word' id='word_1_106' title='bbox 1270 1716 1469 1801; x_wconf 80' lang='lat' dir='ltr'>Gregorium</span> <span class='ocrx_word' id='word_1_107' title='bbox 1479 1715 1535 1782; x_wconf 82' lang='lat' dir='ltr'>On-</span> 
     </span>
     <span class='ocr_line' id='line_1_14' title="bbox 415 1826 1536 1912; baseline 0 -22"><span class='ocrx_word' id='word_1_108' title='bbox 415 1826 519 1891; x_wconf 90' lang='lat' dir='ltr'>riachi</span> <span class='ocrx_word' id='word_1_109' title='bbox 544 1827 619 1908; x_wconf 92' lang='lat' dir='ltr'>poni</span> <span class='ocrx_word' id='word_1_110' title='bbox 645 1827 678 1889; x_wconf 90' lang='lat' dir='ltr'>in</span> <span class='ocrx_word' id='word_1_111' title='bbox 704 1848 791 1908; x_wconf 83' lang='lat' dir='ltr'>pace,</span> <span class='ocrx_word' id='word_1_112' title='bbox 815 1833 852 1891; x_wconf 93' lang='lat' dir='ltr'>ut</span> <span class='ocrx_word' id='word_1_113' title='bbox 869 1827 932 1892; x_wconf 87' lang='lat' dir='ltr'>sibi</span> <span class='ocrx_word' id='word_1_114' title='bbox 947 1827 1152 1908; x_wconf 90' lang='lat' dir='ltr'>scripsimus;</span> <span class='ocrx_word' id='word_1_115' title='bbox 1167 1834 1201 1890; x_wconf 88' lang='lat' dir='ltr'>et</span> <span class='ocrx_word' id='word_1_116' title='bbox 1215 1832 1389 1912; x_wconf 82' lang='lat' dir='ltr'>propterea</span> <span class='ocrx_word' id='word_1_117' title='bbox 1404 1834 1480 1891; x_wconf 87' lang='lat' dir='ltr'>ante</span> <span class='ocrx_word' id='word_1_118' title='bbox 1496 1826 1536 1908; x_wconf 90' lang='lat' dir='ltr'>ip·</span> 
     </span>
     <span class='ocr_line' id='line_1_15' title="bbox 417 1931 1613 2022; baseline -0.003 -22"><span class='ocrx_word' id='word_1_119' title='bbox 417 1955 527 2000; x_wconf 84' lang='lat' dir='ltr'>sorum</span> <span class='ocrx_word' id='word_1_120' title='bbox 546 1955 707 1998; x_wconf 85' lang='lat' dir='ltr'>recessum</span> <span class='ocrx_word' id='word_1_121' title='bbox 725 1931 871 1998; x_wconf 87' lang='lat' dir='ltr'>scribant</span> <span class='ocrx_word' id='word_1_122' title='bbox 889 1935 1106 2016; x_wconf 88' lang='lat' dir='ltr'>primogenito</span> <span class='ocrx_word' id='word_1_123' title='bbox 1125 1933 1203 1998; x_wconf 92' lang='lat' dir='ltr'>dicti</span> <span class='ocrx_word' id='word_1_124' title='bbox 1219 1931 1358 1997; x_wconf 78' lang='lat' dir='ltr'>Comitis</span> <span class='ocrx_word' id='word_1_125' title='bbox 1385 1932 1538 2016; x_wconf 82' lang='lat' dir='ltr'>Gregorii,</span> <span class='ocrx_word' id='word_1_126' title='bbox 1611 1981 1613 2022; x_wconf 74' lang='lat'>,</span> 
     </span>
     <span class='ocr_line' id='line_1_16' title="bbox 418 2023 1613 2125; baseline -0.002 -21"><span class='ocrx_word' id='word_1_127' title='bbox 418 2039 505 2125; x_wconf 90' lang='lat' dir='ltr'>quod</span> <span class='ocrx_word' id='word_1_128' title='bbox 529 2062 626 2123; x_wconf 87' lang='lat' dir='ltr'>quam</span> <span class='ocrx_word' id='word_1_129' title='bbox 651 2041 791 2106; x_wconf 82' lang='lat' dir='ltr'>velocius</span> <span class='ocrx_word' id='word_1_130' title='bbox 818 2061 888 2106; x_wconf 90' lang='lat' dir='ltr'>esse</span> <span class='ocrx_word' id='word_1_131' title='bbox 902 2047 1018 2124; x_wconf 90' lang='lat' dir='ltr'>potest,</span> <span class='ocrx_word' id='word_1_132' title='bbox 1034 2041 1153 2105; x_wconf 88' lang='lat' dir='ltr'>debeat</span> <span class='ocrx_word' id='word_1_133' title='bbox 1167 2042 1298 2104; x_wconf 90' lang='lat' dir='ltr'>mittere</span> <span class='ocrx_word' id='word_1_134' title='bbox 1315 2047 1348 2106; x_wconf 86' lang='lat' dir='ltr'>et</span> <span class='ocrx_word' id='word_1_135' title='bbox 1363 2041 1538 2124; x_wconf 91' lang='lat' dir='ltr'>presentire</span> <span class='ocrx_word' id='word_1_136' title='bbox 1611 2023 1613 2105; x_wconf 81' lang='lat' dir='ltr'>l</span> 
     </span>
     <span class='ocr_line' id='line_1_17' title="bbox 420 2131 1613 2232; baseline -0.001 -19"><span class='ocrx_word' id='word_1_137' title='bbox 420 2171 439 2213; x_wconf 91' lang='lat' dir='ltr'>a</span> <span class='ocrx_word' id='word_1_138' title='bbox 455 2155 549 2231; x_wconf 88' lang='lat' dir='ltr'>patre</span> <span class='ocrx_word' id='word_1_139' title='bbox 575 2171 641 2230; x_wconf 92' lang='lat' dir='ltr'>suo,</span> <span class='ocrx_word' id='word_1_140' title='bbox 662 2149 689 2212; x_wconf 80' lang='lat' dir='ltr'>si</span> <span class='ocrx_word' id='word_1_141' title='bbox 714 2149 854 2212; x_wconf 87' lang='lat' dir='ltr'>intendit</span> <span class='ocrx_word' id='word_1_142' title='bbox 872 2169 943 2212; x_wconf 91' lang='lat' dir='ltr'>esse</span> <span class='ocrx_word' id='word_1_143' title='bbox 959 2149 992 2212; x_wconf 92' lang='lat' dir='ltr'>in</span> <span class='ocrx_word' id='word_1_144' title='bbox 1008 2168 1088 2230; x_wconf 90' lang='lat' dir='ltr'>pace</span> <span class='ocrx_word' id='word_1_145' title='bbox 1103 2148 1252 2231; x_wconf 88' lang='lat' dir='ltr'>predicta</span> <span class='ocrx_word' id='word_1_146' title='bbox 1266 2169 1326 2213; x_wconf 91' lang='lat' dir='ltr'>nec</span> <span class='ocrx_word' id='word_1_147' title='bbox 1341 2171 1391 2228; x_wconf 90' lang='lat' dir='ltr'>ne,</span> <span class='ocrx_word' id='word_1_148' title='bbox 1407 2155 1440 2213; x_wconf 91' lang='lat' dir='ltr'>et</span> <span class='ocrx_word' id='word_1_149' title='bbox 1455 2147 1538 2232; x_wconf 92' lang='lat' dir='ltr'>quid·</span> <span class='ocrx_word' id='word_1_150' title='bbox 1611 2131 1613 2150; x_wconf 63' lang='lat'><strong>¹</strong></span> 
     </span>
     <span class='ocr_line' id='line_1_18' title="bbox 420 2255 1540 2342; baseline -0.003 -22"><span class='ocrx_word' id='word_1_151' title='bbox 420 2256 498 2339; x_wconf 90' lang='lat' dir='ltr'>quid</span> <span class='ocrx_word' id='word_1_152' title='bbox 523 2256 650 2338; x_wconf 90' lang='lat' dir='ltr'>abipso</span> <span class='ocrx_word' id='word_1_153' title='bbox 674 2258 742 2321; x_wconf 86' lang='lat' dir='ltr'>eius</span> <span class='ocrx_word' id='word_1_154' title='bbox 769 2263 862 2342; x_wconf 81' lang='lat' dir='ltr'>patre</span> <span class='ocrx_word' id='word_1_155' title='bbox 888 2256 1047 2336; x_wconf 89' lang='lat' dir='ltr'>habuerit,</span> <span class='ocrx_word' id='word_1_156' title='bbox 1063 2257 1158 2321; x_wconf 90' lang='lat' dir='ltr'>dictis</span> <span class='ocrx_word' id='word_1_157' title='bbox 1174 2256 1395 2338; x_wconf 81' lang='lat' dir='ltr'>provisoribus</span> <span class='ocrx_word' id='word_1_158' title='bbox 1425 2255 1540 2320; x_wconf 86' lang='lat' dir='ltr'>nostris</span> 
     </span>
     <span class='ocr_line' id='line_1_19' title="bbox 422 2364 1027 2446; baseline 0 -18"><span class='ocrx_word' id='word_1_159' title='bbox 422 2365 539 2432; x_wconf 86' lang='lat' dir='ltr'>debeat</span> <span class='ocrx_word' id='word_1_160' title='bbox 556 2385 615 2446; x_wconf 88' lang='lat' dir='ltr'>per</span> <span class='ocrx_word' id='word_1_161' title='bbox 631 2384 708 2427; x_wconf 87' lang='lat' dir='ltr'>suas</span> <span class='ocrx_word' id='word_1_162' title='bbox 723 2364 851 2428; x_wconf 88' lang='lat' dir='ltr'>litteras</span> <span class='ocrx_word' id='word_1_163' title='bbox 867 2364 1027 2428; x_wconf 89' lang='lat' dir='ltr'>intimare.</span> 
     </span>
    </p>
   </div>
   <div class='ocr_carea' id='block_1_3' title="bbox 528 2525 1406 2590">
    <p class='ocr_par' dir='ltr' id='par_1_3' title="bbox 528 2525 1406 2590">
     <span class='ocr_line' id='line_1_20' title="bbox 528 2525 1406 2590; baseline -0.001 -14"><span class='ocrx_word' id='word_1_164' title='bbox 528 2528 563 2586; x_wconf 84' lang='lat' dir='ltr'>(A</span> <span class='ocrx_word' id='word_1_165' title='bbox 577 2527 687 2575; x_wconf 73' lang='lat' dir='ltr'>›tristi‹</span> <span class='ocrx_word' id='word_1_166' title='bbox 702 2527 790 2574; x_wconf 84' lang='lat' dir='ltr'>czimi&#39;r</span> <span class='ocrx_word' id='word_1_167' title='bbox 804 2527 942 2576; x_wconf 84' lang='lat' dir='ltr'>velenczei</span> <span class='ocrx_word' id='word_1_168' title='bbox 957 2525 1134 2588; x_wconf 76' lang='lat' dir='ltr'>dllamkitnyv</span> <span class='ocrx_word' id='word_1_169' title='bbox 1147 2525 1222 2575; x_wconf 83' lang='lat' dir='ltr'>XXI.</span> <span class='ocrx_word' id='word_1_170' title='bbox 1243 2526 1406 2590; x_wconf 81' lang='lat' dir='ltr'>ketetebcl.)</span> 
     </span>
    </p>
   </div>
   <div class='ocr_carea' id='block_1_4' title="bbox 908 2741 1066 2750">
    <p class='ocr_par' dir='ltr' id='par_1_4' title="bbox 908 2741 1066 2750">
     <span class='ocr_line' id='line_1_21' title="bbox 908 2741 1066 2750; baseline -0.013 0"><span class='ocrx_word' id='word_1_171' title='bbox 908 2741 1066 2750; x_wconf 73' lang='lat'>....-.-—-.-</span> 
     </span>
    </p>
   </div>
   <div class='ocr_carea' id='block_1_5' title="bbox 964 2997 1015 3056">
    <p class='ocr_par' dir='ltr' id='par_1_5' title="bbox 964 2997 1015 3056">
     <span class='ocr_line' id='line_1_22' title="bbox 964 2997 1015 3056; baseline 0 -1"><span class='ocrx_word' id='word_1_172' title='bbox 964 2997 1015 3056; x_wconf 87' lang='grc'>30.</span> 
     </span>
    </p>
   </div>
   <div class='ocr_carea' id='block_1_6' title="bbox 427 3153 1613 3348">
    <p class='ocr_par' dir='ltr' id='par_1_6' title="bbox 427 3119 1613 3348">
     <span class='ocr_line' id='line_1_23' title="bbox 427 3153 1613 3241; baseline -0.008 -18"><span class='ocrx_word' id='word_1_173' title='bbox 427 3157 563 3224; x_wconf 76' lang='lat' dir='ltr'>Mladtn</span> <span class='ocrx_word' id='word_1_174' title='bbox 589 3158 621 3220; x_wconf 87' lang='lat' dir='ltr'>c&#39;s</span> <span class='ocrx_word' id='word_1_175' title='bbox 646 3156 709 3220; x_wconf 79' lang='lat' dir='ltr'>Pdl</span> <span class='ocrx_word' id='word_1_176' title='bbox 734 3153 914 3219; x_wconf 80' lang='lat' dir='ltr'>seurdcrrai</span> <span class='ocrx_word' id='word_1_177' title='bbox 937 3153 1056 3240; x_wconf 73' lang='lat' dir='ltr'>pro&#39;folc</span> <span class='ocrx_word' id='word_1_178' title='bbox 1081 3179 1102 3217; x_wconf 87' lang='lat' dir='ltr'><em>a</em></span> <span class='ocrx_word' id='word_1_179' title='bbox 1128 3153 1282 3218; x_wconf 80' lang='lat' dir='ltr'>velenczei</span> <span class='ocrx_word' id='word_1_180' title='bbox 1299 3155 1460 3241; x_wconf 71' lang='lat' dir='ltr'>polgdrok</span> <span class='ocrx_word' id='word_1_181' title='bbox 1476 3156 1544 3220; x_wconf 69' lang='lat' dir='ltr'>tare</span> <span class='ocrx_word' id='word_1_182' title='bbox 1611 3185 1613 3236; x_wconf 74' lang='lat'>;</span> 
     </span>
     <span class='ocr_line' id='line_1_24' title="bbox 828 3261 1613 3348; baseline -0.017 -22"><span class='ocrx_word' id='word_1_183' title='bbox 828 3261 1032 3348; x_wconf 77' lang='lat' dir='ltr'>selve&#39;tetacle.</span> <span class='ocrx_word' id='word_1_184' title='bbox 1055 3263 1145 3324; x_wconf 83' lang='grc'><em>1343.</em></span> <span class='ocrx_word' id='word_1_185' title='bbox 1611 3269 1613 3278; x_wconf 81' lang='grc'>’</span> 
     </span>
    </p>
   </div>
   <div class='ocr_carea' id='block_1_7' title="bbox 389 3420 1613 4585">
    <p class='ocr_par' dir='ltr' id='par_1_7' title="bbox 532 3420 1613 3504">
     <span class='ocr_line' id='line_1_25' title="bbox 532 3420 1613 3504; baseline -0.003 -17"><span class='ocrx_word' id='word_1_186' title='bbox 532 3422 740 3504; x_wconf 83' lang='lat' dir='ltr'>Pririlegium</span> <span class='ocrx_word' id='word_1_187' title='bbox 765 3420 987 3486; x_wconf 84' lang='lat' dir='ltr'>citedinantie&#39;</span> <span class='ocrx_word' id='word_1_188' title='bbox 1006 3421 1211 3486; x_wconf 88' lang='lat' dir='ltr'>dominorum</span> <span class='ocrx_word' id='word_1_189' title='bbox 1239 3421 1382 3487; x_wconf 88' lang='lat' dir='ltr'>Mladini</span> <span class='ocrx_word' id='word_1_190' title='bbox 1409 3428 1441 3488; x_wconf 92' lang='lat' dir='ltr'>et</span> <span class='ocrx_word' id='word_1_191' title='bbox 1455 3422 1545 3487; x_wconf 88' lang='lat' dir='ltr'>Pauli</span> <span class='ocrx_word' id='word_1_192' title='bbox 1611 3465 1613 3492; x_wconf 63' lang='lat'>,</span> 
     </span>
    </p>

    <p class='ocr_par' dir='ltr' id='par_1_8' title="bbox 425 3515 1613 3620">
     <span class='ocr_line' id='line_1_26' title="bbox 425 3515 1613 3620; baseline -0.002 -24"><span class='ocrx_word' id='word_1_193' title='bbox 425 3528 588 3596; x_wconf 87' lang='lat' dir='ltr'>Comitum</span> <span class='ocrx_word' id='word_1_194' title='bbox 609 3528 783 3595; x_wconf 86' lang='lat' dir='ltr'>Scardone.</span> <span class='ocrx_word' id='word_1_195' title='bbox 1218 3515 1221 3522; x_wconf 50' lang='grc'><em>’</em></span> <span class='ocrx_word' id='word_1_196' title='bbox 1466 3612 1470 3620; x_wconf 30' lang='grc' dir='ltr'>Ι</span> <span class='ocrx_word' id='word_1_197' title='bbox 1612 3527 1613 3530; x_wconf 51' lang='lat'>&#39;</span> 
     </span>
    </p>

    <p class='ocr_par' dir='ltr' id='par_1_9' title="bbox 533 3627 1613 3719">
     <span class='ocr_line' id='line_1_27' title="bbox 533 3627 1613 3719; baseline 0.001 -19"><span class='ocrx_word' id='word_1_198' title='bbox 533 3627 687 3702; x_wconf 71' lang='lat' dir='ltr'>Andreas</span> <span class='ocrx_word' id='word_1_199' title='bbox 704 3633 856 3700; x_wconf 89' lang='lat' dir='ltr'>Dandulo</span> <span class='ocrx_word' id='word_1_200' title='bbox 873 3635 937 3699; x_wconf 91' lang='lat' dir='ltr'>Dei</span> <span class='ocrx_word' id='word_1_201' title='bbox 954 3636 1063 3717; x_wconf 86' lang='lat' dir='ltr'>gratia</span> <span class='ocrx_word' id='word_1_202' title='bbox 1078 3632 1308 3719; x_wconf 85' lang='lat' dir='ltr'>Veneciarum,</span> <span class='ocrx_word' id='word_1_203' title='bbox 1323 3637 1490 3703; x_wconf 85' lang='lat' dir='ltr'>Dalmaeie</span> <span class='ocrx_word' id='word_1_204' title='bbox 1506 3643 1550 3702; x_wconf 88' lang='lat' dir='ltr'>at·</span> <span class='ocrx_word' id='word_1_205' title='bbox 1611 3647 1613 3688; x_wconf 69' lang='lat' dir='ltr'>l</span> 
     </span>
    </p>

    <p class='ocr_par' dir='ltr' id='par_1_10' title="bbox 389 3744 1613 4479">
     <span class='ocr_line' id='line_1_28' title="bbox 426 3744 1613 3829; baseline -0.003 -19"><span class='ocrx_word' id='word_1_206' title='bbox 426 3767 489 3828; x_wconf 91' lang='lat' dir='ltr'>que</span> <span class='ocrx_word' id='word_1_207' title='bbox 515 3745 675 3810; x_wconf 85' lang='lat' dir='ltr'>Chroaeie</span> <span class='ocrx_word' id='word_1_208' title='bbox 702 3744 776 3809; x_wconf 86' lang='lat' dir='ltr'>Dux</span> <span class='ocrx_word' id='word_1_209' title='bbox 802 3748 861 3807; x_wconf 87' lang='lat' dir='ltr'>etc.</span> <span class='ocrx_word' id='word_1_210' title='bbox 879 3745 1038 3808; x_wconf 87' lang='lat' dir='ltr'>universis</span> <span class='ocrx_word' id='word_1_211' title='bbox 1064 3751 1097 3808; x_wconf 89' lang='lat' dir='ltr'>et</span> <span class='ocrx_word' id='word_1_212' title='bbox 1113 3745 1251 3827; x_wconf 89' lang='lat' dir='ltr'>singulis</span> <span class='ocrx_word' id='word_1_213' title='bbox 1269 3752 1337 3812; x_wconf 87' lang='lat' dir='ltr'>tam</span> <span class='ocrx_word' id='word_1_214' title='bbox 1356 3745 1550 3829; x_wconf 87' lang='lat' dir='ltr'>presentibus</span> <span class='ocrx_word' id='word_1_215' title='bbox 1611 3783 1613 3792; x_wconf 68' lang='lat'>,</span> 
     </span>
     <span class='ocr_line' id='line_1_29' title="bbox 389 3850 1551 3938; baseline -0.004 -19"><span class='ocrx_word' id='word_1_216' title='bbox 389 3889 393 3896; x_wconf 91' lang='lat'>·</span> <span class='ocrx_word' id='word_1_217' title='bbox 425 3877 521 3938; x_wconf 87' lang='lat' dir='ltr'>quam</span> <span class='ocrx_word' id='word_1_218' title='bbox 548 3853 675 3934; x_wconf 86' lang='lat' dir='ltr'>futuris,</span> <span class='ocrx_word' id='word_1_219' title='bbox 701 3858 825 3917; x_wconf 87' lang='lat' dir='ltr'>ettam</span> <span class='ocrx_word' id='word_1_220' title='bbox 851 3853 961 3916; x_wconf 89' lang='lat' dir='ltr'>amicis</span> <span class='ocrx_word' id='word_1_221' title='bbox 988 3874 1086 3936; x_wconf 86' lang='lat' dir='ltr'>quam</span> <span class='ocrx_word' id='word_1_222' title='bbox 1104 3851 1263 3936; x_wconf 89' lang='lat' dir='ltr'>fidelibus,</span> <span class='ocrx_word' id='word_1_223' title='bbox 1280 3875 1414 3936; x_wconf 90' lang='lat' dir='ltr'>presens</span> <span class='ocrx_word' id='word_1_224' title='bbox 1430 3850 1551 3937; x_wconf 90' lang='lat' dir='ltr'>privile·</span> 
     </span>
     <span class='ocr_line' id='line_1_30' title="bbox 424 3960 1553 4044; baseline -0.003 -20"><span class='ocrx_word' id='word_1_225' title='bbox 424 3962 512 4044; x_wconf 88' lang='lat' dir='ltr'>giurn</span> <span class='ocrx_word' id='word_1_226' title='bbox 529 3961 729 4044; x_wconf 84' lang='lat' dir='ltr'>inspecturis,</span> <span class='ocrx_word' id='word_1_227' title='bbox 741 3960 877 4026; x_wconf 89' lang='lat' dir='ltr'>salutem</span> <span class='ocrx_word' id='word_1_228' title='bbox 888 3967 923 4025; x_wconf 88' lang='lat' dir='ltr'>et</span> <span class='ocrx_word' id='word_1_229' title='bbox 933 3961 1057 4024; x_wconf 85' lang='lat' dir='ltr'>sineere</span> <span class='ocrx_word' id='word_1_230' title='bbox 1073 3960 1255 4025; x_wconf 87' lang='lat' dir='ltr'>dilectionis</span> <span class='ocrx_word' id='word_1_231' title='bbox 1271 3960 1435 4026; x_wconf 84' lang='lat' dir='ltr'>affectum.</span> <span class='ocrx_word' id='word_1_232' title='bbox 1451 3960 1553 4025; x_wconf 81' lang='lat' dir='ltr'>&#39;Panto</span> 
     </span>
     <span class='ocr_line' id='line_1_31' title="bbox 423 4067 1549 4151; baseline -0.004 -17"><span class='ocrx_word' id='word_1_233' title='bbox 423 4070 595 4150; x_wconf 89' lang='lat' dir='ltr'>benignius</span> <span class='ocrx_word' id='word_1_234' title='bbox 621 4068 757 4132; x_wconf 88' lang='lat' dir='ltr'>Ducalis</span> <span class='ocrx_word' id='word_1_235' title='bbox 783 4067 997 4133; x_wconf 81' lang='lat' dir='ltr'>Providentia</span> <span class='ocrx_word' id='word_1_236' title='bbox 1022 4068 1186 4132; x_wconf 91' lang='lat' dir='ltr'>consuevit</span> <span class='ocrx_word' id='word_1_237' title='bbox 1205 4089 1363 4151; x_wconf 88' lang='lat' dir='ltr'>personas</span> <span class='ocrx_word' id='word_1_238' title='bbox 1380 4068 1500 4134; x_wconf 92' lang='lat' dir='ltr'>nobiles</span> <span class='ocrx_word' id='word_1_239' title='bbox 1518 4073 1549 4131; x_wconf 90' lang='lat' dir='ltr'>et</span> 
     </span>
     <span class='ocr_line' id='line_1_32' title="bbox 425 4175 1553 4262; baseline 0 -22"><span class='ocrx_word' id='word_1_240' title='bbox 425 4178 572 4257; x_wconf 83' lang='lat' dir='ltr'>egregias</span> <span class='ocrx_word' id='word_1_241' title='bbox 600 4175 661 4239; x_wconf 89' lang='lat' dir='ltr'>sibi</span> <span class='ocrx_word' id='word_1_242' title='bbox 681 4177 816 4241; x_wconf 90' lang='lat' dir='ltr'>devotas</span> <span class='ocrx_word' id='word_1_243' title='bbox 833 4183 865 4240; x_wconf 92' lang='lat' dir='ltr'>et</span> <span class='ocrx_word' id='word_1_244' title='bbox 880 4175 990 4241; x_wconf 91' lang='lat' dir='ltr'>fideles</span> <span class='ocrx_word' id='word_1_245' title='bbox 1006 4176 1184 4240; x_wconf 87' lang='lat' dir='ltr'>honoribus</span> <span class='ocrx_word' id='word_1_246' title='bbox 1199 4179 1379 4260; x_wconf 77' lang='lat' dir='ltr'>prevenire,</span> <span class='ocrx_word' id='word_1_247' title='bbox 1403 4179 1553 4262; x_wconf 88' lang='lat' dir='ltr'>ipsarum,</span> 
     </span>
     <span class='ocr_line' id='line_1_33' title="bbox 424 4282 1550 4369; baseline 0.002 -23"><span class='ocrx_word' id='word_1_248' title='bbox 424 4305 485 4365; x_wconf 88' lang='lat' dir='ltr'>que</span> <span class='ocrx_word' id='word_1_249' title='bbox 510 4282 607 4346; x_wconf 90' lang='lat' dir='ltr'>fidem</span> <span class='ocrx_word' id='word_1_250' title='bbox 634 4290 666 4346; x_wconf 86' lang='lat' dir='ltr'>et</span> <span class='ocrx_word' id='word_1_251' title='bbox 688 4285 889 4349; x_wconf 83' lang='lat' dir='ltr'>devotionem</span> <span class='ocrx_word' id='word_1_252' title='bbox 915 4285 1021 4366; x_wconf 91' lang='lat' dir='ltr'>dignis</span> <span class='ocrx_word' id='word_1_253' title='bbox 1047 4285 1316 4350; x_wconf 87' lang='lat' dir='ltr'>retributionibus</span> <span class='ocrx_word' id='word_1_254' title='bbox 1336 4306 1550 4369; x_wconf 88' lang='lat' dir='ltr'>compensare,</span> 
     </span>
     <span class='ocr_line' id='line_1_34' title="bbox 427 4391 1553 4479; baseline 0.001 -25"><span class='ocrx_word' id='word_1_255' title='bbox 427 4412 465 4454; x_wconf 85' lang='lat' dir='ltr'>ac</span> <span class='ocrx_word' id='word_1_256' title='bbox 491 4391 578 4473; x_wconf 88' lang='lat' dir='ltr'>ipsas</span> <span class='ocrx_word' id='word_1_257' title='bbox 605 4391 769 4457; x_wconf 87' lang='lat' dir='ltr'>dotalibus</span> <span class='ocrx_word' id='word_1_258' title='bbox 786 4392 951 4460; x_wconf 81' lang='lat' dir='ltr'>favoribus</span> <span class='ocrx_word' id='word_1_259' title='bbox 967 4392 1161 4477; x_wconf 76' lang='lat' dir='ltr'>convallare,</span> <span class='ocrx_word' id='word_1_260' title='bbox 1176 4401 1208 4458; x_wconf 92' lang='lat' dir='ltr'>et</span> <span class='ocrx_word' id='word_1_261' title='bbox 1224 4395 1369 4478; x_wconf 89' lang='lat' dir='ltr'>ipsarum</span> <span class='ocrx_word' id='word_1_262' title='bbox 1386 4395 1553 4479; x_wconf 88' lang='lat' dir='ltr'>petitiones</span> 
     </span>
    </p>

    <p class='ocr_par' dir='ltr' id='par_1_11' title="bbox 426 4497 1613 4585">
     <span class='ocr_line' id='line_1_35' title="bbox 426 4497 1613 4585; baseline 0 -22"><span class='ocrx_word' id='word_1_263' title='bbox 426 4497 609 4564; x_wconf 84' lang='lat' dir='ltr'>liberaliter</span> <span class='ocrx_word' id='word_1_264' title='bbox 634 4501 796 4584; x_wconf 89' lang='lat' dir='ltr'>exaudire,</span> <span class='ocrx_word' id='word_1_265' title='bbox 822 4509 941 4585; x_wconf 89' lang='lat' dir='ltr'>quanto</span> <span class='ocrx_word' id='word_1_266' title='bbox 957 4500 1102 4566; x_wconf 89' lang='lat' dir='ltr'>Ducatui</span> <span class='ocrx_word' id='word_1_267' title='bbox 1117 4509 1229 4568; x_wconf 90' lang='lat' dir='ltr'>nostro</span> <span class='ocrx_word' id='word_1_268' title='bbox 1246 4501 1427 4569; x_wconf 85' lang='lat' dir='ltr'>devotiores</span> <span class='ocrx_word' id='word_1_269' title='bbox 1446 4499 1507 4566; x_wconf 89' lang='lat' dir='ltr'>fide</span> <span class='ocrx_word' id='word_1_270' title='bbox 1523 4505 1555 4563; x_wconf 91' lang='lat' dir='ltr'>et</span> <span class='ocrx_word' id='word_1_271' title='bbox 1612 4555 1613 4558; x_wconf 67' lang='grc'>,</span> 
     </span>
    </p>
   </div>
   <div class='ocr_carea' id='block_1_8' title="bbox 0 0 1644 5252">
    <p class='ocr_par' dir='ltr' id='par_1_12' title="bbox 0 0 1644 5252">
     <span class='ocr_line' id='line_1_36' title="bbox 0 0 1644 5252; baseline 0 0"><span class='ocrx_word' id='word_1_272' title='bbox 0 0 1644 5252; x_wconf 95' lang='lat' dir='ltr'> </span> 
     </span>
    </p>
   </div>
  </div>
 </body>
</html>
