3108 5246
695 345 931 394 nrruousozuu
952 335 1119 394 suntuna.

874 637 950 699 299.

345 797 507 864 Dorzdulo
524 797 637 862 Endro
653 796 807 862 ceienczei
823 797 900 881 dopo
916 795 1074 880 tuddsitja
1090 820 1112 860 α
1128 797 1303 882 paupp-iai
1313 765 1454 860 kliztdrsu·

428 911 529 994 cripui,
546 907 628 992 boyp
645 905 773 990 Mnrpit
790 927 933 990 mupyar
948 903 1105 989 kirdlynd
1120 904 1269 990 mephuit.
1294 905 1383 970 1349.

453 1061 606 1130 Andreas
633 1062 789 1130 Dandulo
813 1062 880 1128 Dei
895 1065 1009 1147 gracia
1025 1060 1176 1144 Veuecie,
1192 1062 1359 1130 Dalmncie
1373 1069 1454 1144 atque

347 1170 485 1237 Oroaoie
500 1171 586 1252 Dux,
603 1171 763 1238 Dominus
774 1167 898 1254 Quarta
913 1169 1025 1252 Partis
1041 1178 1076 1236 et
1089 1171 1236 1237 Dimidia
1252 1171 1354 1236 tocius
1370 1171 1457 1253 [mpe-

352 1280 394 1344 rii
411 1279 582 1360 Romame,
598 1277 773 1345 Nobilibus
790 1285 823 1344 et
840 1278 1039 1363 sapientibus
1055 1279 1132 1343 viris
1148 1277 1322 1343 Prioribus
1337 1276 1458 1356 Artium,
1538 1353 1540 1364 Ι

351 1385 497 1452 Consilio
514 1395 547 1452 et
563 1384 734 1454 Communi
751 1385 880 1452 Perusii
894 1386 1007 1451 aulicis
1024 1385 1151 1452 dilectis
1164 1386 1303 1452 salutem
1313 1393 1346 1451 et
1355 1386 1458 1450 sincere
1539 1467 1540 1470 Ἴ

347 1493 532 1559 dilectionis
549 1491 700 1558 effectum
717 1491 868 1578 Quesiuit
886 1513 904 1558 a
920 1494 1015 1561 nobis
1032 1494 1093 1560 stb.
1108 1493 1160 1558 De
1177 1492 1328 1576 partibus
1342 1490 1459 1572 Hunga·
1539 1535 1540 1540 κ

347 1599 397 1664 rie
412 1597 568 1664 babemus
584 1621 681 1681 noua,
700 1599 787 1682 quod
811 1599 1035 1682 epidemia
1057 1599 1366 1665 mortalitatis
1388 1597 1459 1663 dese-

348 1706 397 1771 uit
422 1706 558 1771 multum
583 1707 719 1788 ibidem3
744 1713 776 1772 et
802 1706 889 1790 quod
921 1705 1098 1791 Regina
1119 1704 1364 1790 Hungarie7
1386 1725 1460 1770 cou-
1540 1699 1541 1764 i

349 1835 448 1879 sors
480 1814 648 1881 domini
680 1813 820 1900 Regis
842 1835 988 1899 nuper
1013 1815 1063 1880 ad
1086 1815 1321 1882 Dominum
1343 1821 1460 1878 trans·
1539 1811 1541 1896 'j

348 1923 579 2007 migrauit.
603 1923 675 1988 Rex
701 1943 778 1988 vero
807 1945 909 2008 usque
935 1921 1098 1989 nuncsuit
1114 1922 1282 1989 infinibus
1307 1921 1408 2006 Regni
1422 1921 1460 1984 sui
1538 1897 1542 2034 l

351 2027 587 2113 Transiluania
612 2037 646 2096 et
669 2036 705 2095 ut
732 2031 862 2112 dicitur,
887 2030 978 2097 breui
1004 2035 1160 2096 venturus
1187 2036 1239 2096 est
1259 2029 1302 2095 ad
1317 2029 1460 2112 quandam
1539 2037 1542 2108 ξ

351 2142 474 2201 terram
490 2143 643 2204 vocatam·
664 2136 872 2220 Isagrabiam
899 2159 1012 2204 tersus
1037 2137 1213 2204 Marinam.
1227 2133 1308 2202 Alia
1323 2134 1461 2219 siquiden
1539 2115 1542 2216 l

351 2244 595 2326 presencialiter
621 2265 686 2310 nou
711 2245 865 2311 habemus
890 2243 1008 2314 Vestre
1031 2244 1261 2310 Benevolentie
1277 2242 1462 2320 denotandu;
1540 2221 1543 2306 i

353 2349 395 2416 ad
422 2351 513 2416 cuius
539 2351 746 2434 beneplacita
774 2353 806 2416 in
833 2355 920 2418 omni
935 2373 1014 2418 casu
1030 2352 1153 2417 sincere
1170 2351 1377 2435 disponimur,
1391 2348 1461 2414 velut

351 2459 408 2542 qui
426 2459 469 2524 ad
487 2456 557 2527 Vos
574 2466 605 2523 et
621 2456 896 2526 Communitatom
921 2458 1077 2527 Vestram
1096 2460 1297 2543 singularem
1313 2460 1461 2524 caritatem

355 2566 499 2650 gerimus
517 2571 549 2630 et
565 2585 716 2632 amoram.
742 2567 866 2632 Datum
892 2569 925 2632 in
951 2573 1063 2633 nostro
1088 2566 1209 2633 Ducali
1224 2568 1350 2652 palacio
1366 2567 1411 2632 die
1424 2585 1462 2630 se

355 2674 458 2758 ptimo
476 2671 629 2740 Octobris
645 2675 746 2740 tercie
761 2675 956 2742 indictionis

624 2819 763 2878 (ltredetie
777 2820 896 2884 Perugia
909 2820 990 2870 varos
1004 2821 1218 2884 leveltcirabau.)

887 3111 962 3171 300.

357 3271 658 3364 Moypororazdpbo
669 3269 793 3335 triluca
804 3269 986 3336 lrlivetoinelc
996 3293 1018 3333 a
1030 3267 1183 3334 oeleueaei
1199 3269 1462 3354 kornrdaplundra

873 3381 966 3442 1349.

467 3541 566 3609 Anno
583 3537 846 3608 MGOGXLIX.
858 3537 910 3604 die
925 3536 991 3602 IX.
1008 3535 1209 3604 Novembris.
1221 3534 1248 3602 C
1260 3545 1379 3622 apta:
1395 3533 1464 3620 quod

358 3650 595 3739 respondeatur
611 3645 892 3715 Ambaxatoribus
909 3645 950 3710 ad
961 3645 1084 3728 Regem
1094 3645 1242 3728 Vugaric
1259 3647 1294 3710 in
1304 3642 1465 3712 hacforma

466 3759 621 3844 Receptis
635 3757 756 3823 litteris
772 3755 891 3821 vestris
917 3760 950 3819 et
965 3775 1078 3820 earum
1102 3754 1269 3820 intellecto
1301 3761 1408 3820 tenore
1433 3749 1464 3812 de

358 3868 463 3952 modo,
494 3889 591 3952 quem
616 3865 774 3946 tenuistis,
797 3870 830 3932 et
855 3861 1034 3948 provisione
1060 3882 1118 3947 per
1142 3883 1198 3928 vos
1214 3859 1320 3927 lacta:
1346 3867 1465 3927 vestran

359 3975 553 4042 fidelitatem
564 3980 597 4038 et
607 3970 860 4039 sollicitudinem
872 3967 1141 4052 commendamus
1151 3976 1184 4035 et
1196 3968 1271 4034 ideo
1282 3969 1325 4034 ad
1336 3971 1466 4034 contenta

360 4085 546 4150 litterarum
563 4089 744 4148 vestrarum
767 4079 879 4145 taliter
904 4076 1148 4162 respondemus,
1165 4075 1323 4160 videlicet,
1337 4074 1418 4160 quod
1431 4092 1467 4138 ro

361 4213 455 4258 serso
471 4189 597 4272 nuncio,
615 4211 711 4273 quem
727 4188 868 4268 misistis,
886 4188 912 4251 si
928 4185 1090 4270 habuerit,
1108 4205 1189 4268 quo
1201 4184 1221 4250 d
1247 4183 1338 4250 Rex
1363 4185 1416 4251 sit
1436 4182 1467 4244 in

362 4301 578 4384 partibus
604 4304 646 4365 et
672 4294 1410 4365 intalistatuetconvalescencia
1430 4289 1467 4354 de

361 4428 565 4494 persona,
598 4405 712 4489 quod
750 4405 801 4471 ad
840 4404 983 4487 ipsum
1022 4422 1112 4494 cum
1146 4397 1468 4467 securitateire

362 4515 674 4601 possitis‚iter
699 4518 896 4579 vestrum
928 4509 1145 4596 prosequi
1178 4499 1467 4590 debeatiaetperfi·
