3166 5256
352 359 354 364 ,
430 323 475 388 94
783 339 1020 387 omcounozur
1036 327 1204 388 nucum.

429 495 572 562 Comites
597 498 738 566 Paulum
758 506 793 564 et
807 498 1015 567 Maledinum
1031 501 1214 585 reciperent
1228 501 1263 565 in
1289 520 1350 566 sua
1364 498 1506 566 custodia
1520 505 1547 562 et

318 651 320 662 .
427 607 624 689 potectione,
639 613 798 690 tanquam
814 629 888 674 suos
905 609 1004 674 cives:
1015 607 1103 676 Item
1119 609 1148 674 si
1158 609 1374 691 contingeret,
1386 605 1472 692 quod
1486 607 1548 672 Rex

429 712 578 796 Vngarie
602 715 829 798 personaliter,
853 716 904 782 vel
930 716 998 781 eius
1018 715 1154 781 Bannus
1175 735 1232 781 seu
1247 715 1401 781 Bannum
1419 737 1488 781 cum
1501 734 1548 778 suo

430 823 575 888 exercitu
599 821 764 888 obsideret
790 831 902 890 castra
928 846 1005 904 sua,
1021 824 1109 907 quod
1135 823 1285 889 dominus
1311 821 1392 888 Dur
1419 829 1452 887 et
1467 821 1549 888 Con·

332 913 337 922 ’
427 952 524 996 mune
550 927 765 997 Venetiarum
797 932 841 998 ad
865 953 993 998 omnem
1011 931 1257 1015 requisitionem
1277 932 1440 996 dictorum
1457 928 1551 995 Comi·

430 1044 501 1103 tum
527 1036 695 1104 subveniet
720 1037 815 1104 dietis
841 1037 1022 1106 Comitibus
1051 1037 1157 1104 Paulo
1182 1044 1217 1103 et
1242 1036 1415 1104 Maladino
1442 1037 1481 1103 de
1502 1037 1551 1100 ills

431 1146 576 1228 gentium
600 1147 799 1230 quantitate,
824 1169 888 1231 que
907 1148 988 1231 ipsis
1008 1148 1138 1214 domino
1155 1145 1243 1214 Duci
1258 1152 1292 1211 et
1309 1145 1481 1212 Communi
1496 1145 1551 1214 Vc

429 1254 590 1334 retiatum
615 1253 788 1321 videbitur.
813 1253 910 1337 Item,
925 1254 1014 1340 quod
1033 1255 1140 1322 dictus
1159 1255 1310 1321 dominus
1326 1253 1405 1320 Dux
1421 1260 1454 1318 et
1469 1250 1551 1318 Com·

431 1381 527 1427 mune
553 1357 769 1428 Venetiarum
783 1362 920 1429 habebit
935 1363 971 1428 in
986 1383 1046 1428 sua
1061 1363 1262 1446 protectione
1285 1368 1319 1428 et
1348 1361 1495 1428 custodia
1509 1381 1551 1424 su·

427 1469 597 1554 predictos
613 1468 760 1537 dominos
777 1470 923 1538 Comites
939 1471 1082 1537 Paulum
1092 1477 1126 1536 et
1141 1470 1338 1553 Deodatum,
1353 1471 1473 1538 fratres
1487 1490 1548 1553 prc-

433 1575 515 1643 dicti
531 1577 671 1645 Comitis
687 1577 861 1662 Maledini,
876 1585 1035 1662 tanquam
1046 1600 1122 1645 suos
1132 1580 1226 1646 cives.
1242 1578 1329 1645 Item
1346 1578 1436 1662 quod
1452 1580 1479 1643 si
1494 1598 1553 1661 pre

430 1683 537 1752 dictus
561 1685 708 1751 dominus
732 1685 811 1751 Dux
830 1690 863 1752 et
882 1685 1060 1752 Commune
1077 1685 1293 1754 Venetiarum
1308 1705 1423 1770 pacem
1440 1690 1472 1750 et
1487 1705 1549 1750 con-

430 1793 578 1858 cordium
603 1791 704 1860 faciet
728 1814 801 1859 cum
824 1792 1011 1861 Jadratinis
1037 1794 1185 1878 superins
1201 1794 1393 1875 nominatis;
1408 1799 1550 1858 teneatur

430 1908 463 1966 et
479 1901 598 1968 debeat
613 1903 702 1986 ipsos
720 1901 863 1970 Comites
880 1903 1044 1987 predictos
1059 1924 1181 1986 ponere
1196 1904 1231 1968 in
1247 1903 1327 1987 ipsis
1343 1923 1423 1987 pace
1440 1905 1472 1967 et
1486 1920 1549 1965 con

429 2009 541 2075 cordio
565 2009 687 2092 taliter,
714 2010 803 2093 quod
828 2015 1022 2078 remaneant
1046 2011 1142 2076 amici
1166 2010 1312 2094 ipsorum
1338 2007 1549 2076 Jadrensinm

430 2114 502 2200 Que
525 2118 674 2201 predicta
700 2119 808 2185 omnia
833 2125 866 2184 et
891 2119 1019 2202 singula
1035 2118 1181 2203 predicte
1196 2123 1309 2202 partes
1325 2117 1389 2184 sibi
1403 2115 1550 2201 promise·

428 2231 505 2290 runt
520 2226 564 2291 ad
579 2226 716 2292 invicem
732 2227 943 2311 stipulatione
960 2226 1096 2293 solemni
1115 2247 1182 2290 una
1198 2247 1276 2310 pars
1291 2224 1391 2291 alteri
1406 2231 1440 2290 et
1456 2223 1550 2289 altera

429 2332 527 2399 alteri
542 2334 712 2400 attendere
728 2340 762 2400 et
777 2356 843 2401 non
859 2340 975 2401 contra
990 2334 1099 2401 facere
1113 2335 1166 2400 vel
1182 2333 1292 2400 venire
1308 2331 1349 2397 de
1362 2334 1436 2418 jure
1452 2329 1548 2397 valde

428 2441 525 2524 facto,
534 2463 592 2525 per
617 2462 652 2507 se
668 2442 719 2508 vel
734 2463 792 2526 per
808 2442 917 2525 alium,
932 2441 1057 2508 directe
1072 2442 1122 2508 vel
1137 2463 1196 2526 per
1211 2439 1381 2525 obliquum
1396 2437 1491 2503 modo
1506 2436 1549 2501 rel

429 2549 568 2634 ingenio,
591 2569 649 2615 seu
673 2550 739 2615 alia
756 2570 959 2634 quacumque
973 2550 1101 2616 ratione
1116 2549 1168 2616 vel
1183 2568 1293 2640 causa.
1309 2546 1377 2611 Pro
1393 2543 1508 2629 quibus
1522 2548 1549 2608 et

431 2658 568 2744 singulis
583 2657 792 2724 attendendis
803 2662 836 2723 et
851 2657 1084 2724 inviolabiliter
1100 2656 1316 2740 adimplendis
1332 2653 1550 2738 obligauerunt

430 2765 493 2830 sibi
516 2765 559 2830 ad
584 2765 719 2832 inuicem
745 2765 830 2831 dicte
849 2772 960 2849 partes
976 2766 1084 2832 omnia
1100 2771 1134 2832 et
1150 2764 1279 2846 singula
1294 2763 1392 2844 bona,
1407 2761 1548 2826 videlicet

428 2873 508 2939 dicti
519 2874 634 2940 sindici
650 2874 826 2939 uindicario
842 2874 969 2940 nomine
980 2873 1059 2940 dicti
1070 2873 1193 2939 domini
1203 2870 1306 2937 Ducis
1322 2877 1356 2937 et
1366 2868 1546 2936 Communis

429 2979 643 3049 Venetiarum
668 2982 753 3048 bona
777 2981 881 3066 ipsius
892 2980 1098 3064 Communis;
1115 2987 1149 3047 et
1164 2981 1270 3047 dictus
1287 2979 1437 3046 dominus
1453 2973 1550 3044 Mala·

429 3088 524 3155 dinus
548 3111 608 3174 pro
634 3111 669 3155 se
694 3097 727 3154 et
751 3087 909 3156 fratribus
927 3091 1003 3172 suis,
1023 3091 1131 3156 omnia
1146 3095 1180 3154 et
1195 3088 1323 3173 singula
1341 3109 1400 3153 sua
1414 3087 1507 3167 bona,
1521 3090 1549 3147 et

428 3195 535 3263 dictus
560 3219 613 3262 ser
637 3197 793 3279 Jacobus,
818 3203 1014 3281 procurator
1038 3205 1071 3264 et
1089 3196 1316 3282 procuratorio
1332 3195 1463 3260 nominc
1479 3192 1549 3257 dicti

427 3302 566 3371 Comitis
591 3304 697 3389 Pauli,
722 3306 832 3371 omnia
856 3312 891 3372 et
915 3305 1044 3389 singula
1059 3306 1148 3372 bona
1163 3304 1265 3388 ipsius
1280 3303 1406 3368 domini
1422 3299 1549 3366 Comitis

425 3411 523 3479 Pauli
538 3413 667 3496 pignori
678 3433 734 3478 seu
744 3411 969 3497 hyppothece3
984 3414 1209 3480 renuntiantes
1220 3412 1308 3478 dicte
1318 3417 1430 3494 partes
1440 3415 1549 3492 etque

427 3517 509 3587 libet
533 3524 678 3604 ipsarum
694 3522 877 3604 exceptioni
902 3522 970 3588 doli
996 3522 1082 3602 meli,
1099 3523 1133 3587 in
1148 3520 1271 3586 factum
1286 3517 1361 3598 fori,
1376 3515 1547 3602 privilegio,

429 3628 628 3695 condictioni
652 3629 721 3694 sine
746 3649 845 3695 eausa
869 3629 920 3694 vel
936 3651 975 3695 ex
990 3629 1112 3695 iniusta
1128 3649 1236 3710 causa,
1253 3625 1378 3692 fictioni
1394 3625 1445 3690 vel
1463 3623 1550 3689 simu·

427 3734 553 3820 lationi,
578 3736 772 3821 deceptioni,
797 3735 898 3818 feriis,
923 3736 1038 3803 diebus
1057 3734 1191 3819 feriatis,
1206 3733 1364 3801 beneficio
1380 3731 1550 3798 restitutio·

427 3846 478 3913 nis
504 3845 538 3910 in
557 3844 729 3928 integrum,
746 3845 968 3928 appellationi,
984 3844 1214 3930 supplicationi
1230 3850 1263 3909 et
1279 3841 1478 3926 generaliter
1492 3859 1550 3904 om·

427 3954 525 4020 nibus
552 3959 585 4019 et
602 3953 738 4036 singulis
754 3953 877 4019 iuribus
896 3954 1119 4020 communibus
1135 3960 1205 4018 tem
1221 3949 1387 4017 canonicis
1403 3969 1499 4034 quam
1514 3945 1552 4009 ci·

427 4059 556 4145 vilibus,
581 4061 787 4147 generalibus
812 4066 845 4126 et
868 4060 1071 4144 spetialibua
1097 4058 1349 4143 municipalibus
1378 4065 1412 4122 ct
1427 4074 1552 4122 consue·

429 4167 614 4250 tudinariis,
639 4175 674 4235 et
689 4167 763 4234 aliis
779 4167 1046 4252 quibuscumque,
1063 4168 1181 4256 quibus
1197 4167 1283 4232 dicte
1298 4170 1413 4250 partes
1429 4186 1487 4230 seu
1501 4161 1550 4229 ali·

429 4296 496 4362 qua
519 4275 665 4361 ipsarum
689 4276 810 4344 vellent
835 4298 892 4343 scu
916 4282 1048 4362 possent
1072 4278 1182 4344 venire
1207 4281 1322 4340 contra
1337 4272 1487 4357 predicta
1501 4291 1551 4335 seu

431 4381 563 4468 aliquod
587 4385 827 4480 premissorum,
852 4385 971 4468 quibus
988 4383 1097 4468 quoad
1111 4384 1272 4467 premissa
1290 4387 1324 4446 et
1340 4380 1472 4466 aliquod
1489 4398 1551 4464 pre·
