3254 5260
777 367 1010 412 nmnonaczmr
1026 355 1192 412 nnuanna

953 620 1004 682 31.

418 775 448 840 Α
468 777 618 840 ueleuczci
634 777 978 862 kormdnytaudceack
1003 779 1195 842 katdrczata
1213 804 1234 843 a
1252 779 1386 866 Nelipes
1412 780 1538 846 tiniaiai

620 884 740 971 prdffal
757 884 852 948 keren
869 884 1012 968 bdlcesadp
1027 887 1220 970 tdrpydhao.
1238 889 1333 951 1343.

525 1043 625 1107 Anno
640 1042 771 1108 Domini
789 1039 1048 1108 MCCCXLHI.
1064 1042 1116 1108 die
1133 1043 1194 1113 VI.
1210 1043 1411 1110 Decembris.
1424 1043 1536 1128 Capta:

417 1151 471 1215 Ad
488 1147 710 1215 Ambaxatam
727 1150 907 1234 expositam
924 1171 1033 1214 coram
1049 1150 1167 1215 Ducali
1183 1152 1337 1216 Dominio
1349 1173 1409 1234 per
1424 1152 1535 1218 Amba-

415 1264 547 1323 xatores
565 1255 702 1323 Comitis
719 1257 753 1322 N
755 1257 860 1339 eliptii
870 1256 1035 1322 Tiniensis
1051 1259 1225 1323 consulunt
1242 1258 1415 1342 Sapientes
1431 1259 1537 1323 etolim
1612 1333 1614 1338 ¹

414 1364 606 1430 Proviscres
622 1364 803 1431 sclavonia

523 1472 568 1537 Et
594 1474 699 1556 primo
728 1473 771 1538 ad
787 1473 976 1555 capitulum,
992 1495 1051 1556 per
1068 1475 1155 1555 quod
1171 1475 1280 1539 dictus
1298 1471 1416 1539 Comes
1433 1472 1536 1556 Nelip-
1612 1491 1613 1514 ³

414 1582 479 1646 tius
491 1581 666 1664 dispositus
677 1581 719 1645 ad
730 1583 839 1645 omnia
850 1580 1005 1645 mandata
1019 1583 1121 1648 nostri
1138 1581 1295 1664 Dominii,
1309 1603 1342 1646 se
1354 1603 1537 1646 recommen-
1612 1599 1614 1640 ς

413 1691 472 1753 dat
487 1709 558 1752 cum
574 1688 641 1752 filio
653 1708 711 1751 suo
723 1694 756 1750 et
765 1687 923 1768 omnihus,
940 1709 1003 1770 que
1020 1689 1166 1771 possidet
1181 1695 1252 1768 etc,
1269 1690 1356 1772 quod
1372 1709 1429 1771 per
1445 1689 1534 1752 istam

413 1796 666 1861 dominationem
696 1794 932 1876 respondeatur
964 1793 1242 1860 Ambaxatoribus
1273 1796 1439 1878 predictis,
1460 1793 1536 1878 quod
1612 1779 1614 1806 ¹

411 1903 502 1969 norit
518 1902 609 1967 Deus
629 1904 739 1985 ¹ipsum
758 1900 917 1966 Comitem
935 1901 1127 1984 Neliptinm,
1144 1925 1217 1967 cum
1234 1925 1290 1967 suo
1306 1903 1381 1983 filio,
1398 1910 1430 1968 et
1446 1902 1536 1966 omni·

391 2001 483 2090 ¹bus,
508 2032 570 2092 que
596 2010 749 2093 possidet,
775 2017 922 2075 amantes
943 2010 1116 2074 dilectione
1132 2012 1268 2090 sincera,
1283 2031 1408 2092 semper
1425 2029 1536 2073 recom.

413 2119 603 2184 mendatnm
628 2117 799 2183 babuimus
819 2124 853 2182 et
869 2118 992 2182 habere
1010 2117 1216 2197 intendimus,
1234 2119 1318 2182 sicut
1343 2138 1468 2199 semper
1483 2116 1537 2179 l'uit
1612 2203 1614 2208 ,

414 2237 445 2292 et
456 2233 506 2292 est
516 2234 625 2291 nostre
640 2225 731 2291 firme
748 2227 946 2307 intensionis
963 2227 1112 2310 dispositi
1129 2228 1171 2292 ad
1187 2248 1313 2292 omnem
1330 2228 1400 2292 eius
1417 2244 1536 2291 conser·
1612 2279 1614 2322 ξ

414 2338 580 2400 racionem
597 2342 629 2399 et
640 2340 762 2398 statum
778 2334 951 2417 pacificum
967 2341 1133 2416 tamquam
1150 2334 1257 2399 devoti
1274 2340 1307 2398 et
1323 2333 1469 2399 benevoli
1486 2351 1535 2395 no·
1612 2337 1614 2408 ξ

413 2444 473 2506 stri
489 2449 557 2522 etc,
574 2464 646 2506 cum
662 2441 736 2506 aliis
760 2442 987 2525 pulcherrimis
1005 2441 1120 2524 verbis
1138 2465 1199 2524 que
1216 2443 1408 2506 Domiuatio
1425 2437 1538 2504 viderit
1612 2445 1614 2452 '

414 2550 592 2615 convenire.

522 2654 682 2738 Capta:
700 2653 805 2738 Super
822 2675 870 2734 eo,
887 2656 974 2738 quod
986 2654 1102 2718 Comes
1118 2651 1285 2737 Neliptius
1302 2655 1387 2736 petit
1398 2652 1538 2736 etrequi·

415 2765 459 2827 rit
483 2765 523 2827 de
549 2763 668 2846 gratia,
693 2763 779 2846 qnod
807 2762 961 2828 Castrum
980 2766 1028 2827 sui
1048 2765 1174 2846 nepotis
1191 2760 1324 2828 Comitis
1341 2760 1540 2827 Constantini
1610 2733 1614 2846 ἶ

414 2892 480 2935 non
505 2874 742 2953 prosternatur,
768 2872 825 2936 sed
851 2873 1004 2936 continuo
1029 2879 1197 2935 remaneat
1216 2871 1249 2934 in
1266 2869 1416 2934 manibus
1432 2869 1538 2934 suiset
1612 2879 1614 2918 l

414 2979 532 3044 tutella
555 2984 623 3059 etc,
639 2979 745 3044 dicuni
761 2978 900 3060 predicti
917 2977 1090 3060 Sapientes
1107 2984 1140 3042 et
1155 2977 1355 3060 Provisores,
1371 2975 1456 3060 quod
1473 2995 1538 3039 curn
1612 2991 1613 3016 ³

413 3088 536 3152 factum
556 3087 760 3169 ruynationis
776 3084 882 3150 fiende
898 3086 938 3150 de
955 3084 1042 3150 dicto
1059 3091 1167 3149 castro
1184 3084 1289 3148 luerit,
1300 3106 1408 3164 unum,
1423 3084 1462 3147 de
1479 3101 1538 3164 quc
1612 3151 1613 3170 3

414 3195 493 3258 dicti
504 3195 694 3260 Prouisores
711 3193 885 3258 habuerint
903 3193 1213 3259 maioremlaborem
1230 3193 1272 3256 ad
1282 3190 1466 3256 laciendum
1483 3189 1541 3255 dic·
1612 3183 1614 3188 ’

412 3307 481 3364 turn
498 3301 657 3365 Comitem
673 3300 855 3384 Neliptium
875 3302 917 3366 ad
933 3301 966 3365 id
983 3300 1244 3381 condescendere,
1261 3307 1292 3363 et
1309 3299 1397 3382 quod
1414 3299 1538 3380 reputa·
1612 3285 1613 3290 ¹

413 3413 468 3472 tur
494 3409 598 3490 magis
625 3411 657 3473 in
683 3409 838 3474 honorem
858 3409 976 3476 Vestro
992 3409 1204 3489 Excellentie,
1221 3428 1285 3472 non
1303 3407 1430 3471 videtur
1445 3405 1488 3469 eis
1504 3403 1539 3466 de

412 3515 561 3579 faciendo
581 3516 724 3598 aliquam
736 3515 993 3598 novitatem,sed
1013 3516 1100 3598 qnod
1117 3521 1259 3581 castrum
1276 3515 1457 3597 predictum
1473 3533 1541 3593 ruy-

414 3630 507 3687 netur
533 3623 575 3688 ad
602 3625 775 3688 terminum
795 3623 993 3688 ordinatum.
1009 3625 1055 3688 Et
1070 3629 1248 3706 propterea
1264 3621 1444 3700 consulunt,
1459 3616 1541 3702 quod

412 3752 471 3814 per
487 3729 753 3796 Dominaoionem
765 3731 823 3796 fiat
849 3731 903 3796 illa
922 3732 1053 3795 curialis
1078 3731 1246 3813 responsio
1264 3726 1541 3794 Ambaxatcrihns

411 3841 574 3922 predictis,
585 3862 681 3922 quani
694 3840 811 3904 uiderit
822 3842 1000 3922 conuenire,
1011 3845 1044 3904 et
1056 3839 1142 3921 quod
1151 3838 1290 3903 intentio
1300 3830 1543 3902 huiusDominii

412 3955 470 4028 est,
488 3947 574 4028 quod
592 3948 712 4011 dictum
730 3953 872 4011 castrum
888 3947 1016 4030 penitus
1033 3947 1150 4011 debeat
1168 3945 1299 4026 ruyuari
1310 3945 1353 4009 ad
1362 3943 1541 4018 terminum,

414 4060 448 4118 ut
464 4062 513 4119 est
533 4054 706 4120 firmatum.

518 4162 679 4246 Capta:
699 4162 806 4248 Super
823 4186 869 4246 eo,
886 4164 972 4246 quod
990 4164 1119 4246 petitur,
1136 4162 1223 4246 quod
1240 4159 1371 4243 quando
1389 4157 1543 4223 Domina·

412 4269 456 4333 tio
472 4291 534 4351 pur
550 4271 656 4352 vellet,
673 4271 759 4354 quod
777 4279 919 4337 castrum
935 4259 1076 4337 ¹¹Comitis
1093 4269 1303 4334 Constantini
1323 4271 1543 4350 prosternare-

415 4387 475 4457 tur,
500 4379 587 4460 qnod
613 4381 714 4444 etiam
740 4387 881 4446 castrum
903 4380 1167 4458 Sibenioensinnr,
1184 4377 1306 4442 iactum
1324 4376 1364 4439 de
1382 4395 1477 4453 noro,
1491 4371 1543 4434 de·

419 4488 493 4550 beat
510 4489 643 4570 ruynari
660 4494 727 4566 etc,
745 4489 856 4556 dieunt
873 4487 1044 4574 Sapientes
1062 4494 1096 4553 et
1109 4487 1309 4567 Proviscres,
1325 4482 1412 4566 quod
1427 4482 1545 4558 haben·
