3108 5246
564 283 661 353 nso.
796 360 799 371 ,

579 597 653 661 315.

18 737 21 748 ⁴
63 753 248 820 Aoelencaei
263 757 545 843 kormdaytaoeica
561 757 679 823 Βπιεαη
695 757 811 822 Istaec
827 758 1105 824 eaerbiaiezdrtda
1116 755 1180 821 let-

111 867 169 930 ven
185 864 333 930 dormiet
349 865 425 931 bont
442 864 621 954 eqyrnrtasal
641 863 820 930 kibe‘kiteuc’
837 865 1011 954 igyedsailc.
1038 867 1132 930 1350.

13 1039 15 1048 ’
38 1069 42 1078 ·
152 1019 249 1090 Anno
264 1020 436 1091 MOOOL.
453 1025 630 1094 indictione
646 1023 715 1091 ΠΙ.
732 1023 784 1090 die
801 1021 865 1090 XI.
883 1025 975 1092 Julii.
1008 1023 1177 1110 Capta:

58 1127 134 1213 Quia
148 1136 195 1196 est
210 1129 320 1198 honor
345 1139 457 1199 noster
481 1153 544 1217 pro
569 1135 657 1198 omni
674 1138 823 1216 respectu
840 1137 872 1197 et
889 1133 1027 1200 maxime
1044 1141 1178 1219 propter

13 1257 17 1278 ³
57 1257 192 1321 magnum
207 1237 428 1321 affectionem,
454 1261 552 1325 quam
579 1239 621 1306 ad
646 1259 704 1304 nos
720 1239 936 1306 ostenderunt
952 1261 1012 1324 per
1028 1237 1179 1308 effectum

58 1349 115 1412 lam
129 1344 279 1413 dominus
294 1345 371 1414 Rex
386 1345 493 1414 Raxie
520 1367 618 1431 quam
645 1347 749 1414 eciam
770 1347 883 1414 Benus
897 1346 1017 1428 Rosos,
1034 1349 1179 1434 interpo-

13 1481 16 1494 ·
56 1472 121 1518 nere
142 1473 200 1520 nos
225 1453 268 1520 de
294 1453 471 1522 concordio
495 1457 582 1522 inter
608 1476 662 1521 eos
679 1481 685 1520 ε
703 1453 793 1521 vadit
817 1475 903 1540 pare,
928 1453 1015 1540 quod
1041 1455 1075 1522 in
1090 1453 1178 1522 bona

58 1562 154 1642 prtia
171 1583 232 1646 pro
249 1563 343 1630 diota
358 1585 465 1644 eausa,
491 1569 523 1629 et
548 1563 648 1628 etiam
664 1585 725 1648 pro
741 1562 946 1646 procurando
963 1564 1178 1629 conservatio

13 1749 14 1752 Ἴ
57 1687 117 1732 nem
131 1674 163 1736 et
177 1669 304 1738 bonum
320 1679 508 1739 nostrerum
518 1669 662 1738 fidelium
675 1671 812 1754 Ragusii
829 1676 861 1734 et
878 1669 1023 1736 locorum
1035 1690 1178 1748 suorum,

57 1794 124 1857 quos
138 1797 268 1863 semper
285 1787 457 1864 promptos
481 1779 662 1845 invenimus
677 1777 721 1843 ad
736 1783 850 1844 nostra
866 1778 1032 1858 mandata,
1048 1779 1179 1844 mittan-

13 1899 15 1904 ’
57 1889 101 1946 tur
115 1884 175 1950 duo
191 1884 347 1952 solennes
373 1885 627 1982 Ambaxutores,
652 1887 709 1970 qui
735 1891 848 1952 euntes
874 1884 1067 1969 Ragusium,
1083 1891 1117 1953 et
1131 1887 1178 1952 in·

56 1985 220 2058 formantes
248 2015 285 2060 se
312 1993 352 2060 de
377 1994 478 2076 novis,
505 1993 628 2060 vadant
644 1997 711 2059 tem
727 1991 770 2058 ad
788 1992 910 2059 dictum
927 1992 1053 2078 Regem
1069 1990 1178 2060 Raxie

13 2163 14 2170 ,
56 2114 141 2179 quum
155 2099 199 2165 sd
213 2099 343 2167 dictum
367 2101 498 2168 Beuum
522 2122 581 2186 pro
606 2105 700 2184 parte
726 2106 839 2166 nostra
864 2099 908 2165 ad
934 2099 1179 2184 procurandum

13 2259 15 2264 .
56 2203 185 2288 quietem
208 2213 244 2273 et
270 2209 482 2275 concordium
506 2211 593 2275 inter
618 2227 681 2288 eos,
707 2215 739 2272 et
762 2205 849 2291 quod
864 2211 989 2274 cessent
1004 2208 1178 2289 novitates,

13 2341 15 2346 ·
55 2311 182 2396 adquae
198 2313 399 2382 alterutrum
415 2321 556 2400 utreque
572 2336 650 2402 pars
665 2313 793 2382 ridetur
803 2311 980 2396 intendere,
989 2313 1176 2401 incipiendo

13 2419 17 2430 ’
55 2423 82 2482 et
93 2421 250 2504 possendo
268 2445 305 2490 se
321 2423 363 2491 ab
381 2424 517 2492 invicem
535 2443 689 2509 separare
706 2428 740 2488 et
754 2421 803 2487 ire
815 2443 898 2488 unus
908 2441 1020 2488 eorum
1029 2427 1063 2488 et
1071 2424 1177 2504 ambo,

13 2520 22 2540 ’“
56 2525 130 2594 sient
153 2530 217 2597 sibi
242 2529 410 2598 uidebitur
435 2554 495 2617 pro
520 2531 606 2598 bono
626 2531 852 2615 negotiorum
876 2537 909 2596 et
924 2531 961 2611 si,
976 2532 1177 2598 concedente

13 2649 18 2708 ζ
54 2631 191 2722 Domino,
215 2643 375 2726 poterunt
401 2645 513 2724 partes
539 2637 695 2706 reducere
721 2639 765 2705 ad
790 2639 1008 2722 concordium,
1022 2637 1177 2722 redeant3

13 2767 14 2778 ³
55 2741 97 2808 sin
112 2751 227 2831 eutem,
253 2748 392 2814 trabant
415 2746 458 2814 ab
483 2749 540 2831 cis,
565 2769 627 2834 que
642 2753 807 2833 poterunt,
822 2753 854 2812 et
870 2745 1061 2828 rescribant,
1078 2766 1172 2834 expe·

13 2915 15 2922 .
55 2855 167 2922 cuntes
190 2862 341 2924 nostrum
363 2855 574 2938 mandatum3
598 2863 812 2942 procurantes
828 2876 886 2922 suo
903 2875 1004 2940 posse,
1021 2853 1110 2940 quod
1127 2857 1174 2921 in·

53 2960 138 3026 terim
152 2983 171 3030 e
185 2963 389 3031 novitatibus
405 2985 445 3032 ex
459 2970 600 3058 utraque
614 2971 713 3049 parte
729 2968 884 3031 cessetur.

148 3109 184 3171 (A
198 3109 310 3160 »Hirti«
325 3109 415 3162 czimu
428 3109 568 3162 veleuczei
582 3109 762 3176 ulsmkcnyv
775 3109 878 3160 XXVI.
893 3109 1058 3174 ketettbbl.)

532 3253 689 3267 -υ--ῠ-Α--ᾴ

573 3401 647 3466 316.

13 3615 14 3618 ¹
56 3551 78 3618 l·
92 3558 186 3646 lajas
199 3581 341 3650 mappae·
368 3559 492 3650 etrele,
516 3561 600 3626 mint
616 3560 744 3628 sicilici
759 3559 874 3650 lrirdly
902 3563 1098 3652 pdrtfoqdro
1116 3560 1175 3631 alc

129 3669 209 3734 cesai
226 3679 247 3735 α
263 3672 366 3736 nemet
381 3669 463 3735 read
471 3670 586 3754 jasab
603 3672 636 3735 ee
644 3672 756 3759 joqait
770 3670 969 3738 Sieilieiban.
988 3674 1085 3739 1350.

149 3827 321 3916 lodoycus
336 3831 402 3897 Dei
418 3833 529 3915 gratia
544 3830 702 3916 Vugarie,
714 3831 902 3899 Jerusalem
918 3839 952 3900 et
969 3831 1081 3898 Sicilie
1091 3831 1173 3914 Rex,

56 3927 232 4020 capitaneis
247 3937 431 4006 ciuitatum
446 3946 631 4007 nostrarum
647 3937 877 4025 Manlridcnie,
892 3939 1016 4024 Barolj‚
1031 3939 1123 4020 Bari,
1142 3947 1174 4006 et

13 4059 15 4066 ’
38 4038 224 4133 ⁵llionopulj,
239 4065 300 4112 nec
314 4067 381 4114 non
396 4047 555 4114 uniuersis
570 4053 604 4114 et
620 4047 757 4132 singulis
777 4047 976 4134 Justitiarijs
992 4053 1025 4114 et
1041 4045 1173 4115 Officia·

13 4153 14 4156 ’
55 4145 130 4250 libus
151 4154 397 4240 quibuscunque
425 4154 533 4238 Regni
558 4157 664 4221 nostri
689 4153 802 4222 Sicilie
818 4156 1024 4240 presentibus
1040 4161 1073 4221 et
1088 4154 1174 4224 iutu-

56 4257 95 4323 ris
108 4258 255 4330 fidelibus
281 4264 403 4330 nostris
428 4265 572 4347 gratiam
598 4269 630 4330 et
646 4265 767 4332 bonam
792 4266 1002 4333 voluntatem.
1019 4265 1107 4332 Loca
1123 4288 1173 4332 re-

55 4360 158 4447 ligiosa
179 4369 243 4455 pijs
269 4367 438 4440 affectibus
454 4377 694 4456 prosequentes,
710 4373 834 4440 intuitu
848 4371 1034 4440 Maiestatis
1050 4372 1173 4440 Diuine

13 4543 15 4552 ,
57 4470 215 4544 incitamur
232 4483 267 4544 et
282 4479 397 4545 merito
414 4476 458 4546 ad
472 4479 530 4546 illa
544 4478 759 4567 benignitatis
775 4486 889 4546 nostre
906 4480 1016 4548 oeulos
1033 4480 1173 4547 clemen-

1001 4586 1063 4656 25*
