3110 5248
563 353 658 418 1348.

518 671 525 686 “
576 656 650 720 254.

64 815 111 879 Vl.
127 815 269 882 Kalamon
280 822 377 903 pdpa
393 841 415 882 c
422 815 613 904 fopsdpbcu
639 817 710 882 le'ud
725 817 855 884 sicilici
871 818 996 906 kirotpi
1012 819 1178 908 bercaepek

346 924 603 991 kiszabuduldsa
622 925 770 1012 ttqye‘bea.
789 929 886 993 1348.

152 1080 304 1149 Clemens
319 1085 506 1169 Episcopus
523 1089 583 1151 etc.
602 1083 772 1149 carissimo
798 1087 832 1149 in
858 1082 992 1152 Christo
1011 1086 1080 1152 filio
1106 1087 1178 1154 Ka-

59 1191 120 1255 rolc
134 1189 217 1274 Regi
231 1191 459 1258 Romanorum
485 1191 606 1258 illustri
632 1192 781 1258 salutem.
808 1188 902 1273 Oum,
918 1195 1003 1260 sicut
1016 1193 1180 1262 intellexi·

1 1297 2 1300 ’
59 1319 119 1363 nus
133 1299 350 1365 insinuatione
367 1301 552 1380 multorum,
568 1301 760 1366 carissimus
770 1301 804 1365 in
815 1297 948 1366 Christo
962 1299 1049 1368 filius
1064 1310 1179 1372 noster

1 1449 24 1496 p
58 1404 226 1472 landericus
242 1405 315 1472 Rex
329 1403 477 1490 Vngarie
501 1405 639 1471 illustris
665 1413 740 1490 post
756 1408 939 1491 ingressum
955 1409 1099 1475 suumin
1114 1407 1179 1474 Re·

1 1517 2 1603 i
57 1533 142 1594 gnum
157 1511 279 1592 Sicilie,
298 1511 461 1598 quondam
477 1513 640 1578 Karolum
665 1513 794 1580 Ducem
811 1513 942 1594 Duratii
957 1517 1058 1581 morti
1075 1515 1177 1581 tradi-

1 1609 2 1666 ἕ
58 1617 140 1698 derit,
153 1625 188 1684 et
203 1619 343 1686 dilectos
358 1620 442 1686 lilios
459 1619 584 1687 nobiles
610 1621 698 1687 viros
722 1618 865 1704 Regulos
883 1621 967 1689 alios
983 1619 1109 1687 Domus
1127 1621 1177 1688 Si·

1 1735 2 1810 ,
57 1726 119 1791 cilia
143 1728 278 1812 ceperit,
304 1745 423 1811 eosque
447 1727 575 1794 miserit
598 1728 632 1793 in
658 1727 843 1810 Vngariam
875 1729 1073 1812 captivatos3
1106 1725 1178 1796 Nos

1 1823 2 1862 ³
56 1833 262 1915 attendentes,
288 1833 376 1918 quod
400 1833 543 1917 Regulos
569 1833 633 1918 ipsi
659 1833 699 1901 de
724 1835 859 1902 erimine
875 1836 992 1902 mortis
1008 1836 1099 1902 clare
1113 1857 1178 1902 me-

55 1941 146 2006 morie
161 1937 300 2006 Andree
316 1939 419 2024 Regis
446 1938 566 2022 Sicilie,
591 1941 675 2008 sicud
700 1940 878 2036 multarum
895 1941 1090 2008 notabilium
1105 1962 1179 2024 per-

1 2048 2 2124 i
55 2067 206 2129 sonarum,
223 2068 287 2134 quc
303 2067 399 2132 super
415 2047 476 2113 hoc
492 2055 619 2116 secrete
635 2055 669 2114 et
683 2048 813 2133 publice
836 2047 1055 2116 informarunt
1070 2069 1114 2132 se,
1130 2055 1178 2116 at·

54 2157 220 2221 testatione
237 2155 459 2239 cognocimus,
473 2157 663 2222 innocentes
680 2162 764 2238 sunt,
781 2164 816 2223 et
830 2177 891 2240 pro
907 2155 966 2222 illa
981 2155 1178 2222 vindicanda

53 2261 199 2343 fecerunt,
215 2263 376 2346 quicquid
391 2263 499 2346 facere
516 2268 713 2348 potuerunt3
729 2270 761 2330 et
777 2263 917 2347 proinde
927 2264 1007 2348 ipsis
1018 2269 1177 2347 tanquam

52 2371 248 2438 inocentibus
264 2372 318 2457 pie
334 2373 567 2456 compassionis
591 2369 781 2438 exhibentes
807 2369 970 2453 affectum,
986 2391 1047 2457 pro
1063 2391 1177 2440 eorum

53 2477 240 2546 liberatione
256 2477 411 2545 dilectum
426 2477 529 2543 filium
554 2479 754 2564 Magistrum
770 2477 796 2544 J
796 2477 957 2546 ohannem
973 2479 1013 2546 de
1030 2477 1177 2548 Pistoris

53 2586 214 2654 Decannm
229 2588 381 2655 Ecclesia
398 2584 512 2654 Sancti
522 2585 706 2654 Saluatoris
716 2586 948 2671 Traiectensis,
959 2586 1176 2672 capellanum

53 2701 199 2776 nostnrm,
224 2695 268 2762 ad
292 2701 405 2779 partes
429 2695 503 2762 illas
527 2694 731 2779 prouidimus
757 2693 997 2761 destinandum.
1014 2692 1178 2779 Quocirca

54 2801 265 2870 Serenitatem
282 2803 388 2869 Tuam
404 2804 602 2887 requirimus
619 2810 653 2870 et
666 2803 839 2869 hortamur
854 2806 990 2882 attente
1005 2804 1092 2868 acin
1108 2803 1177 2868 Do-

1 2904 2 2961 ἷ
53 2912 132 2978 mino
148 2913 309 2980 attentius
326 2913 549 2995 deprecamur,
565 2917 727 2995 quatenus
736 2909 905 2994 premissis
920 2909 955 2974 in
971 2930 1106 2977 examen
1122 2910 1176 2976 de·

1 3043 2 3106 3
52 3017 111 3086 bite
126 3019 397 3086 considerationis
413 3018 574 3100 adductis,
589 3040 650 3103 pro
665 3017 861 3085 liberatione
876 3038 915 3084 ac
930 3017 1176 3102 preseruatione

54 3125 91 3192 ab
105 3125 192 3192 omni
207 3127 308 3192 noxia
323 3128 468 3192 novitate
493 3123 670 3209 Regalium
694 3125 918 3209 predictorum
936 3125 1025 3208 apud
1041 3123 1177 3191 eundem

2 3218 3 3300 l
54 3229 171 3316 Regem
196 3233 357 3319 Vngarie,
381 3240 416 3298 et
440 3233 644 3300 carissimam
668 3232 703 3297 in
729 3229 863 3298 Ohristo
896 3231 999 3298 filiam
1030 3238 1178 3298 nostram

2 3361 3 3420 4
53 3337 267 3424 Margaritam
282 3341 442 3406 illustrem
458 3347 574 3406 natam
599 3344 699 3420 tuam,
714 3345 747 3405 to
764 3360 824 3424 pro
840 3339 964 3406 Diuine
989 3339 1178 3406 Maiestatis

2 3439 3 3524 j
53 3450 230 3515 reuerentia
245 3455 279 3513 et
293 3455 405 3515 nosue
429 3447 681 3513 interuentionis
707 3447 826 3513 obtutu
843 3445 1071 3512 fauorabiliter
1086 3449 1120 3511 et
1134 3443 1179 3511 ef·

2 3581 3 3602 c
54 3554 189 3623 ficaciter
205 3558 414 3640 interponas3
438 3574 503 3637 que
529 3556 598 3638 ipse
627 3553 790 3638 Magister
816 3553 841 3622 J
843 3554 987 3620 ohannes
1004 3574 1100 3636 super
1116 3552 1179 3619 hoc

3 3727 4 3732 ,
54 3685 108 3746 pro
124 3672 219 3749 parte
235 3669 350 3730 nostra
365 3661 525 3742 retulerit,
540 3660 671 3726 indubie
687 3661 833 3743 credens,
848 3667 881 3728 et
897 3660 941 3726 ad
957 3658 1108 3727 effectum
1124 3659 1178 3725 de·

3 3793 4 3798 ’
54 3770 117 3839 bite
131 3771 370 3856 prosecutionis
397 3753 572 3850 adducens,
597 3770 645 3835 ita
672 3767 763 3851 quod
779 3768 867 3852 apud
883 3767 989 3833 Deum
1005 3765 1131 3845 merito,
1146 3772 1180 3833 et

1 2319 2 2372 l

1 2425 2 2462 l

1 2465 3 2506 l

3 3899 4 3904 ¹
54 3879 135 3962 apud
157 3901 216 3947 nos
241 3878 356 3945 fauore
381 3897 580 3958 concrescas,
605 3882 640 3942 et
665 3875 753 3961 apud
777 3875 924 3943 homines
950 3874 1047 3958 digne
1071 3872 1178 3940 laudis

55 3989 196 4068 preconio
213 3987 373 4054 attuleris.
400 3985 527 4054 Datum
550 3983 718 4050 Aniniona
742 3981 843 4052 XVI.
869 3981 1026 4050 kalendas
1042 3977 1178 4065 Aprilis,

56 4090 264 4162 Pontificatus
280 4093 387 4161 nostri
402 4114 488 4159 anno
504 4099 604 4159 sexto.
857 4085 858 4090 ’

154 4204 194 4269 In
211 4203 325 4270 eodem
350 4201 447 4267 modo
473 4199 643 4284 Stephano
671 4207 750 4267 nato
775 4200 864 4266 clare
887 4197 1040 4263 memorie
1055 4193 1178 4262 Karoli

56 4306 150 4392 Regis
179 4308 332 4394 Vngarie
362 4307 453 4376 Duci
483 4306 721 4389 Transiluan03
753 4307 896 4374 Alberto
921 4303 1007 4370 Duci
1034 4299 1179 4382 Austrie,

4 4407 5 4410 ¹
65 4417 210 4484 Johanne
226 4417 365 4485 Ducisse
379 4413 536 4497 Austrie;
561 4413 754 4483 Obansdino
769 4412 1027 4500 Arcbiepisccpo
1051 4409 1179 4495 Strigo·

4 4513 6 4518 ’
63 4524 168 4608 nicusi,
197 4526 364 4624 Epiacopo
395 4519 744 4612 Quinqueecclesieusi,
774 4519 894 4590 Oomiti
925 4521 1031 4588 Paulo
1064 4519 1178 4586 Judici
