3166 5256
376 291 439 358 136
712 305 948 356 000000000οι
964 295 1130 357 suntuna.

376 471 633 557 subscriptorum
651 469 693 536 ad
709 467 772 536 hoe
786 475 977 537 vocatorum
993 469 1179 554 specialiter
1195 477 1229 540 et
1243 477 1446 558 rogatorum,
1462 477 1505 537 te·
1581 516 1582 519 κ

376 602 457 648 0000
481 581 644 664 presentis
667 576 797 663 puplice
820 575 928 644 fateor
951 579 1101 663 apodixe,
1117 580 1205 664 quod
1220 602 1282 665 pro
1297 587 1395 666 parte
1411 581 1506 665 Regi·
1566 573 1570 581 ’

376 690 460 757 nelis
476 688 577 755 Ourie
593 686 646 753 die
663 685 880 753 sextodecimo
894 687 1014 752 mensis
1024 685 1221 754 Nouembris
1238 689 1399 773 presentis
1415 711 1507 772 quar·
1582 736 1583 739 ,

375 796 536 864 tedecime
551 793 737 860 indictionis
753 793 841 878 apud
859 792 1026 860 Giratium
1041 796 1238 862 manualiter
1254 802 1288 863 et
1303 797 1506 881 presentiali-

375 911 426 970 ter
451 905 613 988 recepisse
640 908 672 968 01
696 901 850 968 habuisse
876 923 896 968 a
920 901 1098 986 Magnifice
1123 903 1192 969 viro
1218 902 1349 970 domino
1375 901 1505 988 Angelo

375 1010 612 1095 Prothojudice
627 1011 668 1076 de
683 993 828 1091 Salerno,
852 1009 955 1076 milite
971 1009 1094 1094 Magne
1116 1011 1289 1095 Reginalis
1306 1009 1415 1094 Gurie,
1438 1011 1506 1078 Ms-

377 1123 479 1204 gistro
495 1118 675 1199 Rationali,
699 1115 896 1186 Consiliario
913 1122 947 1184 et
962 1118 1128 1204 familiari,
1143 1139 1179 1187 00
1195 1121 1220 1187 J
1221 1121 1388 1187 ostitiario
1413 1118 1506 1186 Gala·

376 1229 457 1310 brie,
481 1228 552 1293 1000
575 1247 613 1292 aa
636 1225 765 1292 nomine
790 1231 823 1291 01
847 1225 1504 1315 000000101101111000001]1103001000

377 1358 411 1402 00
427 1356 465 1401 ac
481 1335 556 1420 alijs
580 1333 753 1418 armigeris
776 1336 887 1400 decem
903 1340 936 1400 et
952 1341 1077 1419 septem
1100 1337 1140 1402 de
1164 1336 1411 1404 Comestabulia
1426 1336 1504 1402 dicti

379 1442 622 1529 Gregorij,eius
638 1464 715 1509 vero
732 1447 920 1526 computata
935 1465 1084 1528 persona,
1093 1464 1154 1529 pro
1171 1445 1279 1530 gagijs
1295 1448 1449 1529 ipsorum,
1465 1445 1504 1510 ad

377 1552 537 1618 rationem
552 1550 703 1618 videlicet
719 1548 758 1614 de
774 1549 908 1616 florenis
923 1552 1183 1636 vigintiquinque
1198 1574 1256 1636 pro
1271 1573 1415 1636 persona
1430 1551 1506 1618 dicti

378 1658 611 1739 Gemestabuli,
628 1665 660 1724 et
676 1659 716 1724 de
731 1657 862 1724 florenis
879 1657 918 1724 da
934 1679 1013 1724 auro
1038 1666 1111 1724 octo
1126 1681 1185 1743 pro
1201 1658 1349 1744 quolibet
1372 1659 1506 1743 armige-

377 1787 490 1834 rorum
513 1768 659 1850 ipsorum
682 1789 742 1850 per
765 1787 916 1849 mensem,
933 1787 992 1848 pro
1016 1765 1140 1832 duobus
1163 1767 1327 1833 mensibus
1351 1769 1506 1852 prossimo

378 1877 535 1959 proterite
558 1873 755 1954 indictionis,
770 1895 829 1960 pro
845 1895 954 1940 mense
978 1872 1180 1957 Septembris
1195 1880 1228 1939 et
1244 1894 1305 1958 000
1321 1897 1431 1944 mense
1447 1877 1506 1945 Oe-

378 1983 484 2048 tobris
508 1983 668 2066 presentis
692 1981 879 2048 indictionis
903 2002 963 2066 pro
987 2002 1098 2048 eorum
1122 1981 1229 2066 gagijs
1253 1981 1451 2066 supradictis
1466 1983 1507 2052 ad

377 2089 538 2155 rationem
546 2088 729 2172 predictam
747 2088 785 2154 de
801 2088 939 2172 pecunia
954 2087 1159 2155 residuorum
1169 2089 1345 2156 recollecta
1359 2113 1419 2175 per
1434 2111 1507 2158 eun·

380 2196 453 2262 dem
476 2197 642 2263 dominum
665 2195 901 2279 Justitiarium,
917 2200 954 2261 01
970 2195 1061 2280 dixit,
1084 2197 1119 2260 iu
1142 2197 1365 2264 narniensibus
1381 2200 1506 2283 argenti

379 2304 494 2370 11110110
518 2305 689 2387 sexaginta
712 2325 770 2387 per
793 2304 928 2383 nnciam,
945 2308 978 2367 et
994 2303 1120 2370 duobus
1143 2325 1203 2388 pro
1220 2313 1344 2394 tarano
1361 2307 1507 2389 quolibet

381 2416 587 2496 0000010110,
597 2410 640 2477 ad
657 2412 816 2477 rationem
833 2410 983 2475 videlicet
999 2410 1039 2476 de
1055 2413 1177 2478 tarenis
1189 2421 1331 2498 quatuor
1347 2422 1381 2481 et
1397 2417 1506 2500 granis

382 2519 565 2604 quindecim
590 2539 650 2602 pro
675 2518 821 2602 quolibet
846 2517 969 2583 floreno
995 2519 1036 2585 de
1062 2541 1150 2601 auro,
1176 2521 1274 2586 dante
1297 2527 1332 2588 et
1355 2523 1506 2603 00100010,

382 2628 531 2694 exibente
548 2633 580 2694 et
595 2628 785 2710 assignante
808 2627 888 2692 mihi
905 2627 944 2691 de
960 2630 1097 2711 pecunia
1120 2626 1284 2695 dictorum
1307 2630 1507 2696 residuorum

380 2758 440 2822 pro
464 2737 570 2821 gagiis
595 2735 771 2802 antedictis
794 2736 991 2801 auctoritate
1009 2742 1042 2803 et
1056 2737 1167 2820 vigore
1191 2738 1397 2822 quarundam
1412 2739 1506 2822 Regi·

379 2846 503 2912 nalium
524 2845 717 2910 lieterarum
732 2867 850 2928 magno
874 2845 1028 2928 pendenti
1043 2846 1196 2928 Reginali
1220 2847 1327 2931 sigillo
1343 2847 1507 2915 roborata-

379 2977 453 3020 rum
468 2961 502 3019 et
518 2954 786 3018 communitorum
801 2952 905 3016 eidem
922 2952 1051 3018 domino
1074 2953 1100 3019 J
1101 2955 1266 3020 0011110010
1284 2954 1325 3020 de
1343 2953 1505 3020 exibendis

381 3062 487 3147 gagijs
505 3059 700 3144 supradictis
717 3059 904 3143 specialiter
919 3060 1226 3145 decreta1·um,quas
1241 3083 1342 3146 penes
1359 3061 1506 3128 sehabet

382 3191 441 3254 pro
465 3189 521 3235 sue
545 3168 682 3234 rationis
706 3168 844 3250 cautela,
867 3168 977 3233 uncias
998 3168 1238 3253 quinquaginta
1253 3191 1349 3236 unam
1365 3170 1406 3236 de
1422 3169 1507 3236 dicta

381 3279 522 3361 pecunia
536 3275 747 3342 residuorum.
763 3274 859 3346 Vnde
875 3276 917 3342 ad
933 3275 1075 3342 futuram
1098 3277 1299 3362 memoriam,
1316 3283 1349 3344 et
1365 3284 1433 3344 tam
1446 3276 1507 3343 Re·

380 3384 498 3468 ginalis
525 3383 624 3450 Ourie
655 3383 892 3465 certitudinem,
914 3404 1012 3467 quam
1038 3384 1160 3467 prefati
1185 3384 1307 3450 domini
1333 3385 1358 3452 J
1360 3384 1506 3468 ustitiarij

378 3494 549 3575 cautelam,
572 3499 756 3577 presentem
780 3493 945 3578 puplicam
970 3494 1144 3576 apodixem
1169 3495 1286 3561 exinde
1310 3493 1382 3560 fieri
1397 3493 1507 3578 rogaui

379 3608 412 3670 et
427 3602 489 3670 1001
506 3623 564 3688 000
580 3624 695 3668 manus
719 3600 851 3687 Notarij
867 3601 999 3686 Puplici
1015 3603 1196 3687 supradicti
1219 3604 1376 3688 scriptam
1391 3610 1424 3668 et
1438 3603 1508 3669 sub·

378 3712 544 3797 scriptam,
568 3731 691 3795 suoque
708 3710 801 3777 solito
827 3710 935 3796 sigillo
951 3711 1140 3794 sigillatam,
1164 3731 1302 3779 necnon
1325 3713 1404 3778 dicti
1420 3710 1508 3776 Judi·
1562 3786 1579 3810 Ι

378 3822 433 3904 010,
458 3827 491 3886 01
516 3819 773 3904 subscriptorum
800 3821 935 3886 testium
961 3821 1063 3904 signis
1090 3825 1124 3886 et
1150 3821 1454 3906 subscriptionibus,
1478 3827 1508 3884 01

378 3949 450 3996 meo
466 3929 575 4014 sigillo
592 3929 725 4012 proprio
743 3931 975 3995 communitam
991 3934 1024 3994 et
1039 3929 1236 3995 roboratam.
1250 3929 1412 3996 Fatemur
1425 3931 1508 3994 insu-

378 4058 436 4122 per
454 4059 511 4104 000
521 4037 669 4122 00010100
685 4035 710 4101 J
711 4037 806 4120 aden,
817 4037 977 4104 Notarius
994 4037 1152 4121 Puplicus
1169 4041 1201 4103 01
1215 4041 1316 4102 testes
1328 4037 1508 4122 subscripti,

378 4166 418 4211 ac
434 4152 545 4212 nostro
561 4145 747 4211 testimonio
764 4151 933 4227 testamur,
950 4145 1037 4230 quod
1051 4143 1198 4229 prefatus
1214 4145 1365 4212 dominus
1379 4144 1507 4213 1001111-

381 4254 469 4320 arius
486 4253 521 4318 in
536 4259 649 4320 nostre
665 4254 830 4337 presentia
853 4253 1017 4338 predictas
1033 4253 1143 4318 uncias
1160 4253 1400 4337 quinquaginta
1413 4273 1508 4319 ruam

380 4360 421 4426 de
444 4361 588 4445 pecunia,
612 4368 647 4428 vt
670 4361 762 4444 dixit,
784 4361 930 4446 ipsorum
953 4362 1167 4444 residuorum,
1186 4362 1384 4428 manualiter
1405 4361 1507 4427 eidem

381 4469 534 4554 Lucceio,
557 4491 638 4554 quas
654 4470 783 4538 nomine
808 4469 972 4538 confessus
989 4467 1058 4550 1011,
1081 4469 1314 4553 numerauisse,
1328 4470 1507 4550 tradidisse,
