<?xml version="1.0" encoding="UTF-8"?>
<!DOCTYPE html PUBLIC "-//W3C//DTD XHTML 1.0 Transitional//EN"
    "http://www.w3.org/TR/xhtml1/DTD/xhtml1-transitional.dtd">
<html xmlns="http://www.w3.org/1999/xhtml" xml:lang="en" lang="en">
 <head>
  <title>
</title>
<meta http-equiv="Content-Type" content="text/html;charset=utf-8" />
  <meta name='ocr-system' content='tesseract 3.04.00' />
  <meta name='ocr-capabilities' content='ocr_page ocr_carea ocr_par ocr_line ocrx_word'/>
</head>
<body>
  <div class='ocr_page' id='page_1' title='image "./magyardiplomacz01wenzgoog_0108.png"; bbox 0 0 3166 5256; ppageno 0'>
   <div class='ocr_carea' id='block_1_1' title="bbox 722 321 1141 385">
    <p class='ocr_par' dir='ltr' id='par_1_1' title="bbox 722 321 1141 385">
     <span class='ocr_line' id='line_1_1' title="bbox 722 321 1141 385; baseline -0.017 0"><span class='ocrx_word' id='word_1_1' title='bbox 722 336 957 385; x_wconf 74' lang='lat' dir='ltr'><strong>orenonsozrsr</strong></span> <span class='ocrx_word' id='word_1_2' title='bbox 973 321 1141 380; x_wconf 65' lang='lat' dir='ltr'><strong>annuns.</strong></span> 
     </span>
    </p>
   </div>
   <div class='ocr_carea' id='block_1_2' title="bbox 897 517 947 578">
    <p class='ocr_par' dir='ltr' id='par_1_2' title="bbox 897 517 947 578">
     <span class='ocr_line' id='line_1_2' title="bbox 897 517 947 578; baseline -0.06 0"><span class='ocrx_word' id='word_1_3' title='bbox 897 517 947 578; x_wconf 83' lang='lat'><strong>70.</strong></span> 
     </span>
    </p>
   </div>
   <div class='ocr_carea' id='block_1_3' title="bbox 364 674 1494 764">
    <p class='ocr_par' dir='ltr' id='par_1_3' title="bbox 364 674 1494 764">
     <span class='ocr_line' id='line_1_3' title="bbox 364 674 1494 764; baseline -0.012 -14"><span class='ocrx_word' id='word_1_4' title='bbox 364 681 395 750; x_wconf 80' lang='grc' dir='ltr'><strong><em>Α</em></strong></span> <span class='ocrx_word' id='word_1_5' title='bbox 412 683 562 748; x_wconf 77' lang='lat' dir='ltr'><strong>veienczei</strong></span> <span class='ocrx_word' id='word_1_6' title='bbox 576 681 850 764; x_wconf 78' lang='lat' dir='ltr'><strong>kormdnytooa&#39;cs</strong></span> <span class='ocrx_word' id='word_1_7' title='bbox 866 674 1041 741; x_wconf 73' lang='lat' dir='ltr'><strong>diatoaoleat</strong></span> <span class='ocrx_word' id='word_1_8' title='bbox 1057 675 1137 740; x_wconf 80' lang='lat' dir='ltr'><strong>kald</strong></span> <span class='ocrx_word' id='word_1_9' title='bbox 1155 675 1384 740; x_wconf 81' lang='lat' dir='ltr'><strong>Dclmcttictda.</strong></span> <span class='ocrx_word' id='word_1_10' title='bbox 1399 675 1494 740; x_wconf 76' lang='lat'><em>1345.</em></span> 
     </span>
    </p>
   </div>
   <div class='ocr_carea' id='block_1_4' title="bbox 285 831 1576 4218">
    <p class='ocr_par' dir='ltr' id='par_1_4' title="bbox 364 831 1500 2308">
     <span class='ocr_line' id='line_1_4' title="bbox 470 831 1495 915; baseline -0.01 -11"><span class='ocrx_word' id='word_1_11' title='bbox 470 835 571 904; x_wconf 87' lang='lat' dir='ltr'><strong>Anno</strong></span> <span class='ocrx_word' id='word_1_12' title='bbox 587 834 827 905; x_wconf 85' lang='lat' dir='ltr'><strong>MCCCXLV.</strong></span> <span class='ocrx_word' id='word_1_13' title='bbox 845 833 897 898; x_wconf 90' lang='lat' dir='ltr'><strong>die</strong></span> <span class='ocrx_word' id='word_1_14' title='bbox 914 832 994 900; x_wconf 87' lang='lat' dir='ltr'><strong>VII.</strong></span> <span class='ocrx_word' id='word_1_15' title='bbox 1010 833 1114 899; x_wconf 90' lang='lat' dir='ltr'><strong>Junii.</strong></span> <span class='ocrx_word' id='word_1_16' title='bbox 1131 831 1289 915; x_wconf 87' lang='lat' dir='ltr'><strong>Capta:</strong></span> <span class='ocrx_word' id='word_1_17' title='bbox 1307 831 1377 898; x_wconf 91' lang='lat' dir='ltr'><strong>Pro</strong></span> <span class='ocrx_word' id='word_1_18' title='bbox 1395 832 1495 914; x_wconf 83' lang='lat' dir='ltr'><strong>novis,</strong></span> 
     </span>
     <span class='ocr_line' id='line_1_5' title="bbox 365 937 1494 1036; baseline -0.012 -20"><span class='ocrx_word' id='word_1_19' title='bbox 365 969 429 1036; x_wconf 91' lang='lat' dir='ltr'><strong>que</strong></span> <span class='ocrx_word' id='word_1_20' title='bbox 444 948 484 1014; x_wconf 93' lang='lat' dir='ltr'><strong>de</strong></span> <span class='ocrx_word' id='word_1_21' title='bbox 500 945 649 1031; x_wconf 91' lang='lat' dir='ltr'><strong>partibus</strong></span> <span class='ocrx_word' id='word_1_22' title='bbox 665 941 814 1026; x_wconf 83' lang='lat' dir='ltr'><strong>Vngarie</strong></span> <span class='ocrx_word' id='word_1_23' title='bbox 829 946 986 1005; x_wconf 83' lang='lat' dir='ltr'><strong>resonant</strong></span> <span class='ocrx_word' id='word_1_24' title='bbox 1002 939 1042 1005; x_wconf 92' lang='lat' dir='ltr'><strong>de</strong></span> <span class='ocrx_word' id='word_1_25' title='bbox 1068 939 1276 1022; x_wconf 84' lang='lat' dir='ltr'><strong>Vngarorum</strong></span> <span class='ocrx_word' id='word_1_26' title='bbox 1291 940 1437 1005; x_wconf 84' lang='lat' dir='ltr'><strong>adventu</strong></span> <span class='ocrx_word' id='word_1_27' title='bbox 1453 937 1494 1005; x_wconf 91' lang='lat' dir='ltr'><strong>ad</strong></span> 
     </span>
     <span class='ocr_line' id='line_1_6' title="bbox 365 1047 1493 1142; baseline -0.009 -20"><span class='ocrx_word' id='word_1_28' title='bbox 365 1061 477 1142; x_wconf 87' lang='lat' dir='ltr'><strong>partes</strong></span> <span class='ocrx_word' id='word_1_29' title='bbox 492 1052 700 1135; x_wconf 84' lang='lat' dir='ltr'><strong>marittimas,</strong></span> <span class='ocrx_word' id='word_1_30' title='bbox 716 1051 803 1116; x_wconf 92' lang='lat' dir='ltr'><strong>bona</strong></span> <span class='ocrx_word' id='word_1_31' title='bbox 817 1048 961 1131; x_wconf 82' lang='lat' dir='ltr'>provisio</span> <span class='ocrx_word' id='word_1_32' title='bbox 987 1047 1173 1130; x_wconf 82' lang='lat' dir='ltr'><strong>requiratur</strong></span> <span class='ocrx_word' id='word_1_33' title='bbox 1202 1054 1269 1113; x_wconf 87' lang='lat' dir='ltr'><strong>tam</strong></span> <span class='ocrx_word' id='word_1_34' title='bbox 1286 1069 1348 1130; x_wconf 91' lang='lat' dir='ltr'><strong>pro</strong></span> <span class='ocrx_word' id='word_1_35' title='bbox 1365 1068 1493 1113; x_wconf 87' lang='lat' dir='ltr'><strong>conser-</strong></span> 
     </span>
     <span class='ocr_line' id='line_1_7' title="bbox 364 1154 1493 1239; baseline -0.009 -10"><span class='ocrx_word' id='word_1_36' title='bbox 364 1164 495 1230; x_wconf 78' lang='lat' dir='ltr'><strong>vatione</strong></span> <span class='ocrx_word' id='word_1_37' title='bbox 511 1165 698 1226; x_wconf 89' lang='lat' dir='ltr'><strong>nostrorum</strong></span> <span class='ocrx_word' id='word_1_38' title='bbox 723 1156 878 1238; x_wconf 89' lang='lat' dir='ltr'><strong>fidelium,</strong></span> <span class='ocrx_word' id='word_1_39' title='bbox 905 1175 1005 1238; x_wconf 90' lang='lat' dir='ltr'><strong>quam</strong></span> <span class='ocrx_word' id='word_1_40' title='bbox 1035 1176 1095 1238; x_wconf 90' lang='lat' dir='ltr'><strong>pro</strong></span> <span class='ocrx_word' id='word_1_41' title='bbox 1111 1154 1268 1235; x_wconf 89' lang='lat' dir='ltr'><strong>omnibus,</strong></span> <span class='ocrx_word' id='word_1_42' title='bbox 1285 1175 1348 1239; x_wconf 91' lang='lat' dir='ltr'><strong>que</strong></span> <span class='ocrx_word' id='word_1_43' title='bbox 1364 1154 1493 1220; x_wconf 83' lang='lat' dir='ltr'><strong>evenire</strong></span> 
     </span>
     <span class='ocr_line' id='line_1_8' title="bbox 366 1261 1494 1356; baseline -0.009 -20"><span class='ocrx_word' id='word_1_44' title='bbox 366 1273 509 1356; x_wconf 86' lang='lat' dir='ltr'><strong>possent,</strong></span> <span class='ocrx_word' id='word_1_45' title='bbox 525 1267 698 1334; x_wconf 90' lang='lat' dir='ltr'><strong>consulunt</strong></span> <span class='ocrx_word' id='word_1_46' title='bbox 714 1263 895 1348; x_wconf 83' lang='lat' dir='ltr'>Sapientes,</span> <span class='ocrx_word' id='word_1_47' title='bbox 911 1261 1000 1347; x_wconf 88' lang='lat' dir='ltr'><strong>quod</strong></span> <span class='ocrx_word' id='word_1_48' title='bbox 1016 1263 1050 1326; x_wconf 91' lang='lat' dir='ltr'><strong>in</strong></span> <span class='ocrx_word' id='word_1_49' title='bbox 1065 1263 1194 1329; x_wconf 89' lang='lat' dir='ltr'><strong>nomine</strong></span> <span class='ocrx_word' id='word_1_50' title='bbox 1219 1263 1353 1329; x_wconf 88' lang='lat' dir='ltr'><strong>Domini</strong></span> <span class='ocrx_word' id='word_1_51' title='bbox 1371 1261 1494 1345; x_wconf 86' lang='lat' dir='ltr'><strong>eligan-</strong></span> 
     </span>
     <span class='ocr_line' id='line_1_9' title="bbox 370 1369 1493 1464; baseline -0.007 -22"><span class='ocrx_word' id='word_1_52' title='bbox 370 1385 423 1442; x_wconf 92' lang='lat' dir='ltr'><strong>tur</strong></span> <span class='ocrx_word' id='word_1_53' title='bbox 440 1383 473 1442; x_wconf 91' lang='lat' dir='ltr'><strong>et</strong></span> <span class='ocrx_word' id='word_1_54' title='bbox 488 1375 569 1441; x_wconf 89' lang='lat' dir='ltr'><strong>fiant</strong></span> <span class='ocrx_word' id='word_1_55' title='bbox 583 1381 650 1442; x_wconf 88' lang='lat' dir='ltr'><strong>tres</strong></span> <span class='ocrx_word' id='word_1_56' title='bbox 665 1373 856 1438; x_wconf 86' lang='lat' dir='ltr'><strong>Provisores</strong></span> <span class='ocrx_word' id='word_1_57' title='bbox 881 1391 938 1454; x_wconf 90' lang='lat' dir='ltr'><strong>per</strong></span> <span class='ocrx_word' id='word_1_58' title='bbox 964 1375 1104 1452; x_wconf 90' lang='lat' dir='ltr'><strong>quatuor</strong></span> <span class='ocrx_word' id='word_1_59' title='bbox 1128 1391 1245 1435; x_wconf 90' lang='lat' dir='ltr'><strong>manus</strong></span> <span class='ocrx_word' id='word_1_60' title='bbox 1270 1392 1344 1434; x_wconf 91' lang='lat' dir='ltr'><strong>cum</strong></span> <span class='ocrx_word' id='word_1_61' title='bbox 1361 1369 1493 1464; x_wconf 53' lang='lat' dir='ltr'><strong>salario,</strong></span> 
     </span>
     <span class='ocr_line' id='line_1_10' title="bbox 366 1476 1500 1564; baseline -0.01 -14"><span class='ocrx_word' id='word_1_62' title='bbox 366 1483 620 1564; x_wconf 90' lang='lat' dir='ltr'><strong>condicionibus,</strong></span> <span class='ocrx_word' id='word_1_63' title='bbox 651 1479 777 1549; x_wconf 87' lang='lat' dir='ltr'><strong>familia</strong></span> <span class='ocrx_word' id='word_1_64' title='bbox 807 1485 841 1544; x_wconf 91' lang='lat' dir='ltr'><strong>et</strong></span> <span class='ocrx_word' id='word_1_65' title='bbox 865 1478 968 1544; x_wconf 91' lang='lat' dir='ltr'><strong>modis</strong></span> <span class='ocrx_word' id='word_1_66' title='bbox 993 1476 1149 1558; x_wconf 90' lang='lat' dir='ltr'><strong>omnibus,</strong></span> <span class='ocrx_word' id='word_1_67' title='bbox 1173 1497 1236 1559; x_wconf 89' lang='lat' dir='ltr'><strong>que</strong></span> <span class='ocrx_word' id='word_1_68' title='bbox 1252 1476 1393 1543; x_wconf 84' lang='lat' dir='ltr'><strong>inferius</strong></span> <span class='ocrx_word' id='word_1_69' title='bbox 1422 1483 1500 1541; x_wconf 89' lang='lat' dir='ltr'><strong>snut·</strong></span> 
     </span>
     <span class='ocr_line' id='line_1_11' title="bbox 366 1581 1492 1673; baseline -0.009 -17"><span class='ocrx_word' id='word_1_70' title='bbox 366 1591 498 1671; x_wconf 88' lang='lat' dir='ltr'><strong>inserta,</strong></span> <span class='ocrx_word' id='word_1_71' title='bbox 515 1610 588 1654; x_wconf 88' lang='lat' dir='ltr'><strong>oum</strong></span> <span class='ocrx_word' id='word_1_72' title='bbox 615 1587 733 1673; x_wconf 90' lang='lat' dir='ltr'><strong>quibus</strong></span> <span class='ocrx_word' id='word_1_73' title='bbox 758 1585 892 1651; x_wconf 89' lang='lat' dir='ltr'><strong>fuerunt</strong></span> <span class='ocrx_word' id='word_1_74' title='bbox 917 1606 969 1650; x_wconf 90' lang='lat' dir='ltr'><strong>ser</strong></span> <span class='ocrx_word' id='word_1_75' title='bbox 993 1582 1201 1649; x_wconf 83' lang='lat' dir='ltr'><strong>Justinianus</strong></span> <span class='ocrx_word' id='word_1_76' title='bbox 1226 1581 1429 1666; x_wconf 87' lang='lat' dir='ltr'><strong>Justiniano,</strong></span> <span class='ocrx_word' id='word_1_77' title='bbox 1443 1605 1492 1647; x_wconf 89' lang='lat' dir='ltr'><strong>ser</strong></span> 
     </span>
     <span class='ocr_line' id='line_1_12' title="bbox 367 1689 1493 1776; baseline -0.008 -13"><span class='ocrx_word' id='word_1_78' title='bbox 367 1696 535 1763; x_wconf 88' lang='lat' dir='ltr'><strong>Johannes</strong></span> <span class='ocrx_word' id='word_1_79' title='bbox 551 1693 740 1760; x_wconf 83' lang='lat' dir='ltr'><strong>Gradonico</strong></span> <span class='ocrx_word' id='word_1_80' title='bbox 756 1697 789 1758; x_wconf 91' lang='lat' dir='ltr'><strong>et</strong></span> <span class='ocrx_word' id='word_1_81' title='bbox 814 1713 865 1757; x_wconf 88' lang='lat' dir='ltr'><strong>ser</strong></span> <span class='ocrx_word' id='word_1_82' title='bbox 890 1689 1051 1757; x_wconf 88' lang='lat' dir='ltr'><strong>Nicolaus</strong></span> <span class='ocrx_word' id='word_1_83' title='bbox 1076 1690 1272 1757; x_wconf 90' lang='lat' dir='ltr'><strong>Barbadico.</strong></span> <span class='ocrx_word' id='word_1_84' title='bbox 1299 1690 1366 1776; x_wconf 83' lang='lat' dir='ltr'><strong>Qui</strong></span> <span class='ocrx_word' id='word_1_85' title='bbox 1382 1690 1493 1756; x_wconf 83' lang='lat' dir='ltr'><strong>Provi-</strong></span> 
     </span>
     <span class='ocr_line' id='line_1_13' title="bbox 369 1796 1493 1886; baseline -0.006 -19"><span class='ocrx_word' id='word_1_86' title='bbox 369 1824 458 1868; x_wconf 89' lang='lat' dir='ltr'><strong>sores</strong></span> <span class='ocrx_word' id='word_1_87' title='bbox 472 1824 532 1886; x_wconf 89' lang='lat' dir='ltr'><strong>pro</strong></span> <span class='ocrx_word' id='word_1_88' title='bbox 549 1799 787 1867; x_wconf 89' lang='lat' dir='ltr'><strong>confortacione</strong></span> <span class='ocrx_word' id='word_1_89' title='bbox 803 1803 989 1864; x_wconf 88' lang='lat' dir='ltr'><strong>nostrorum</strong></span> <span class='ocrx_word' id='word_1_90' title='bbox 999 1796 1141 1862; x_wconf 88' lang='lat' dir='ltr'><strong>fidelium</strong></span> <span class='ocrx_word' id='word_1_91' title='bbox 1151 1804 1185 1863; x_wconf 93' lang='lat' dir='ltr'><strong>et</strong></span> <span class='ocrx_word' id='word_1_92' title='bbox 1198 1799 1315 1864; x_wconf 88' lang='lat' dir='ltr'><strong>unione</strong></span> <span class='ocrx_word' id='word_1_93' title='bbox 1324 1796 1493 1863; x_wconf 85' lang='lat' dir='ltr'><strong>laudanda</strong></span> 
     </span>
     <span class='ocr_line' id='line_1_14' title="bbox 370 1901 1492 1993; baseline -0.007 -19"><span class='ocrx_word' id='word_1_94' title='bbox 370 1915 403 1974; x_wconf 90' lang='lat' dir='ltr'><strong>et</strong></span> <span class='ocrx_word' id='word_1_95' title='bbox 419 1907 567 1987; x_wconf 88' lang='lat' dir='ltr'><strong>ortanda,</strong></span> <span class='ocrx_word' id='word_1_96' title='bbox 593 1927 657 1990; x_wconf 89' lang='lat' dir='ltr'><strong>que</strong></span> <span class='ocrx_word' id='word_1_97' title='bbox 683 1904 772 1972; x_wconf 89' lang='lat' dir='ltr'><strong>iacta</strong></span> <span class='ocrx_word' id='word_1_98' title='bbox 795 1910 846 1969; x_wconf 88' lang='lat' dir='ltr'><strong>est</strong></span> <span class='ocrx_word' id='word_1_99' title='bbox 869 1905 955 1969; x_wconf 90' lang='lat' dir='ltr'><strong>inter</strong></span> <span class='ocrx_word' id='word_1_100' title='bbox 980 1904 1105 1988; x_wconf 87' lang='lat' dir='ltr'><strong>aliquos</strong></span> <span class='ocrx_word' id='word_1_101' title='bbox 1123 1901 1280 1970; x_wconf 68' lang='lat' dir='ltr'><strong>,Comites</strong></span> <span class='ocrx_word' id='word_1_102' title='bbox 1312 1902 1492 1993; x_wconf 62' lang='lat' dir='ltr'><strong>Solanonie</strong></span> 
     </span>
     <span class='ocr_line' id='line_1_15' title="bbox 369 2008 1493 2097; baseline -0.006 -17"><span class='ocrx_word' id='word_1_103' title='bbox 369 2015 454 2080; x_wconf 89' lang='lat' dir='ltr'><strong>sicut</strong></span> <span class='ocrx_word' id='word_1_104' title='bbox 479 2035 537 2097; x_wconf 90' lang='lat' dir='ltr'><strong>per</strong></span> <span class='ocrx_word' id='word_1_105' title='bbox 561 2013 690 2078; x_wconf 80' lang='lat' dir='ltr'><strong>litteras</strong></span> <span class='ocrx_word' id='word_1_106' title='bbox 714 2017 900 2076; x_wconf 88' lang='lat' dir='ltr'><strong>nostrorum</strong></span> <span class='ocrx_word' id='word_1_107' title='bbox 917 2008 1081 2077; x_wconf 78' lang='lat' dir='ltr'><strong>Comitum</strong></span> <span class='ocrx_word' id='word_1_108' title='bbox 1106 2010 1269 2078; x_wconf 85' lang='lat' dir='ltr'><strong>evidenter</strong></span> <span class='ocrx_word' id='word_1_109' title='bbox 1299 2017 1448 2095; x_wconf 80' lang='lat' dir='ltr'><strong>apparet,</strong></span> <span class='ocrx_word' id='word_1_110' title='bbox 1464 2015 1493 2075; x_wconf 90' lang='lat' dir='ltr'><strong>et</strong></span> 
     </span>
     <span class='ocr_line' id='line_1_16' title="bbox 370 2112 1491 2204; baseline -0.004 -18"><span class='ocrx_word' id='word_1_111' title='bbox 370 2112 429 2204; x_wconf 75' lang='lat' dir='ltr'><strong>pr&#39;o</strong></span> <span class='ocrx_word' id='word_1_112' title='bbox 445 2119 593 2185; x_wconf 93' lang='lat' dir='ltr'><strong>omnibus</strong></span> <span class='ocrx_word' id='word_1_113' title='bbox 609 2118 692 2198; x_wconf 87' lang='lat' dir='ltr'><strong>aliis,</strong></span> <span class='ocrx_word' id='word_1_114' title='bbox 717 2137 780 2200; x_wconf 90' lang='lat' dir='ltr'><strong>que</strong></span> <span class='ocrx_word' id='word_1_115' title='bbox 805 2139 864 2201; x_wconf 92' lang='lat' dir='ltr'><strong>pro</strong></span> <span class='ocrx_word' id='word_1_116' title='bbox 889 2117 975 2184; x_wconf 90' lang='lat' dir='ltr'><strong>bono</strong></span> <span class='ocrx_word' id='word_1_117' title='bbox 1000 2119 1206 2203; x_wconf 82' lang='lat' dir='ltr'><strong>negociorum</strong></span> <span class='ocrx_word' id='word_1_118' title='bbox 1231 2119 1292 2186; x_wconf 91' lang='lat' dir='ltr'><strong>sibi</strong></span> <span class='ocrx_word' id='word_1_119' title='bbox 1306 2139 1366 2203; x_wconf 86' lang='lat' dir='ltr'><strong>per</strong></span> <span class='ocrx_word' id='word_1_120' title='bbox 1383 2118 1491 2185; x_wconf 91' lang='lat' dir='ltr'><strong>Domi·</strong></span> 
     </span>
     <span class='ocr_line' id='line_1_17' title="bbox 372 2222 1444 2308; baseline -0.003 -16"><span class='ocrx_word' id='word_1_121' title='bbox 372 2229 461 2292; x_wconf 88' lang='lat' dir='ltr'><strong>nium</strong></span> <span class='ocrx_word' id='word_1_122' title='bbox 477 2225 710 2290; x_wconf 87' lang='lat' dir='ltr'><strong>committenda</strong></span> <span class='ocrx_word' id='word_1_123' title='bbox 723 2222 929 2307; x_wconf 81' lang='lat' dir='ltr'><strong>videbuntur,</strong></span> <span class='ocrx_word' id='word_1_124' title='bbox 944 2225 1090 2308; x_wconf 87' lang='lat' dir='ltr'><strong>accipere</strong></span> <span class='ocrx_word' id='word_1_125' title='bbox 1106 2223 1247 2291; x_wconf 90' lang='lat' dir='ltr'><strong>debcant</strong></span> <span class='ocrx_word' id='word_1_126' title='bbox 1261 2225 1324 2291; x_wconf 89' lang='lat' dir='ltr'><strong>iter</strong></span> <span class='ocrx_word' id='word_1_127' title='bbox 1340 2247 1444 2290; x_wconf 91' lang='lat' dir='ltr'><strong>suum.</strong></span> 
     </span>
    </p>

    <p class='ocr_par' dir='ltr' id='par_1_5' title="bbox 285 2329 1576 3786">
     <span class='ocr_line' id='line_1_18' title="bbox 475 2329 1491 2415; baseline -0.001 -18"><span class='ocrx_word' id='word_1_128' title='bbox 475 2330 630 2397; x_wconf 88' lang='lat' dir='ltr'><strong>Debeant</strong></span> <span class='ocrx_word' id='word_1_129' title='bbox 645 2331 725 2395; x_wconf 88' lang='lat' dir='ltr'><strong>dicti</strong></span> <span class='ocrx_word' id='word_1_130' title='bbox 739 2329 927 2396; x_wconf 86' lang='lat' dir='ltr'><strong>Provisores</strong></span> <span class='ocrx_word' id='word_1_131' title='bbox 957 2331 1080 2398; x_wconf 87' lang='lat' dir='ltr'><strong>habere</strong></span> <span class='ocrx_word' id='word_1_132' title='bbox 1104 2353 1163 2415; x_wconf 89' lang='lat' dir='ltr'><strong>pro</strong></span> <span class='ocrx_word' id='word_1_133' title='bbox 1180 2353 1238 2398; x_wconf 90' lang='lat' dir='ltr'><strong>suo</strong></span> <span class='ocrx_word' id='word_1_134' title='bbox 1255 2332 1378 2398; x_wconf 89' lang='lat' dir='ltr'><strong>salario</strong></span> <span class='ocrx_word' id='word_1_135' title='bbox 1394 2331 1491 2398; x_wconf 88' lang='lat' dir='ltr'><strong>libras</strong></span> 
     </span>
     <span class='ocr_line' id='line_1_19' title="bbox 370 2436 1492 2522; baseline 0 -18"><span class='ocrx_word' id='word_1_136' title='bbox 370 2436 427 2504; x_wconf 86' lang='lat' dir='ltr'><strong>CC</strong></span> <span class='ocrx_word' id='word_1_137' title='bbox 451 2459 511 2522; x_wconf 90' lang='lat' dir='ltr'><strong>pro</strong></span> <span class='ocrx_word' id='word_1_138' title='bbox 528 2438 675 2521; x_wconf 89' lang='lat' dir='ltr'><strong>quolibet</strong></span> <span class='ocrx_word' id='word_1_139' title='bbox 690 2438 803 2520; x_wconf 89' lang='lat' dir='ltr'><strong>primis</strong></span> <span class='ocrx_word' id='word_1_140' title='bbox 834 2439 939 2504; x_wconf 88' lang='lat' dir='ltr'><strong>tribus</strong></span> <span class='ocrx_word' id='word_1_141' title='bbox 963 2439 1135 2520; x_wconf 69' lang='lat' dir='ltr'><strong>mensibus</strong></span> <span class='ocrx_word' id='word_1_142' title='bbox 1150 2446 1184 2505; x_wconf 91' lang='lat' dir='ltr'><strong>et</strong></span> <span class='ocrx_word' id='word_1_143' title='bbox 1199 2441 1240 2507; x_wconf 90' lang='lat' dir='ltr'><strong>ab</strong></span> <span class='ocrx_word' id='word_1_144' title='bbox 1256 2439 1332 2505; x_wconf 91' lang='lat' dir='ltr'><strong>inde</strong></span> <span class='ocrx_word' id='word_1_145' title='bbox 1348 2441 1383 2506; x_wconf 92' lang='lat' dir='ltr'><strong>in</strong></span> <span class='ocrx_word' id='word_1_146' title='bbox 1400 2445 1492 2506; x_wconf 83' lang='lat' dir='ltr'><strong>antea</strong></span> 
     </span>
     <span class='ocr_line' id='line_1_20' title="bbox 368 2533 1491 2631; baseline 0 -20"><span class='ocrx_word' id='word_1_147' title='bbox 368 2546 469 2611; x_wconf 86' lang='lat' dir='ltr'><strong>libras</strong></span> <span class='ocrx_word' id='word_1_148' title='bbox 486 2545 515 2610; x_wconf 88' lang='lat' dir='ltr'>L</span> <span class='ocrx_word' id='word_1_149' title='bbox 539 2566 601 2628; x_wconf 90' lang='lat' dir='ltr'><strong>pro</strong></span> <span class='ocrx_word' id='word_1_150' title='bbox 617 2533 737 2625; x_wconf 81' lang='lat' dir='ltr'><strong>mense,</strong></span> <span class='ocrx_word' id='word_1_151' title='bbox 751 2550 784 2610; x_wconf 91' lang='lat' dir='ltr'><strong>et</strong></span> <span class='ocrx_word' id='word_1_152' title='bbox 799 2566 897 2610; x_wconf 90' lang='lat' dir='ltr'><strong>unum</strong></span> <span class='ocrx_word' id='word_1_153' title='bbox 922 2544 1107 2626; x_wconf 86' lang='lat' dir='ltr'><strong>Notarium,</strong></span> <span class='ocrx_word' id='word_1_154' title='bbox 1123 2568 1221 2613; x_wconf 90' lang='lat' dir='ltr'><strong>unum</strong></span> <span class='ocrx_word' id='word_1_155' title='bbox 1237 2553 1491 2631; x_wconf 84' lang='lat' dir='ltr'><strong>expensatorem,</strong></span> 
     </span>
     <span class='ocr_line' id='line_1_21' title="bbox 370 2651 1492 2738; baseline -0.001 -20"><span class='ocrx_word' id='word_1_156' title='bbox 370 2673 469 2718; x_wconf 90' lang='lat' dir='ltr'><strong>unum</strong></span> <span class='ocrx_word' id='word_1_157' title='bbox 486 2653 643 2735; x_wconf 91' lang='lat' dir='ltr'><strong>quochum</strong></span> <span class='ocrx_word' id='word_1_158' title='bbox 659 2651 744 2717; x_wconf 86' lang='lat' dir='ltr'><strong>inter</strong></span> <span class='ocrx_word' id='word_1_159' title='bbox 760 2672 879 2732; x_wconf 87' lang='lat' dir='ltr'><strong>omnes,</strong></span> <span class='ocrx_word' id='word_1_160' title='bbox 895 2658 928 2717; x_wconf 91' lang='lat' dir='ltr'><strong>et</strong></span> <span class='ocrx_word' id='word_1_161' title='bbox 943 2658 1011 2718; x_wconf 86' lang='lat' dir='ltr'><strong>tres</strong></span> <span class='ocrx_word' id='word_1_162' title='bbox 1036 2652 1176 2719; x_wconf 82' lang='lat' dir='ltr'><strong>famulos</strong></span> <span class='ocrx_word' id='word_1_163' title='bbox 1207 2675 1266 2738; x_wconf 94' lang='lat' dir='ltr'><strong>pro</strong></span> <span class='ocrx_word' id='word_1_164' title='bbox 1283 2653 1447 2738; x_wconf 90' lang='lat' dir='ltr'><strong>quolibet;</strong></span> <span class='ocrx_word' id='word_1_165' title='bbox 1463 2658 1492 2717; x_wconf 89' lang='lat' dir='ltr'><strong>et</strong></span> 
     </span>
     <span class='ocr_line' id='line_1_22' title="bbox 285 2757 1491 2844; baseline 0.002 -20"><span class='ocrx_word' id='word_1_166' title='bbox 285 2757 293 2772; x_wconf 61' lang='lat'>⁸</span> <span class='ocrx_word' id='word_1_167' title='bbox 370 2782 434 2825; x_wconf 92' lang='lat' dir='ltr'><strong>non</strong></span> <span class='ocrx_word' id='word_1_168' title='bbox 450 2758 580 2843; x_wconf 87' lang='lat' dir='ltr'><strong>possint</strong></span> <span class='ocrx_word' id='word_1_169' title='bbox 595 2759 689 2824; x_wconf 89' lang='lat' dir='ltr'><strong>electi</strong></span> <span class='ocrx_word' id='word_1_170' title='bbox 705 2758 848 2825; x_wconf 87' lang='lat' dir='ltr'><strong>refutare</strong></span> <span class='ocrx_word' id='word_1_171' title='bbox 865 2759 924 2825; x_wconf 92' lang='lat' dir='ltr'><strong>sub</strong></span> <span class='ocrx_word' id='word_1_172' title='bbox 935 2780 1018 2844; x_wconf 90' lang='lat' dir='ltr'><strong>pena</strong></span> <span class='ocrx_word' id='word_1_173' title='bbox 1032 2759 1190 2828; x_wconf 89' lang='lat' dir='ltr'><strong>librarum</strong></span> <span class='ocrx_word' id='word_1_174' title='bbox 1207 2761 1274 2827; x_wconf 87' lang='lat' dir='ltr'><strong>XL</strong></span> <span class='ocrx_word' id='word_1_175' title='bbox 1289 2782 1491 2844; x_wconf 66' lang='lat' dir='ltr'><strong>grossorum</strong></span> 
     </span>
     <span class='ocr_line' id='line_1_23' title="bbox 374 2865 1491 2950; baseline -0.004 -17"><span class='ocrx_word' id='word_1_176' title='bbox 374 2869 431 2933; x_wconf 90' lang='lat' dir='ltr'><strong>sed</strong></span> <span class='ocrx_word' id='word_1_177' title='bbox 446 2873 620 2933; x_wconf 87' lang='lat' dir='ltr'><strong>teneantur</strong></span> <span class='ocrx_word' id='word_1_178' title='bbox 636 2866 832 2950; x_wconf 90' lang='lat' dir='ltr'><strong>respondere</strong></span> <span class='ocrx_word' id='word_1_179' title='bbox 849 2867 915 2932; x_wconf 87' lang='lat' dir='ltr'><strong>alia</strong></span> <span class='ocrx_word' id='word_1_180' title='bbox 932 2867 993 2949; x_wconf 87' lang='lat' dir='ltr'><strong>die,</strong></span> <span class='ocrx_word' id='word_1_181' title='bbox 1010 2888 1077 2949; x_wconf 91' lang='lat' dir='ltr'><strong>qua</strong></span> <span class='ocrx_word' id='word_1_182' title='bbox 1092 2868 1214 2935; x_wconf 86' lang='lat' dir='ltr'><strong>fuerint</strong></span> <span class='ocrx_word' id='word_1_183' title='bbox 1228 2869 1332 2949; x_wconf 86' lang='lat' dir='ltr'><strong>electi,</strong></span> <span class='ocrx_word' id='word_1_184' title='bbox 1348 2876 1383 2935; x_wconf 92' lang='lat' dir='ltr'><strong>et</strong></span> <span class='ocrx_word' id='word_1_185' title='bbox 1398 2865 1491 2934; x_wconf 89' lang='lat' dir='ltr'><strong>iread</strong></span> 
     </span>
     <span class='ocr_line' id='line_1_24' title="bbox 373 2971 1491 3059; baseline 0.005 -23"><span class='ocrx_word' id='word_1_186' title='bbox 373 2974 573 3040; x_wconf 81' lang='lat' dir='ltr'><strong>voluntatem</strong></span> <span class='ocrx_word' id='word_1_187' title='bbox 588 2974 683 3039; x_wconf 90' lang='lat' dir='ltr'><strong>huius</strong></span> <span class='ocrx_word' id='word_1_188' title='bbox 694 2971 839 3039; x_wconf 79' lang='lat' dir='ltr'><strong>Consilii.</strong></span> <span class='ocrx_word' id='word_1_189' title='bbox 849 2973 894 3038; x_wconf 87' lang='lat' dir='ltr'><strong>Et</strong></span> <span class='ocrx_word' id='word_1_190' title='bbox 910 2975 1037 3057; x_wconf 88' lang='lat' dir='ltr'><strong>possint</strong></span> <span class='ocrx_word' id='word_1_191' title='bbox 1052 2976 1233 3059; x_wconf 83' lang='lat' dir='ltr'><strong>expendere</strong></span> <span class='ocrx_word' id='word_1_192' title='bbox 1248 2971 1491 3059; x_wconf 84' lang='lat' dir='ltr'><strong>grossosXXX</strong></span> 
     </span>
     <span class='ocr_line' id='line_1_25' title="bbox 370 3077 1576 3165; baseline 0.001 -22"><span class='ocrx_word' id='word_1_193' title='bbox 370 3079 403 3144; x_wconf 91' lang='lat' dir='ltr'><strong>in</strong></span> <span class='ocrx_word' id='word_1_194' title='bbox 421 3079 474 3144; x_wconf 89' lang='lat' dir='ltr'><strong>die</strong></span> <span class='ocrx_word' id='word_1_195' title='bbox 489 3101 552 3162; x_wconf 92' lang='lat' dir='ltr'><strong>pro</strong></span> <span class='ocrx_word' id='word_1_196' title='bbox 567 3077 714 3162; x_wconf 88' lang='lat' dir='ltr'><strong>quolibet</strong></span> <span class='ocrx_word' id='word_1_197' title='bbox 723 3080 757 3142; x_wconf 93' lang='lat' dir='ltr'><strong>in</strong></span> <span class='ocrx_word' id='word_1_198' title='bbox 773 3079 921 3162; x_wconf 85' lang='lat' dir='ltr'><strong>expensis</strong></span> <span class='ocrx_word' id='word_1_199' title='bbox 946 3080 1102 3146; x_wconf 92' lang='lat' dir='ltr'><strong>omnibus.</strong></span> <span class='ocrx_word' id='word_1_200' title='bbox 1120 3079 1165 3145; x_wconf 84' lang='lat' dir='ltr'><strong>Et</strong></span> <span class='ocrx_word' id='word_1_201' title='bbox 1179 3080 1311 3162; x_wconf 79' lang='lat' dir='ltr'><strong>barche,</strong></span> <span class='ocrx_word' id='word_1_202' title='bbox 1328 3103 1393 3165; x_wconf 89' lang='lat' dir='ltr'><strong>qne</strong></span> <span class='ocrx_word' id='word_1_203' title='bbox 1409 3104 1429 3146; x_wconf 88' lang='lat' dir='ltr'><strong>a</strong></span> <span class='ocrx_word' id='word_1_204' title='bbox 1443 3103 1491 3146; x_wconf 91' lang='lat' dir='ltr'><strong>no·</strong></span> <span class='ocrx_word' id='word_1_205' title='bbox 1575 3077 1576 3080; x_wconf 66' lang='grc'>’</span> 
     </span>
     <span class='ocr_line' id='line_1_26' title="bbox 371 3184 1492 3268; baseline 0.001 -18"><span class='ocrx_word' id='word_1_206' title='bbox 371 3186 448 3250; x_wconf 86' lang='lat' dir='ltr'><strong>stris</strong></span> <span class='ocrx_word' id='word_1_207' title='bbox 465 3184 646 3251; x_wconf 88' lang='lat' dir='ltr'><strong>Comitibns</strong></span> <span class='ocrx_word' id='word_1_208' title='bbox 662 3206 765 3268; x_wconf 89' lang='lat' dir='ltr'><strong>nuper</strong></span> <span class='ocrx_word' id='word_1_209' title='bbox 779 3185 879 3264; x_wconf 76' lang='lat' dir='ltr'><strong>venit,</strong></span> <span class='ocrx_word' id='word_1_210' title='bbox 894 3186 1082 3251; x_wconf 87' lang='lat' dir='ltr'><strong>remittatur</strong></span> <span class='ocrx_word' id='word_1_211' title='bbox 1098 3208 1170 3251; x_wconf 90' lang='lat' dir='ltr'><strong>cum</strong></span> <span class='ocrx_word' id='word_1_212' title='bbox 1184 3187 1246 3253; x_wconf 91' lang='lat' dir='ltr'><strong>hcc</strong></span> <span class='ocrx_word' id='word_1_213' title='bbox 1262 3209 1346 3253; x_wconf 77' lang='lat' dir='ltr'><strong>noso</strong></span> <span class='ocrx_word' id='word_1_214' title='bbox 1362 3189 1405 3254; x_wconf 92' lang='lat' dir='ltr'><strong>de</strong></span> <span class='ocrx_word' id='word_1_215' title='bbox 1421 3188 1492 3252; x_wconf 79' lang='lat' dir='ltr'><strong>Pro</strong></span> 
     </span>
     <span class='ocr_line' id='line_1_27' title="bbox 367 3291 1491 3377; baseline 0.002 -21"><span class='ocrx_word' id='word_1_216' title='bbox 367 3292 529 3358; x_wconf 75' lang='lat' dir='ltr'><strong>risoribus</strong></span> <span class='ocrx_word' id='word_1_217' title='bbox 544 3291 649 3372; x_wconf 86' lang='lat' dir='ltr'><strong>factis,</strong></span> <span class='ocrx_word' id='word_1_218' title='bbox 667 3296 700 3356; x_wconf 88' lang='lat' dir='ltr'><strong>et</strong></span> <span class='ocrx_word' id='word_1_219' title='bbox 716 3293 876 3358; x_wconf 88' lang='lat' dir='ltr'><strong>scribatur</strong></span> <span class='ocrx_word' id='word_1_220' title='bbox 892 3291 989 3358; x_wconf 89' lang='lat' dir='ltr'><strong>dictis</strong></span> <span class='ocrx_word' id='word_1_221' title='bbox 1005 3295 1126 3358; x_wconf 88' lang='lat' dir='ltr'><strong>nostris</strong></span> <span class='ocrx_word' id='word_1_222' title='bbox 1137 3291 1326 3375; x_wconf 86' lang='lat' dir='ltr'><strong>Comitibus,</strong></span> <span class='ocrx_word' id='word_1_223' title='bbox 1337 3294 1491 3377; x_wconf 91' lang='lat' dir='ltr'><strong>quomodo</strong></span> 
     </span>
     <span class='ocr_line' id='line_1_28' title="bbox 369 3398 1489 3468; baseline 0 -5"><span class='ocrx_word' id='word_1_224' title='bbox 369 3398 610 3464; x_wconf 75' lang='lat' dir='ltr'><strong>solicitudinem</strong></span> <span class='ocrx_word' id='word_1_225' title='bbox 627 3418 720 3463; x_wconf 89' lang='lat' dir='ltr'><strong>suam</strong></span> <span class='ocrx_word' id='word_1_226' title='bbox 735 3399 769 3462; x_wconf 92' lang='lat' dir='ltr'><strong>in</strong></span> <span class='ocrx_word' id='word_1_227' title='bbox 785 3398 970 3464; x_wconf 86' lang='lat' dir='ltr'><strong>denotando</strong></span> <span class='ocrx_word' id='word_1_228' title='bbox 996 3401 1089 3466; x_wconf 90' lang='lat' dir='ltr'><strong>nobis</strong></span> <span class='ocrx_word' id='word_1_229' title='bbox 1114 3423 1199 3467; x_wconf 85' lang='lat' dir='ltr'><strong>nova</strong></span> <span class='ocrx_word' id='word_1_230' title='bbox 1223 3422 1355 3467; x_wconf 87' lang='lat' dir='ltr'><strong>occursa</strong></span> <span class='ocrx_word' id='word_1_231' title='bbox 1380 3400 1489 3468; x_wconf 88' lang='lat' dir='ltr'><strong>merito</strong></span> 
     </span>
     <span class='ocr_line' id='line_1_29' title="bbox 369 3504 1493 3593; baseline 0.001 -23"><span class='ocrx_word' id='word_1_232' title='bbox 369 3505 647 3585; x_wconf 84' lang='lat' dir='ltr'><strong>commendamus3</strong></span> <span class='ocrx_word' id='word_1_233' title='bbox 663 3504 789 3587; x_wconf 84' lang='lat' dir='ltr'><strong>stipsis</strong></span> <span class='ocrx_word' id='word_1_234' title='bbox 805 3505 987 3588; x_wconf 85' lang='lat' dir='ltr'><strong>mandetur,</strong></span> <span class='ocrx_word' id='word_1_235' title='bbox 998 3506 1087 3587; x_wconf 88' lang='lat' dir='ltr'><strong>qnod</strong></span> <span class='ocrx_word' id='word_1_236' title='bbox 1103 3529 1215 3574; x_wconf 91' lang='lat' dir='ltr'><strong>curam</strong></span> <span class='ocrx_word' id='word_1_237' title='bbox 1231 3509 1362 3593; x_wconf 84' lang='lat' dir='ltr'><strong>vigilem</strong></span> <span class='ocrx_word' id='word_1_238' title='bbox 1380 3515 1413 3574; x_wconf 92' lang='lat' dir='ltr'><strong>et</strong></span> <span class='ocrx_word' id='word_1_239' title='bbox 1428 3507 1493 3572; x_wconf 88' lang='lat' dir='ltr'><strong>soli-</strong></span> 
     </span>
     <span class='ocr_line' id='line_1_30' title="bbox 369 3610 1493 3696; baseline -0.001 -18"><span class='ocrx_word' id='word_1_240' title='bbox 369 3614 469 3678; x_wconf 83' lang='lat' dir='ltr'><strong>citam</strong></span> <span class='ocrx_word' id='word_1_241' title='bbox 486 3613 629 3679; x_wconf 88' lang='lat' dir='ltr'><strong>habeant</strong></span> <span class='ocrx_word' id='word_1_242' title='bbox 643 3613 684 3678; x_wconf 92' lang='lat' dir='ltr'><strong>de</strong></span> <span class='ocrx_word' id='word_1_243' title='bbox 702 3610 902 3678; x_wconf 91' lang='lat' dir='ltr'><strong>Ciuitatibus</strong></span> <span class='ocrx_word' id='word_1_244' title='bbox 918 3614 1051 3696; x_wconf 88' lang='lat' dir='ltr'><strong>nostris,</strong></span> <span class='ocrx_word' id='word_1_245' title='bbox 1068 3621 1101 3679; x_wconf 92' lang='lat' dir='ltr'><strong>et</strong></span> <span class='ocrx_word' id='word_1_246' title='bbox 1117 3615 1270 3684; x_wconf 89' lang='lat' dir='ltr'><strong>studeant</strong></span> <span class='ocrx_word' id='word_1_247' title='bbox 1296 3613 1493 3682; x_wconf 77' lang='lat' dir='ltr'><strong>occurrentia</strong></span> 
     </span>
     <span class='ocr_line' id='line_1_31' title="bbox 374 3720 651 3786; baseline 0 0"><span class='ocrx_word' id='word_1_248' title='bbox 374 3721 530 3786; x_wconf 88' lang='lat' dir='ltr'><strong>denotare</strong></span> <span class='ocrx_word' id='word_1_249' title='bbox 546 3720 651 3786; x_wconf 90' lang='lat' dir='ltr'><strong>nobis.</strong></span> 
     </span>
    </p>

    <p class='ocr_par' dir='ltr' id='par_1_6' title="bbox 370 3827 1492 4218">
     <span class='ocr_line' id='line_1_32' title="bbox 478 3827 1492 3912; baseline -0.001 -20"><span class='ocrx_word' id='word_1_250' title='bbox 478 3827 687 3894; x_wconf 88' lang='lat' dir='ltr'><strong>Proviscres:</strong></span> <span class='ocrx_word' id='word_1_251' title='bbox 704 3850 755 3893; x_wconf 89' lang='lat' dir='ltr'><strong>ser</strong></span> <span class='ocrx_word' id='word_1_252' title='bbox 771 3827 891 3893; x_wconf 85' lang='lat' dir='ltr'><strong>Petrus</strong></span> <span class='ocrx_word' id='word_1_253' title='bbox 908 3827 1096 3895; x_wconf 78' lang='lat' dir='ltr'><strong>Cradcnico</strong></span> <span class='ocrx_word' id='word_1_254' title='bbox 1122 3829 1260 3896; x_wconf 87' lang='lat' dir='ltr'><strong>condam</strong></span> <span class='ocrx_word' id='word_1_255' title='bbox 1276 3829 1421 3912; x_wconf 86' lang='lat' dir='ltr'><strong>Domini,</strong></span> <span class='ocrx_word' id='word_1_256' title='bbox 1434 3828 1492 3912; x_wconf 91' lang='lat' dir='ltr'><strong>ple·</strong></span> 
     </span>
     <span class='ocr_line' id='line_1_33' title="bbox 371 3935 1487 4020; baseline -0.002 -22"><span class='ocrx_word' id='word_1_257' title='bbox 371 3935 439 3999; x_wconf 83' lang='lat' dir='ltr'><strong>zius</strong></span> <span class='ocrx_word' id='word_1_258' title='bbox 456 3957 508 4000; x_wconf 90' lang='lat' dir='ltr'><strong>ser</strong></span> <span class='ocrx_word' id='word_1_259' title='bbox 533 3936 725 4002; x_wconf 89' lang='lat' dir='ltr'><strong>Donadclns</strong></span> <span class='ocrx_word' id='word_1_260' title='bbox 750 3936 899 4015; x_wconf 80' lang='lat' dir='ltr'><strong>Donat03</strong></span> <span class='ocrx_word' id='word_1_261' title='bbox 932 3958 984 4002; x_wconf 89' lang='lat' dir='ltr'><strong>ser</strong></span> <span class='ocrx_word' id='word_1_262' title='bbox 1014 3936 1148 4003; x_wconf 88' lang='lat' dir='ltr'><strong>Marcus</strong></span> <span class='ocrx_word' id='word_1_263' title='bbox 1179 3936 1274 4018; x_wconf 84' lang='lat' dir='ltr'><strong>Celsi,</strong></span> <span class='ocrx_word' id='word_1_264' title='bbox 1306 3936 1428 4020; x_wconf 88' lang='lat' dir='ltr'><strong>plezius</strong></span> <span class='ocrx_word' id='word_1_265' title='bbox 1443 3955 1487 4000; x_wconf 88' lang='lat' dir='ltr'><strong>ser</strong></span> 
     </span>
     <span class='ocr_line' id='line_1_34' title="bbox 371 4041 1491 4129; baseline 0.001 -24"><span class='ocrx_word' id='word_1_266' title='bbox 371 4041 566 4109; x_wconf 85' lang='lat' dir='ltr'><strong>Donadelus</strong></span> <span class='ocrx_word' id='word_1_267' title='bbox 591 4045 741 4125; x_wconf 81' lang='lat' dir='ltr'><strong>Donat03</strong></span> <span class='ocrx_word' id='word_1_268' title='bbox 767 4066 820 4110; x_wconf 87' lang='lat' dir='ltr'><strong>ser</strong></span> <span class='ocrx_word' id='word_1_269' title='bbox 846 4042 1003 4110; x_wconf 88' lang='lat' dir='ltr'><strong>Nicolaus</strong></span> <span class='ocrx_word' id='word_1_270' title='bbox 1029 4043 1164 4129; x_wconf 81' lang='lat' dir='ltr'><strong>Sannio,</strong></span> <span class='ocrx_word' id='word_1_271' title='bbox 1195 4045 1318 4129; x_wconf 86' lang='lat' dir='ltr'><strong>plenius</strong></span> <span class='ocrx_word' id='word_1_272' title='bbox 1335 4067 1389 4111; x_wconf 89' lang='lat' dir='ltr'><strong>ser</strong></span> <span class='ocrx_word' id='word_1_273' title='bbox 1403 4042 1491 4111; x_wconf 86' lang='lat' dir='ltr'><strong>Nico-</strong></span> 
     </span>
     <span class='ocr_line' id='line_1_35' title="bbox 370 4149 578 4218; baseline 0.014 -6"><span class='ocrx_word' id='word_1_274' title='bbox 370 4149 442 4213; x_wconf 90' lang='lat' dir='ltr'><strong>laus</strong></span> <span class='ocrx_word' id='word_1_275' title='bbox 458 4150 578 4218; x_wconf 85' lang='lat' dir='ltr'><strong>Barba.</strong></span> 
     </span>
    </p>
   </div>
   <div class='ocr_carea' id='block_1_5' title="bbox 454 4274 1447 4379">
    <p class='ocr_par' dir='ltr' id='par_1_7' title="bbox 454 4274 1447 4379">
     <span class='ocr_line' id='line_1_36' title="bbox 454 4274 1447 4379; baseline 0 -17"><span class='ocrx_word' id='word_1_276' title='bbox 454 4312 489 4372; x_wconf 82' lang='lat' dir='ltr'><strong>(A</strong></span> <span class='ocrx_word' id='word_1_277' title='bbox 504 4313 611 4365; x_wconf 76' lang='lat' dir='ltr'><strong>›Miser‹</strong></span> <span class='ocrx_word' id='word_1_278' title='bbox 632 4315 722 4366; x_wconf 86' lang='lat' dir='ltr'><strong>czimii</strong></span> <span class='ocrx_word' id='word_1_279' title='bbox 736 4317 874 4368; x_wconf 87' lang='lat' dir='ltr'><strong>velenczei</strong></span> <span class='ocrx_word' id='word_1_280' title='bbox 889 4315 1125 4379; x_wconf 79' lang='lat' dir='ltr'><strong>tllamlrdnyvbdl.</strong></span> <span class='ocrx_word' id='word_1_281' title='bbox 1139 4315 1246 4366; x_wconf 82' lang='lat' dir='ltr'>XXIII.</span> <span class='ocrx_word' id='word_1_282' title='bbox 1259 4315 1316 4370; x_wconf 74' lang='lat' dir='ltr'><strong>ket.</strong></span> <span class='ocrx_word' id='word_1_283' title='bbox 1330 4274 1372 4364; x_wconf 63' lang='lat' dir='ltr'><strong>ab.</strong></span> <span class='ocrx_word' id='word_1_284' title='bbox 1386 4312 1447 4373; x_wconf 84' lang='lat' dir='ltr'><strong>lev.)</strong></span> 
     </span>
    </p>
   </div>
   <div class='ocr_carea' id='block_1_6' title="bbox 0 0 1592 5256">
    <p class='ocr_par' dir='ltr' id='par_1_8' title="bbox 0 0 1592 5256">
     <span class='ocr_line' id='line_1_37' title="bbox 0 0 1592 5256; baseline 0 0"><span class='ocrx_word' id='word_1_285' title='bbox 0 0 1592 5256; x_wconf 95' lang='lat' dir='ltr'><strong> </strong></span> 
     </span>
    </p>
   </div>
  </div>
 </body>
</html>
