3108 5246
547 369 642 432 1349.
1093 373 1157 437 333

140 539 182 625 Β)
197 543 382 612 Ludoricus
392 551 425 610 et
433 543 460 610 J
460 544 592 612 ohanna
602 551 662 611 etc.
672 547 831 614 mincrsis
841 553 1009 630 presentes
1020 549 1153 614 lieteras

8 637 10 660 ³
52 646 220 734 inspecturis
245 659 314 718 tam
338 653 545 739 presentibus
570 675 668 738 quam
686 654 815 721 suturis.
840 653 1066 722 Subiectorum
1084 677 1155 722 nos·

8 795 11 800 -
51 762 156 822 trorum
183 761 383 846 compendijs
415 783 455 826 er
470 759 589 828 affectu
614 761 753 845 benigne
779 763 931 828 caritatis
956 763 1157 846 accedimus;

8 905 9 912 1
50 887 102 948 quo
128 865 169 949 fit,
199 875 235 934 ut
258 870 406 954 ipsorum
421 871 633 955 petitionibus
653 891 821 938 assensum
836 870 966 938 facilem
982 872 1156 956 benignius

48 976 225 1056 prebeamus.
252 976 340 1046 Sane
366 977 532 1046 Corradus
558 977 713 1064 Capanus
729 981 769 1046 de
785 979 897 1046 Rocca
913 979 1035 1047 Cilenti
1059 978 1158 1047 Miles

8 1133 9 1168 3
47 1079 132 1147 fidelis
147 1090 265 1167 noster,
282 1085 456 1152 Maiestati
470 1084 595 1152 Nostre
612 1088 804 1172 supplicacit
818 1087 1003 1172 humiliter3
1019 1093 1055 1154 vt
1071 1109 1157 1154 cum·

46 1189 85 1254 rir
110 1190 219 1256 nobilis
250 1191 417 1277 Rogerius
449 1193 490 1258 de
516 1191 640 1260 Sancto
666 1193 822 1262 Severino
848 1195 1007 1263 Tricarici
1039 1194 1158 1262 Comes

8 1315 10 1350 ῑ
45 1294 194 1365 Generalis
210 1297 415 1385 capitaneus
426 1299 592 1384 Calabria,
609 1302 745 1368 dilectus
756 1301 969 1370 Conciliarius
985 1302 1158 1371 familiaris

8 1425 10 1488 j
45 1403 175 1474 ctfidelis
199 1413 323 1489 noster,
348 1416 483 1494 propter
507 1411 609 1494 ipsius
626 1411 741 1476 militis
756 1417 856 1494 grata
870 1412 1003 1477 servitia
1018 1412 1157 1495 prestita

44 1513 131 1595 nobis,
146 1517 320 1597 presertim
335 1517 369 1582 in
386 1513 542 1584 Calabris
558 1517 707 1601 partibus
723 1524 840 1583 contra
850 1518 969 1599 hostes,
978 1525 1012 1584 et
1021 1524 1157 1604 propter

45 1618 167 1705 dampna
197 1625 302 1704 varia,
318 1645 381 1707 que
398 1621 563 1690 Corradus
578 1622 665 1689 idem
681 1624 759 1708 ipsis
775 1623 990 1692 inserentibus
1007 1624 1157 1691 hostibus

8 1723 10 1820 J
43 1727 169 1796 inrebus
185 1737 219 1797 et
236 1733 332 1798 bonis
349 1733 415 1798 suis
428 1732 652 1815 multipliciter
664 1737 716 1798 est
725 1752 908 1818 perpessus,
918 1732 1047 1799 dederit
1056 1739 1156 1818 atque

43 1840 182 1906 concessit
204 1841 453 1925 inperpetuum
478 1842 581 1907 eidem
598 1837 746 1907 Corrado
764 1840 881 1908 eteius
905 1841 1079 1908 heredibus
1095 1839 1157 1906 suh

42 1951 117 2012 certa
130 1950 351 2016 concessionis
366 1949 473 2014 forma
497 1955 588 2014 certa
602 1949 690 2015 bona
706 1947 851 2015 feudalia
866 1949 996 2032 valoris,
1012 1958 1049 2016 ut
1065 1951 1155 2034 poni·

8 2045 10 2106 ῗ
41 2059 92 2135 tur,
105 2056 201 2120 annui
216 2058 390 2122 rnciarum
414 2057 486 2122 auri
512 2075 568 2120 sex
597 2055 751 2138 ponderis
767 2055 936 2140 generalis,
953 2078 1015 2141 que
1031 2057 1056 2123 J
1057 2057 1156 2122 ohan·

8 2181 18 2240 ³,
40 2181 86 2226 nes
100 2161 259 2229 Pallorius
286 2163 388 2242 miles,
413 2163 490 2228 olim
516 2161 724 2229 Castellanus
749 2160 860 2230 Casiri
875 2163 1002 2231 Montis
1027 2165 1156 2248 Leonis,

8 2277 10 2360 j
39 2269 171 2350 proditor
195 2279 230 2338 et
255 2273 401 2338 rebbelis
414 2278 523 2338 noster
550 2271 690 2338 aCuria
706 2277 820 2338 nostra
835 2272 896 2338 sub
912 2279 1002 2340 certo
1019 2257 1152 2340 seiritio

8 2363 9 2438 ζ
39 2393 85 2440 seu
98 2377 202 2444 adoha
216 2379 354 2446 tenebat
378 2385 411 2443 et
435 2378 624 2462 possidebat
649 2378 683 2443 in
715 2376 857 2461 lendum,
881 2400 982 2462 queve
1006 2386 1082 2447 sunt
1097 2404 1157 2465 per

8 2499 10 2536 ἐ
39 2481 241 2562 proditionem
257 2507 316 2552 seu
331 2485 542 2551 rebellionem
559 2484 705 2550 eiusdem
721 2485 747 2551 J
748 2485 887 2551 ohannis
903 2486 1067 2571 adipeam
1083 2509 1154 2554 nos·

8 2593 10 2642 ὲ
38 2595 110 2656 tram
124 2591 260 2661 Curiam
276 2594 424 2678 legitime
450 2591 610 2672 devoluta,
635 2597 801 2660 reservato
828 2593 1014 2660 Maiestatis
1031 2593 1155 2661 Nostre

35 2685 221 2784 vbeneplacito
249 2708 285 2768 et
310 2722 452 2782 assensu,
468 2701 635 2768 dationem
660 2707 694 2766 et
718 2702 957 2768 concessionem
973 2702 1156 2769 huiusmodi

37 2807 222 2892 confirmare,
248 2811 385 2895 ipsaque
410 2808 497 2876 bona
522 2808 748 2875 nichilominus
779 2808 842 2875 sibi
868 2810 907 2875 de
932 2832 1016 2878 nouo
1044 2832 1155 2877 conce·

8 2935 10 2942 ’
37 2911 100 2980 dere
115 2917 153 2982 de
168 2919 281 3002 gratia
297 2918 514 3001 dignaremur.
531 2918 601 2984 Nos
617 2923 726 2984 autem
743 2917 887 2982 eiusdem
904 2915 1042 2984 Corradi
1057 2919 1154 2984 servi·

36 3021 76 3085 tia
88 3027 188 3106 gratis
204 3023 378 3094 affectibus
401 3025 622 3108 cotendentes,
648 3025 807 3110 porrectis
823 3024 915 3092 nobis
931 3027 965 3091 in
981 3027 1044 3093 hac
1058 3034 1154 3112 parte

37 3132 320 3213 supplicationibus
336 3134 404 3200 eius
414 3134 586 3218 benignius
597 3133 769 3218 exauditis,
779 3132 947 3199 dationem
957 3136 1155 3201 etconcessi·

37 3258 115 3304 onem
139 3242 275 3309 easdem
299 3241 404 3308 factas
429 3243 540 3308 taliter
564 3264 622 3326 per
639 3241 800 3309 Comitem
816 3248 907 3310 ratas
938 3243 1095 3309 habentes
1120 3251 1154 3310 et

37 3353 145 3432 gratas,
160 3350 238 3417 illas
255 3351 297 3416 de
313 3356 404 3416 certa
419 3355 533 3418 nostra
550 3353 686 3417 scientia
702 3356 735 3416 et
751 3351 896 3436 specialij
916 3352 1025 3434 gratia
1040 3357 1154 3419 tenore

8 3449 9 3452 '
36 3461 222 3535 presentiam
238 3456 467 3523 confirmemus
483 3466 543 3525 etc.
559 3464 619 3524 etc.
649 3457 774 3523 Datum
800 3455 943 3542 Neapolj
970 3480 1055 3524 anno
1086 3457 1154 3524 Do-

35 3563 103 3628 mini
131 3565 306 3631 millesimo
332 3562 493 3632 CCCXL.
528 3564 580 3631 die
607 3563 653 3630 X.
669 3563 847 3632 Februarii
871 3565 942 3631 II·e
957 3567 1154 3650 indictionis,

37 3668 214 3755 Regnorum
234 3673 339 3741 nostri
357 3672 459 3757 Regis
483 3693 569 3740 anno
584 3674 699 3759 primo,
716 3675 817 3740 nostri
833 3695 909 3740 vero
924 3673 1052 3758 Regina
1068 3695 1153 3740 anno

9 3843 10 3846 ,
36 3787 123 3848 sexto.

133 3997 176 4084 C)
193 3997 381 4066 Ludovicus
409 4005 441 4066 et
456 3999 482 4065 J
483 3999 612 4066 ohanna
627 4005 690 4065 otc.
706 3999 866 4065 rniuersis
882 4005 1049 4082 presentes
1065 3997 1154 4066 licte-

37 4120 82 4166 ras
96 4103 290 4190 inspecturis
307 4112 376 4171 tam
391 4107 599 4192 presentibus
615 4128 714 4191 quam
724 4105 850 4171 suturis
876 4104 1051 4172 Sicutboni
1063 4107 1153 4189 digni

9 4209 10 4212 ’
37 4217 102 4276 sunt
116 4214 252 4296 premio,
269 4215 316 4279 sic
332 4221 366 4280 et
380 4213 512 4299 reprobi
527 4215 691 4298 plectendi
706 4220 783 4280 sunt
791 4213 979 4297 paralitatis
989 4215 1154 4297 exemplo;

36 4338 91 4400 quc
118 4321 309 4406 frequenter
319 4323 526 4406 producitur,
543 4329 581 4389 ut
597 4323 674 4389 dum
695 4321 834 4387 merenti
850 4321 1018 4388 confertur
1033 4345 1155 4390 meroes

38 4430 176 4513 muneris,
201 4429 386 4494 custoditur
415 4431 502 4495 iusto
533 4428 718 4496 substantia
741 4431 932 4512 peccatoris.
957 4427 1045 4496 Sane
1076 4430 1155 4497 licet

8 4611 10 4620 Ι
38 4530 224 4605 'thomasius
240 4537 281 4604 de
298 4535 441 4621 Aquino,
458 4537 580 4603 dudum
596 4538 733 4603 Laureti
748 4536 873 4617 Comes,
883 4536 1015 4622 eiusque
1039 4538 1155 4622 prede·
