3214 5260
406 372 471 445 leo
761 346 995 444 arraonnczrni
1011 375 1179 441 surtran.
1587 319 1589 368 ³

402 581 477 643 ymo
503 557 687 624 necessaria
711 555 758 622 ad
782 557 1062 624 conservationem
1077 559 1243 622 terrarum
1258 559 1292 620 et
1308 560 1415 620 status
1431 546 1524 620 nostri
1544 637 1549 640 -
1588 557 1589 560 ’

405 666 440 731 in
464 665 617 750 partibus
644 663 826 748 sclavonia,
850 670 886 730 et
909 662 1073 730 stantibus
1088 663 1135 728 eis
1150 663 1185 727 in
1200 663 1351 729 manibus
1369 661 1526 728 Comitisse

406 772 575 840 subiacent
600 771 782 840 manifestis
807 771 969 856 perieulis,
994 771 1079 837 sicut
1105 792 1163 854 per
1186 771 1422 854 experienciem
1436 772 1527 838 visum

406 886 473 945 est:
499 879 592 946 vadit
616 901 704 964 pars,
730 880 817 964 quod
843 879 1005 945 scribatur
1025 878 1256 944 Provisoribus
1275 880 1396 945 nostris
1412 878 1527 945 Sclavc
1587 935 1589 962 Σ

405 989 468 1066 nie,
494 985 581 1070 quod
607 987 747 1053 libenter
773 986 937 1069 vellemus,
963 985 1052 1068 quod
1078 985 1167 1050 dicta
1182 984 1255 1051 loca
1270 1009 1331 1069 pro
1348 986 1437 1052 omni
1452 987 1526 1053 bom
1588 1001 1589 1026 ³

406 1113 505 1159 causa
529 1091 637 1162 forent
661 1093 696 1158 in
721 1094 926 1176 protectione
951 1099 985 1156 et
1000 1091 1295 1172 custodianostra3
1312 1099 1346 1159 et
1360 1099 1526 1177 propterea
1587 1099 1589 1160 ἒ

405 1201 567 1283 vellemus,
592 1201 680 1284 quod
705 1223 778 1266 cum
803 1200 871 1266 illis
896 1199 1004 1266 verbis
1031 1205 1064 1265 et
1089 1199 1205 1282 modis,
1231 1200 1287 1281 qui
1314 1201 1377 1266 sibi
1393 1201 1527 1266 conveni·
1587 1223 1589 1278 ι

406 1307 549 1374 entiores
573 1313 606 1372 et
628 1309 778 1374 utiliores
793 1307 998 1391 videbuntur,
1015 1307 1158 1374 debeant
1182 1306 1330 1373 conferre
1355 1329 1429 1373 cum
1451 1308 1528 1374 dicta
1587 1283 1589 1330 i

406 1413 591 1498 Commissa,
616 1420 649 1481 et
665 1437 738 1482 eam
752 1437 812 1482 suo
833 1437 929 1500 posse
943 1413 1104 1496 inducere,
1120 1415 1207 1500 quod
1222 1416 1296 1499 ipsa
1309 1424 1412 1500 ponat
1428 1421 1460 1482 et
1473 1422 1529 1480 trr-
1587 1455 1589 1508 l

407 1523 467 1590 dat
491 1522 580 1590 dicta
595 1532 704 1590 castra
720 1525 754 1588 in
770 1526 974 1607 protectione
991 1530 1024 1589 et
1043 1523 1195 1588 custodia
1213 1530 1338 1609 nostra,
1353 1524 1458 1589 donec
1470 1523 1528 1588 eius
1588 1561 1589 1586 l

405 1631 492 1696 filius
516 1630 560 1696 ad
584 1637 707 1698 etatem
730 1631 925 1714 legittimam
950 1632 1057 1714 fuerit,
1082 1653 1155 1697 cum
1175 1631 1240 1694 illis
1257 1633 1451 1716 avantagiis‚
1465 1651 1526 1715 pro
1587 1653 1589 1712 ς

408 1738 626 1824 missionibus,
642 1739 912 1807 communionibus
929 1739 1093 1822 almodis,
1109 1739 1165 1821 qui
1181 1739 1370 1804 viderentur
1380 1738 1526 1816 decentes,

405 1842 626 1928 Ostendendo‚
651 1847 740 1932 quod
764 1847 826 1913 hoc
851 1848 970 1914 dicitur
993 1847 1098 1912 solum
1121 1867 1182 1930 pro
1201 1846 1365 1912 evitandis
1385 1845 1525 1931 periculis
1587 1827 1589 1864 ³

409 1960 443 2018 et
458 1953 595 2038 damnis,
619 1977 683 2038 que
698 1955 811 2020 leviter
826 1962 959 2039 possent
974 1956 1039 2038 ipsi
1056 1961 1089 2020 et
1105 1953 1174 2018 filio
1191 1955 1383 2038 pervenire:
1399 1954 1474 2038 quia
1488 1961 1526 2019 ta·
1587 1955 1589 1988 ³

408 2059 456 2124 les
479 2081 617 2146 persone
643 2061 804 2128 auderent
829 2068 944 2127 contra
969 2083 1041 2126 eam
1060 2061 1213 2126 etlilium
1231 2060 1526 2140 facerencvitatem‚
1587 2031 1589 2112 i

409 2186 472 2248 que
497 2174 611 2234 contra
635 2189 701 2249 uos,
728 2169 757 2234 si
782 2169 912 2250 scirent,
928 2170 1001 2234 loca
1025 2167 1182 2234 custodiri
1207 2173 1240 2233 et
1264 2167 1385 2234 salvari
1400 2189 1457 2252 per
1470 2189 1526 2248 nos,

409 2295 474 2342 uon
490 2275 649 2340 auderent
664 2276 762 2342 modo
786 2276 898 2361 aliquo
914 2282 1092 2344 attentare.
1105 2277 1153 2342 Et
1166 2274 1333 2356 vellemus,
1349 2276 1526 2362 quodcirca
1586 2259 1589 2377 Ι

407 2383 470 2452 hoc
494 2385 599 2468 ipsam
614 2384 741 2450 hortari
757 2383 907 2465 debeant,
922 2392 956 2451 et
970 2387 1104 2450 trahere
1121 2385 1163 2452 ab
1180 2407 1220 2450 ea
1234 2384 1366 2452 finalem
1381 2385 1525 2450 intencio·
1584 2395 1589 2484 t

406 2513 480 2558 uem
505 2510 605 2572 suam,
630 2496 663 2556 et
678 2491 770 2576 illam
784 2493 905 2558 seriose
929 2493 1023 2558 nobis
1038 2492 1217 2558 rescribere
1233 2514 1334 2575 quam
1349 2494 1448 2559 cicius
1461 2510 1521 2556 esse
1587 2499 1589 2582 l

407 2606 527 2686 potest,
551 2604 584 2666 et
609 2620 720 2666 eorum
746 2600 926 2666 consilium.
951 2598 1077 2668 Verum
1101 2601 1181 2683 quia
1195 2601 1259 2684 ipsi
1273 2598 1464 2666 Provisores
1477 2598 1525 2663 diu
1587 2603 1589 2672 l

408 2707 539 2773 suerunt
554 2708 588 2772 in
603 2707 752 2790 partibus
769 2705 953 2788 Sclavenie,
972 2715 1006 2774 et
1022 2714 1202 2792 potuerunt
1221 2709 1342 2774 sentire
1358 2716 1389 2774 et
1405 2725 1522 2794 cognos

408 2835 481 2880 cere
507 2814 646 2878 multum
670 2813 711 2879 de
736 2812 953 2900 disposicione
981 2821 1014 2880 et
1041 2815 1227 2882 intencione
1243 2836 1312 2898 sua,
1327 2814 1524 2899 relinquimus

408 2923 442 2988 in
466 2943 578 2988 eorum
603 2923 799 2988 discretione
824 2925 980 3008 tangendi
1003 2923 1103 2990 verba
1118 2923 1251 3010 prefata
1266 2925 1328 3009 ipsi
1344 2925 1470 2990 domine
1484 2919 1524 2986 vel

408 3052 474 3096 non
496 3030 665 3115 tangendi,
692 3032 777 3097 sicut
801 3033 847 3098 eis
872 3054 932 3116 pro
959 3033 1080 3100 honore
1097 3039 1131 3101 et
1145 3035 1231 3101 bono
1247 3041 1360 3100 nostro
1377 3032 1484 3098 habito
1497 3031 1525 3094 iu

390 3170 394 3174 ·
409 3158 535 3203 omnem
550 3141 680 3220 partem
695 3146 846 3223 respectu
861 3141 977 3206 melius
993 3141 1154 3206 videatur.

516 3282 552 3344 (A
567 3282 676 3332 »mrsu«
691 3283 781 3334 czimli
795 3285 934 3336 velenczci
950 3286 1132 3350 ellamlrdnyv
1147 3287 1247 3339 xxv1.
1263 3285 1418 3346 retectum)

937 3593 1011 3656 347.

525 3744 693 3837 Ayencui
708 3752 848 3840 doqecele
865 3753 889 3817 I.
907 3751 1008 3841 Lujos
1023 3777 1165 3843 mossyni·
1180 3754 1301 3842 kirtly.
1322 3757 1418 3822 1352.
1587 3787 1589 3848 ἦ

516 3907 695 3994 Magnifice
720 3912 789 3978 viro
815 3919 849 3979 et
874 3916 999 3998 potenti
1019 3916 1150 3981 domino
1166 3915 1314 3983 Joharmi
1330 3916 1371 3981 de
1395 3917 1521 3981 Laueute
1587 3913 1589 3966 l

409 4013 495 4083 Duci
509 4016 670 4084 Januensi
685 4021 789 4086 amico
806 4041 863 4088 suo
880 4022 1069 4090 honorando
1085 4024 1274 4091 Ludouicus
1290 4024 1404 4089 eadem
1420 4020 1516 4108 gracia
1588 4089 1589 4098 χ

409 4125 581 4209 Hungarie
597 4125 678 4193 Rex.
891 4174 895 4180 -
1092 4182 1095 4188 .
1216 4179 1220 4186 -
1586 4143 1589 4176 ⁴

517 4233 695 4319 Magnifice
715 4239 763 4304 vir
779 4245 812 4303 et
828 4239 929 4305 amice
950 4233 1150 4306 honorande.
1170 4238 1350 4306 Prouidum
1365 4231 1465 4305 virum
1478 4235 1521 4301 dc·

410 4339 533 4408 minum
558 4343 734 4412 Nicolaum
758 4345 936 4412 Beltramis
962 4346 1154 4416 Communis
1172 4348 1350 4414 Januensis
1371 4346 1521 4414 Cancella·
1588 4399 1589 4404 ,

410 4448 503 4530 rium,
527 4449 686 4518 Nuntium
711 4463 856 4520 vestrum
880 4457 914 4521 in
939 4455 1029 4523 facto
1054 4459 1129 4540 lige,
1144 4457 1271 4522 vnionis
1296 4460 1330 4520 et
1355 4455 1520 4523 consedere·
1588 4489 1589 4496 κ

413 4557 513 4626 ciouis
539 4559 720 4644 internos,
746 4583 784 4627 ac
811 4562 964 4631 Vestram
998 4565 1281 4650 Magnificenciam
1306 4570 1340 4630 et
1364 4565 1520 4633 Commune
1585 4593 1589 4648 γ
