3254 5260
721 311 953 360 nonensem
970 299 1136 358 omines.

900 618 951 678 25.

361 795 392 860 Α
408 796 562 861 celenezei
578 793 925 880 kcrmdnytanctceuale
940 798 1105 858 etesita'ee
1136 795 1398 880 repperrazekboz,
1413 796 1504 880 beqy

361 904 512 990 Geryetyt
528 903 698 968 corbaviai
711 901 820 988 presel
845 902 875 964 io
891 901 1065 987 feplalje'b
1091 927 1112 964 a
1138 901 1275 986 Nelipcs
1298 899 1422 988 φόβαι
1441 902 1502 966 tc-

724 1010 818 1072 tecdb'
834 1008 1022 1093 bdleesse'pbe.
1041 1010 1135 1072 1343.

466 1164 565 1232 Anno
590 1166 725 1232 Domini
754 1163 1020 1232 MOOOXLIH.
1046 1166 1222 1232 indictione
1246 1165 1331 1232 XII.
1357 1167 1410 1234 die
1428 1167 1501 1232 XI.

363 1271 575 1357 Septembris.
586 1270 613 1338 O
624 1280 746 1357 epte:
763 1271 846 1338 Cum
862 1274 1042 1355 recepimus
1058 1273 1187 1339 litteras
1202 1274 1373 1340 aOensnle
1383 1282 1505 1340 nostre

363 1376 495 1463 Apulis,
510 1387 544 1446 et
565 1404 587 1448 e
601 1378 728 1446 Gemite
746 1379 910 1463 Gregorio
928 1378 1100 1462 Gerbavie,
1117 1381 1173 1464 qui
1190 1387 1239 1446 est
1253 1381 1295 1446 ed
1310 1401 1449 1466 presens
1466 1384 1505 1446 in

363 1487 443 1570 ipsis
459 1489 616 1572 partibus,
631 1510 691 1572 per
707 1511 789 1572 ques
805 1487 944 1568 videtur,
961 1486 1050 1570 qued
1065 1488 1171 1554 dictus
1182 1488 1299 1554 Comes
1314 1486 1506 1570 Gregorius

365 1594 505 1660 libenter
522 1593 647 1682 (vellet)
662 1597 739 1679 poni
756 1595 790 1659 in
806 1616 897 1678 paee,
913 1617 1012 1677 quem
1028 1595 1182 1660 faciemus
1198 1618 1272 1660 cum
1288 1595 1416 1661 Gemite
1434 1593 1506 1658 Ne-

365 1699 463 1784 lipcie
481 1699 647 1783 Tiniensi3
678 1709 712 1768 et
741 1723 801 1767 nos
826 1707 996 1766 teneamur
1022 1703 1051 1766 ei
1066 1702 1213 1782 multum,
1229 1723 1301 1767 eum
1317 1703 1388 1784 ipse
1404 1701 1507 1767 valde
1625 1691 1626 1694 ¹

369 1805 450 1872 bene
466 1813 500 1873 et
516 1809 682 1875 curialiter
697 1830 731 1874 se
747 1809 864 1874 hebuit
879 1811 913 1872 in
929 1808 991 1873 hee
1015 1809 1103 1874 fecte
1129 1807 1358 1890 Scibenicenn',
1374 1815 1408 1873 et
1424 1809 1507 1874 aliis

367 1913 549 1982 honoribus
563 1915 720 1995 Dominii,
736 1917 844 2000 sitque
860 1918 960 1982 etiem
976 1916 1055 1980 civis
1081 1922 1201 1994 noster,
1231 1915 1273 1980 ob
1290 1914 1379 1998 quod
1395 1917 1506 1997 magis

369 2028 516 2087 tenemur
531 2021 574 2086 ed
590 2023 831 2106 procurandum
862 2023 1030 2106 quodlibet
1046 2045 1139 2088 suum
1156 2022 1291 2088 bonnm:
1307 2023 1399 2087 vadit
1413 2043 1509 2105 pars,

371 2127 457 2210 qued
473 2126 636 2194 scribetur
651 2129 873 2213 provisoribus
890 2132 1018 2211 nestris,
1036 2130 1124 2213 qued
1141 2133 1168 2194 si
1179 2130 1213 2193 in
1227 2129 1413 2213 receptione
1429 2151 1509 2212 pre-

369 2234 471 2300 sentis
487 2235 631 2301 nendum
656 2235 872 2320 firmavissent
887 2259 1000 2320 pceem
1015 2258 1089 2300 cum
1105 2234 1233 2302 Gemite
1249 2235 1412 2320 Nelipcio,
1426 2259 1509 2320 pro·

372 2348 488 2406 curent
503 2363 577 2407 eum
593 2343 680 2406 omni
696 2342 922 2424 sollicitudine,
932 2344 1019 2426 qued
1035 2344 1106 2427 ipse
1123 2343 1241 2410 Comes
1257 2341 1452 2428 Gregorius,
1472 2351 1510 2408 et

373 2451 490 2533 gentes
505 2470 571 2530 sue,
586 2457 751 2532 ponentur
783 2453 818 2516 in
832 2473 913 2534 paee
942 2451 1100 2538 predicta,
1130 2456 1340 2518 contentente
1366 2473 1405 2517 eo
1422 2451 1510 2516 dare

372 2555 464 2622 illem
479 2555 665 2640 plenariam,
681 2551 744 2641 que
759 2565 898 2642 ponetur
915 2565 948 2623 et
963 2559 1095 2624 debitur
1109 2581 1168 2642 per
1193 2565 1322 2624 nostres
1338 2558 1454 2624 fideles
1473 2565 1511 2624 et

374 2664 456 2728 alios
472 2664 663 2730 coherentes
678 2665 771 2731 nobis
787 2687 846 2749 pre
863 2667 1085 2732 observatione
1102 2666 1188 2732 dicte
1203 2667 1304 2748 pecie.
1319 2666 1366 2732 Et
1381 2667 1409 2730 si
1419 2665 1512 2732 forte

374 2772 408 2835 in
424 2773 610 2856 receptione
626 2772 786 2855 presentis
802 2794 868 2856 pax
884 2775 950 2838 iem
966 2773 1049 2838 feret
1067 2772 1208 2856 firmate,
1224 2779 1399 2856 procurent
1416 2774 1511 2838 simi·

375 2877 451 2943 liter
467 2901 524 2946 sno
540 2901 644 2964 pesse,
662 2881 750 2964 quod
767 2881 873 2946 dietus
889 2881 1006 2948 Comes
1022 2887 1055 2947 et
1081 2903 1136 2947 sue
1163 2886 1276 2965 gentes
1292 2881 1457 2946 addantur
1474 2883 1513 2948 in

375 2986 466 3052 dieta
480 3007 571 3072 pace,
604 2988 680 3071 quia
711 2989 774 3053 erit
804 2989 909 3056 honor
934 2989 1038 3054 nostri
1047 2989 1202 3069 Dominii,
1219 2993 1252 3053 et
1267 2988 1372 3053 maier
1388 2994 1513 3055 nestra

377 3093 531 3178 qualitas,
548 3100 580 3159 et
596 3093 700 3159 bonus
730 3101 834 3160 status
866 3095 1010 3177 partium
1027 3093 1207 3161 Scleuonie.
1224 3094 1349 3164 Verum
1365 3096 1392 3160 si
1409 3094 1513 3160 dietis

375 3200 595 3281 provisoribus
611 3201 787 3284 videretur,
805 3201 893 3284 quod
909 3202 968 3267 illc
992 3202 1141 3267 clausula
1159 3202 1330 3286 generalis,
1346 3223 1408 3286 que
1424 3201 1514 3268 lecit

376 3306 572 3371 mentionem
587 3305 627 3372 de
643 3307 717 3390 illis,
734 3309 790 3392 qui
807 3309 1007 3374 adheserunt
1022 3310 1125 3392 nobis,
1141 3317 1227 3375 esset
1243 3311 1325 3374 satis
1342 3307 1514 3374 sufficiens

376 3412 427 3478 vel
441 3411 666 3496 provideretur
682 3417 736 3498 eis,
752 3412 793 3480 de
809 3436 875 3479 non
903 3414 1061 3481 movendo
1087 3413 1198 3498 alique
1214 3413 1333 3494 verbe3
1351 3413 1514 3496 relinqui-

376 3540 447 3584 mus
463 3519 498 3584 in
513 3540 571 3585 sua
586 3518 748 3603 libertate,
759 3521 847 3605 quod
862 3520 902 3587 de
917 3522 978 3586 hoc
993 3519 1126 3604 faciant,
1142 3522 1227 3588 sieut
1238 3521 1300 3587 sibi
1316 3521 1434 3587 melius
1445 3542 1512 3605 pre

377 3627 462 3692 beno
478 3623 557 3691 facti
573 3625 737 3694 videbitur
752 3630 931 3694 convenire.

486 3789 523 3852 (Α
537 3789 647 3839 »Μίειίι
661 3790 751 3840 ezirni'r
761 3789 901 3841 velenezei
911 3789 1093 3854 rtllemkbnyv
1105 3789 1182 3840 xxi.
1195 3789 1356 3851 kbtetebbl.)
