3220 5248
612 353 708 431 mss.
1157 355 1230 432 soa·

82 528 238 610 Ducatus
255 548 289 608 et
305 540 495 612 Communis
511 543 729 610 veneciarum
746 542 997 626 Cancellarium
1022 545 1108 610 cives
1134 543 1221 612 Ciri-

83 652 165 716 tatis
181 651 354 736 prelibata,
370 650 623 720 Ambaxiateres
640 660 674 720 et
691 650 849 736 Syndicos
866 652 944 718 dicti
970 652 1092 718 domini
1118 654 1222 718 Ducis

85 765 121 823 et
137 756 329 826 Communis
345 759 565 828 Veneciarum
581 761 625 828 ad
640 760 700 826 hec
716 761 904 844 specialiter
930 760 1112 845 distinatos,
1138 763 1224 827 sicut

85 873 219 934 constat
241 870 275 934 in
301 869 520 935 instrumente
551 870 682 954 publico
711 870 835 952 scripto
860 889 958 935 manu
982 868 1157 953 Raphayni
1183 845 1224 935 dd

85 972 251 1041 Carisinis
279 975 410 1043 Publici
438 977 609 1061 imperiali
634 977 832 1054 auctoritate
858 975 990 1042 Notarii
1018 982 1051 1042 et
1077 977 1224 1042 Ducatus

85 1081 310 1152 Veneeiarum
334 1081 451 1150 Scribe
478 1085 538 1152 sub
553 1082 794 1154 MCCCLVII.
821 1084 873 1150 die
899 1083 1077 1155 XXVIII.
1102 1087 1223 1152 mensis

85 1191 295 1275 Novembris,
319 1191 442 1259 decime
467 1193 664 1274 indictionis,
678 1193 807 1258 volente
822 1193 945 1260 Divina
971 1190 1154 1260 Clementia
1178 1194 1222 1260 ad

87 1319 205 1382 pacem
222 1303 256 1364 et
272 1299 480 1366 concordiam
497 1301 538 1366 sit
554 1300 737 1381 deventum,
754 1300 1027 1383 secundumqued
1038 1300 1224 1368 distinctius

88 1407 278 1472 continetur
302 1406 339 1472 in
355 1406 551 1490 quibusdam
567 1409 688 1476 litteris
704 1408 819 1492 Regiis
844 1407 1073 1474 emanantibus
1099 1408 1224 1490 exinde,

88 1535 232 1599 quarum
256 1520 352 1581 tenor
374 1515 462 1581 inira
477 1517 694 1600 describitur;
711 1517 833 1584 idcirco
849 1517 956 1583 dictus
981 1517 1130 1582 dominus
1152 1515 1225 1582 Rex

88 1644 130 1687 ex
156 1645 224 1688 una
238 1628 331 1706 parte
346 1644 406 1706 per
423 1645 457 1690 se
473 1629 507 1690 et
523 1647 726 1692 successores
743 1647 826 1708 suos,
844 1632 878 1691 et
893 1647 1003 1691 omnes
1020 1625 1222 1709 pertinentes

90 1730 136 1796 ad
152 1751 235 1813 eum,
251 1736 285 1796 et
299 1730 404 1816 ipsius
420 1729 675 1800 Ambaxiatores
686 1739 718 1798 et
729 1731 854 1799 Sindici
870 1735 1001 1799 nomine
1013 1733 1093 1797 dicti
1104 1732 1225 1798 domini

89 1839 196 1905 Ducis
212 1847 246 1905 et
263 1837 449 1905 Communis
466 1847 499 1906 et
514 1842 749 1925 pertinentium
765 1840 807 1907 ad
823 1863 878 1908 ecs
895 1863 935 1906 ex
951 1841 1080 1924 altera,
1097 1841 1226 1924 predic·

92 1954 166 2014 tam
191 1967 307 2029 pacem
323 1951 357 2012 et
373 1948 579 2014 concordiam
595 1956 629 2015 et
644 1949 754 2014 omnia
770 1955 924 2015 contenta
940 1950 974 2014 in
1000 1970 1039 2014 ea
1064 1948 1225 2032 approba-

90 2062 219 2138 verunt,
244 2053 492 2122 notificaverunt
518 2064 552 2124 et
568 2057 785 2142 corporaliter
805 2059 995 2123 iuraverunt
1018 2058 1053 2122 in
1077 2057 1226 2122 omnibus

91 2169 127 2230 et
143 2185 203 2247 per
217 2165 326 2228 omnia
341 2164 516 2230 secundum
534 2171 682 2231 tenorem
706 2164 871 2231 dictarum
895 2166 1081 2230 litterarum
1106 2164 1227 2248 Regia-

91 2295 187 2353 rum;
202 2272 430 2355 promittentes
446 2273 644 2355 solemniter,
660 2275 765 2358 ipsam
782 2295 896 2358 pacem
911 2281 945 2338 et
960 2273 1167 2340 concordiam
1194 2278 1227 2338 et

92 2380 206 2446 omnia
230 2386 384 2446 contenta
409 2382 443 2446 in
468 2403 507 2448 ea
532 2381 705 2448 observare
738 2404 778 2448 ac
813 2380 987 2464 adimpleri
1011 2381 1120 2448 facere
1155 2381 1223 2446 sine

92 2488 233 2568 defectu,
257 2508 316 2553 nec
340 2486 560 2554 contrafacere
577 2489 629 2554 vel
645 2489 754 2554 venire
769 2487 866 2554 modo
894 2487 1004 2572 aliquo
1031 2509 1092 2582 seu
1114 2488 1228 2569 forma,

28 2590 31 2596 ’
92 2603 129 2664 et
145 2595 232 2680 quod
249 2595 397 2662 dominus
407 2592 485 2660 Dux
494 2602 528 2661 et
538 2618 631 2662 suum
642 2594 822 2662 Consilium
839 2595 996 2661 iurabunt
1011 2595 1229 2680 corporaliter

92 2705 195 2770 tactis
221 2703 393 2785 scripturis
417 2702 461 2767 ad
485 2701 605 2769 Sancte
621 2700 685 2768 Dei
702 2703 887 2787 Evangelia
912 2702 1031 2769 dictam
1056 2725 1169 2787 pacem
1194 2706 1229 2768 in

94 2810 249 2878 manibus
273 2807 480 2875 Nunciorum
504 2811 556 2879 vel
572 2808 693 2874 Nuncii
719 2811 799 2875 dicti
825 2809 945 2874 domini
970 2810 1073 2894 Regis
1099 2810 1141 2874 ad
1169 2811 1229 2874 hoe

94 2918 255 3004 deputati,
280 2923 314 2982 et
337 2914 467 2984 litteras
485 2940 562 2984 suas
577 2925 730 3002 patentes
748 2939 808 2983 sua
823 2917 914 2985 bulla
938 2919 1078 2983 munitas
1104 2917 1233 2984 dabunt

94 3029 132 3093 in
157 3024 308 3093 manibus
327 3024 487 3092 dictorum
502 3025 536 3091 N
538 3027 705 3092 unciorum
721 3026 867 3092 eiusdem
885 3025 1007 3091 tenoris
1032 3025 1064 3089 in
1081 3026 1229 3091 omnibus

94 3141 131 3202 et
155 3151 216 3218 per
240 3135 350 3199 omnia
373 3135 510 3200 mutatis
535 3133 710 3216 mutandis,
736 3135 828 3199 cuius
854 3140 950 3198 erunt
981 3133 1092 3200 littere
1116 3133 1230 3218 Regie,

94 3243 178 3328 ipsis
213 3239 350 3306 Nuneiis
382 3240 499 3325 Regiis
523 3241 767 3326 assignantibus
792 3239 897 3307 eidem
922 3237 1052 3306 domiue
1077 3240 1163 3305 Duci
1197 3247 1231 3306 et

97 3347 275 3416 Communi
299 3348 404 3414 dictas
428 3349 558 3415 litteras
583 3349 715 3434 Regiae,
739 3349 849 3415 Tener
875 3355 984 3414 autem
1010 3346 1230 3432 predictarum

94 3459 287 3524 litterarum
302 3453 482 3540 Regianum
498 3479 558 3540 per
573 3451 682 3523 o'mnia
698 3458 777 3524 talis
795 3461 859 3524 ebt:

207 3564 389 3631 Lodovicus
405 3565 469 3630 Dei
485 3566 594 3648 gratia
609 3565 683 3630 Rex
699 3564 873 3649 Hungarie
889 3571 951 3632 etc.
978 3561 1052 3631 Rex
1076 3559 1231 3648 pacificus

96 3695 160 3759 pro
177 3673 400 3756 redemptione
415 3673 550 3740 humani
574 3675 704 3756 generis
730 3673 770 3738 de
796 3675 978 3758 suppremis
1003 3673 1145 3738 celorum
1169 3672 1231 3738 stb.

97 3780 312 3867 (kdvetkezik
336 3781 364 3845 I.
396 3779 497 3865 Lajos
528 3801 665 3866 magyar
695 3779 869 3866 kirtlynak
903 3779 1039 3848 lese-ki
1070 3779 1233 3864 ckmtnya

100 3891 188 3958 mint
203 3887 250 3974 B)
260 3886 367 3974 alatt.)

640 3997 686 4066 Et
711 3997 784 4082 Ego
810 3993 980 4066 «lohannes
1002 3995 1140 4081 Crispus
1166 3989 1232 4062 Ita·

534 4097 1232 4189 dozlaiCanonicusEcelesieZagrabiensis
1331 4117 1335 4124 ·

537 4211 695 4280 Publicus
726 4212 923 4299 Apostolica
957 4211 1152 4278 auctoritate
1168 4205 1234 4276 No·

221 4321 375 4408 (Jegyzoi
389 4321 491 4408 jsgy.)
536 4323 640 4388 tarius
665 4323 829 4406 premissis
854 4321 1005 4388 omnibus
1030 4326 1065 4386 et
1088 4317 1234 4405 singulis,

534 4429 610 4495 (lum
634 4433 680 4496 sic
697 4436 872 4513 agerentur
888 4436 921 4495 et
937 4429 1063 4509 fierent,
1079 4449 1145 4494 una
1160 4449 1235 4494 eum

535 4538 771 4622 prenominatis
812 4538 952 4605 testibus
996 4559 1129 4624 presens
1177 4536 1226 4606 lui
