3134 5252
594 411 690 480 1346.
1145 410 1206 478 141

97 589 300 677 proseqmris3
317 592 404 660 alies
420 598 528 660 sutem
555 596 663 679 ipsum
677 593 886 679 Episcopum,
903 596 1062 676 quantum
1078 591 1209 658 sciveris

1 709 2 786 t
97 704 125 764 et
143 702 265 784 poteris,
289 701 437 786 dirigere
465 702 598 769 studeas
622 703 656 768 in
681 701 856 788 premissis.
886 700 1015 766 Rursus
1039 719 1209 784 processus

1 835 2 895 p
95 809 245 892 generetis,
260 831 359 895 quern
376 831 481 895 nuper
498 819 613 880 contre
627 811 717 877 siros
743 808 1022 887 sceleratissimos,
1039 807 1097 890 qui
1123 809 1210 874 clare

1 963 2 1016 ss
95 919 229 984 memorie
244 915 384 986 Andree
394 919 498 1004 Regis
515 917 626 986 Sicilie
636 919 751 986 mortis
767 922 963 1003 patratores,
974 917 1210 996 consiliatores,

95 1030 124 1090 et
137 1027 367 1093 consentientes
391 1026 533 1108 fuerunt,
558 1025 704 1108 fecimus,
732 1048 874 1094 necnon
898 1032 932 1092 et
948 1025 1136 1093 collationis
1151 1045 1211 1108 per

1 1211 2 1214 Ἴ
93 1150 142 1196 nos
156 1135 308 1216 premisse
337 1132 372 1198 in
395 1131 615 1218 publicatione
639 1154 810 1218 processus
835 1131 966 1214 eisdem,
991 1133 1052 1199 tibi
1069 1133 1210 1199 destine-

1 1250 2 1310 3
92 1261 153 1306 runs
166 1243 377 1326 transcripte.
393 1241 587 1308 Processum
603 1248 712 1307 sutem
732 1240 906 1324 specialem
930 1262 1028 1324 super
1051 1241 1210 1324 predictis

93 1369 126 1414 ex
139 1349 238 1416 causis
255 1349 356 1416 certis
384 1354 418 1416 et
441 1349 632 1416 necessariis
656 1370 759 1433 usque
785 1347 828 1414 ad
844 1350 925 1414 satis
941 1348 1050 1415 breuis
1067 1349 1209 1432 spatium

92 1459 231 1540 temporis
247 1459 453 1542 providimus
469 1456 692 1524 differendum.
716 1458 843 1524 Datum
859 1453 1021 1523 Asinioue
1039 1455 1119 1528 VII.
1135 1457 1209 1523 idus

1 1573 2 1653 J
92 1563 254 1632 Februarii
271 1565 490 1633 Pontificatus
506 1568 611 1632 nostri
627 1585 712 1632 anno
729 1571 854 1649 quarte.

397 1711 456 1774 (VI.
469 1711 602 1763 Kolemen
615 1711 687 1778 ptpa
705 1705 893 1778 regestdibdl.)

568 1869 728 1882 -un—ae-

610 2071 683 2138 133.

1 2191 3 2245 ἰ
95 2214 146 2280 Π.
162 2215 309 2282 Keiemem
322 2219 418 2304 pdpa
433 2218 597 2283 clotilden
615 2241 654 2282 az
671 2216 810 2304 apostoli
824 2215 1035 2283 brissinensis
1051 2219 1212 2308 Μαργαν-

1 2339 4 2349 ⁴
146 2327 298 2412 orszdyba
323 2325 450 2391 soldos
466 2325 571 2390 steen·
584 2327 712 2412 pttspble
728 2326 870 2390 Ferencz
886 2329 1044 2392 szdmdra.
1062 2329 1157 2392 1346.

186 2485 338 2553 Clemens
353 2485 536 2570 Episcopus
552 2491 611 2550 eto.
635 2482 813 2551 venerabili
828 2483 922 2550 fratri
938 2485 1115 2553 Francisco
1131 2487 1212 2572 Epi·

1 2575 2 2638 3
92 2614 177 2678 scopo
193 2592 400 2680 Tergestino,
415 2590 611 2677 Apostolioe
636 2589 732 2660 Sedis
748 2591 877 2658 Nuncio
894 2594 1041 2660 salutem.
1057 2595 1124 2661 Pro
1140 2593 1212 2660 feli-

1 2760 4 2790 ,
89 2701 161 2767 ciori
177 2699 384 2786 expeditione
400 2699 534 2783 negotii,
551 2699 640 2781 quod
654 2698 715 2766 tibi
733 2699 820 2783 epud
836 2700 1041 2767 carissimum
1056 2701 1090 2766 in
1115 2697 1210 2767 Obri-

90 2816 134 2875 sto
149 2809 250 2875 filium
268 2813 419 2873 nostrum
442 2805 643 2872 Ludovicum
668 2805 794 2890 Regem
819 2805 965 2892 Vngarie
991 2806 1160 2891 illustrem,
1176 2815 1210 2874 et

91 2917 228 2983 aliosde
252 2916 362 2983 Domo
394 2915 503 3000 Regis
529 2913 675 2999 Vngerie
706 2916 915 2999 imposuimus
940 2915 1210 2999 prosequendum,

89 3025 160 3089 utile
175 3025 404 3109 multiplieiter
420 3023 623 3105 extimentes,
649 3023 736 3108 quod
763 3023 958 3089 venerabilis
982 3022 1085 3088 freter
1099 3030 1210 3090 noster

1 3187 2 3204 ,
88 3131 285 3199 Bertrandss
302 3131 504 3198 Petrierche
527 3129 760 3217 Aquilegensis
785 3131 920 3198 accedat
935 3130 978 3198 ed
994 3131 1118 3216 Regem
1134 3153 1209 3198 eun-

90 3235 155 3304 dem
169 3246 202 3306 et
216 3245 331 3325 partes
346 3240 430 3322 illes,
446 3240 474 3306 si
491 3239 656 3307 commode
687 3240 818 3324 peterit,
833 3262 897 3308 uns
913 3247 1040 3308 tecum:
1054 3239 1210 3322 volumus,

90 3347 169 3430 qnod
184 3347 227 3415 ed
242 3349 349 3433 iptum
363 3346 593 3414 Patriarchem
609 3354 642 3413 te
658 3353 750 3415 tuum
765 3350 990 3434 prosequendo
1016 3351 1079 3415 iter
1102 3345 1209 3414 conle-

88 3473 156 3520 rens
180 3456 242 3523 stb.
266 3455 393 3522 Datum
419 3453 580 3522 Arinione
597 3453 677 3528 VH„
693 3455 767 3522 idus
793 3457 964 3544 Februarij
992 3455 1209 3524 Pontificatus

1 3605 2 3660 p
87 3563 183 3629 nostri
198 3584 282 3633 anno
299 3569 429 3648 quart.

413 3709 456 3775 (V.
467 3708 601 3764 Kelemen
614 3711 686 3777 ptps
704 3711 888 3778 regesttibbl.)

564 3871 723 3880 m·-

612 4076 684 4144 134.

88 4215 287 4290 doeieeczec'
311 4215 591 4311 bdztdrsasdpcob
622 4221 807 4310 dt'kezdse'pe
833 4245 872 4292 uz
898 4221 1062 4290 aosztriat
1085 4221 1211 4309 tereeeq

1 4332 2 4342 ’
432 4334 536 4400 tovers
553 4333 752 4422 irrinyddon.
772 4336 867 4399 1356.

1 4551 2 4570 ,
190 4490 286 4562 Anno
302 4489 542 4562 MCOOXLV.
560 4491 613 4558 die
628 4489 708 4561 VII.
724 4493 910 4560 Februarii
928 4491 1089 4577 Oepts:
1113 4489 1212 4576 Quod

1 4668 5 4685 ,
89 4611 145 4682 pro
159 4598 242 4670 bono
258 4611 291 4670 et
304 4601 419 4671 farore
435 4607 622 4671 nostrornm
645 4602 853 4687 negotiorum
870 4601 984 4680 Jadre,
999 4601 1211 4686 provideatur
