3214 5260
673 353 767 426 1357.
1207 359 1281 442 ,483
1373 411 1378 419 ,

149 524 317 604 debitores
344 537 495 616 existunt,
519 537 570 603 vel
595 539 629 603 in
649 538 723 603 aliis
739 538 923 606 excessibus
939 543 973 604 et
989 531 1119 608 offensis
1135 539 1281 627 inculpa

148 652 274 726 rentur,
282 643 503 730 personaliter
519 644 642 710 luerint
657 646 853 730 reprehensi,
868 667 951 730 quos
967 667 987 709 a
1002 645 1223 730 prohibicione
1238 650 1283 714 led
1389 653 1392 660 ’

147 754 266 836 gitima
281 753 430 818 nolumus
447 754 631 835 custodire;
655 761 755 837 prout
771 755 873 819 eciam
892 753 1053 819 referente
1062 755 1283 838 'Excellentise

147 864 233 925 sima
249 859 451 943 Principissa
476 859 608 926 domina
632 861 804 927 Elisabeth
829 862 892 927 Dei
917 863 1029 945 gracia
1045 861 1176 946 Regina
1190 863 1284 929 Hune
1400 933 1401 940 ,

148 968 242 1051 garis
259 969 418 1051 genitrice
433 974 547 1033 nostra
563 968 744 1052 karissima,
754 975 854 1034 etnos
865 967 904 1034 de
921 968 981 1035 hoc
997 969 1205 1054 certificante,
1221 991 1283 1055 per

148 1075 318 1141 dominum
342 1073 506 1140 Karulum
531 1075 656 1158 Regem
682 1082 809 1159 patrem
835 1082 982 1142 nostrum
998 1077 1197 1144 antedictum
1213 1100 1283 1143 eas·

150 1181 227 1247 dem
254 1182 425 1248 libertates
451 1182 688 1247 mercatoribus
714 1182 753 1246 de
785 1181 900 1264 Regno
933 1182 1092 1248 Bohemie
1122 1187 1283 1252 vniuersis

149 1291 363 1373 cognouimus
388 1289 569 1354 liberaliter
595 1311 765 1354 concessas
782 1291 931 1355 extitisse
947 1291 1134 1356 litterarum
1150 1313 1283 1358 suarum

150 1420 192 1464 ex
206 1401 329 1480 uigore.
357 1397 409 1463 Ex
433 1397 560 1480 hocque
587 1399 751 1463 uniuersos
779 1397 939 1481 PrelatoS,
956 1397 1113 1481 Berones,
1129 1399 1283 1482 Comites,

150 1502 371 1586 Castellanos,
387 1503 534 1585 Nobiles,
559 1525 735 1587 corumque
761 1499 937 1584 Officiales,
961 1526 1020 1569 nec
1039 1527 1104 1570 non
1121 1503 1282 1574 Ciuitates

148 1617 183 1676 et
198 1613 319 1677 liberes
344 1613 449 1697 villas,
474 1633 650 1694 earumque
677 1613 847 1691 Rectores,
874 1619 906 1676 et
927 1613 1125 1693 generaliter
1141 1616 1282 1680 cuiusuis

148 1724 258 1784 status
282 1727 316 1784 et
340 1720 538 1784 condicionis
563 1720 710 1784 homines
736 1721 770 1783 in
795 1718 913 1802 Regno
939 1726 1052 1786 nostro
1078 1723 1281 1803 constitutos,

149 1846 289 1909 quorum
306 1826 425 1890 noticie
440 1827 642 1909 presencium
659 1828 847 1908 peruenerit
867 1827 1079 1910 continencia,
1096 1828 1201 1894 edicto
1218 1829 1282 1896 Re·

147 1934 204 2018 gio
229 1933 413 1999 firmissime
437 1934 656 2016 prohibemus
681 1955 722 1997 ne
746 1935 809 2017 ipsi
835 1941 1031 2000 mercatores
1047 1936 1233 2018 Progenses
1248 1945 1282 2003 et

148 2040 465 2124 Nerumbergienses
499 2047 690 2122 prenotatos
715 2063 789 2105 eum
814 2062 926 2106 eorum
950 2043 1047 2109 rebus
1075 2049 1107 2108 et
1131 2045 1223 2109 bonis
1247 2046 1282 2109 in

149 2149 303 2232 Regnum
318 2155 467 2213 nostrum
482 2150 647 2213 venientes
672 2169 733 2232 pro
760 2149 951 2228 excessibus,
969 2149 1087 2216 debitis
1104 2157 1137 2216 et
1153 2151 1282 2217 offensis

64 2329 72 2334 ,
148 2258 289 2322 aliorum
314 2261 533 2320 mercatorum
559 2255 703 2320 audeant
727 2255 902 2338 prohibere
929 2256 979 2321 rel
1006 2259 1149 2324 arestari
1173 2258 1282 2325 lacere

148 2384 281 2447 quoquo
306 2362 411 2441 modo,
438 2362 501 2428 nisi
525 2361 633 2445 ijdem,
659 2369 693 2428 vt
716 2364 932 2446 premisimus,
959 2365 1016 2448 qui
1033 2365 1199 2432 debitores
1216 2367 1281 2431 exi-

148 2477 252 2552 stunt,
267 2471 348 2535 etin
364 2469 438 2552 elijs
455 2469 639 2535 excessibus
656 2477 689 2534 et
704 2469 835 2536 eliensis
860 2492 918 2553 per
935 2472 1062 2554 aliquos
1078 2474 1282 2556 inculparen-

147 2585 215 2656 tur,
231 2576 353 2642 fuerint
368 2576 585 2660 personaliter
611 2575 807 2659 reprehensi,
833 2579 887 2660 qui
914 2579 1078 2645 mediante
1090 2580 1223 2662 justicia
1239 2579 1282 2646 ad

145 2687 307 2771 judicium
332 2691 486 2768 poterunt
511 2685 659 2749 arestari.
686 2683 726 2748 In
752 2686 842 2750 cuius
869 2687 917 2751 rei
942 2688 1130 2752 memoriam
1146 2687 1281 2755 firmita-

148 2802 281 2876 temque
297 2798 487 2876 perpetuam
504 2797 674 2874 presentes
691 2793 907 2858 concessimus
924 2793 1055 2858 litteras
1072 2801 1200 2862 nostras
1215 2797 1281 2881 pri·

148 2901 320 2984 uilegiales
335 2899 506 2983 pendentis
532 2905 564 2962 et
588 2900 745 2965 autentici
762 2899 862 2983 sigilli
878 2903 981 2967 nostri
996 2903 1172 2970 munimiae
1188 2903 1282 2970 robo-

151 3016 253 3076 ratas.
268 3008 393 3075 Datum
410 3029 468 3092 per
484 3029 598 3073 manus
614 3006 823 3076 Venerabilis
839 3009 872 3072 in
889 3008 1022 3074 Christo
1036 3009 1147 3076 Patris
1158 3011 1281 3080 domini

149 3116 285 3184 Nicolai
310 3115 564 3199 Archiepisoopi
591 3115 800 3181 Colochensis
826 3114 915 3182 Aule
939 3123 1054 3186 nostra
1080 3118 1278 3203 Cancellarij

149 3224 263 3290 dilecti
287 3229 321 3289 et
344 3221 450 3288 fidelis
474 3223 581 3286 nostri
606 3245 690 3288 aurio
715 3221 848 3288 Domini
864 3224 1035 3290 millesimo
1052 3222 1171 3292 OOC-0
1188 3229 1280 3310 quin·

150 3331 339 3416 quagesima
365 3328 512 3412 septimo,
538 3335 655 3412 quarto
681 3329 838 3394 kalendas
865 3331 1020 3414 Augusti,
1045 3330 1153 3417 Regni
1169 3341 1281 3400 autem

148 3438 254 3504 nostri
278 3457 362 3502 enno
389 3436 514 3501 decimo
531 3441 630 3501 sexto.
658 3433 909 3502 Venerabilibus
924 3439 958 3503 in
975 3436 1108 3504 Christo
1124 3440 1280 3508 Patribus

149 3553 183 3613 et
199 3546 337 3610 dominis
352 3542 492 3608 Nicolao
508 3541 726 3626 Strigoniensi
742 3542 869 3626 locique
885 3545 1029 3610 eiusdem
1056 3544 1182 3612 Gemite
1198 3548 1278 3614 Per-

148 3659 260 3737 petuo,
285 3650 429 3735 Vgulino
457 3648 645 3734 Spalatensi
669 3649 942 3736 Archiepiscopis,
957 3652 1095 3718 Nicolao
1112 3653 1278 3738 Agriensi,

148 3761 319 3827 Demetrio
336 3757 557 3840 Waradiensi,
581 3759 755 3823 Dominico
782 3759 1008 3843 TransiluanO,
1024 3760 1057 3826 N
1060 3755 1162 3826 icola'o
1179 3761 1279 3846 Quin-

147 3869 409 3953 quceeolesiensi,
433 3867 458 3932 J
463 3866 588 3933 ohanne
614 3867 874 3950 Wesprimiensi,
899 3868 1078 3934 Oolomano
1099 3869 1278 3952 Jauriensi,

148 3977 276 4042 Thema
301 3971 531 4054 Chanadiensi,
556 3971 725 4058 Stephano
748 3975 975 4058 Zagrahiensi,
1002 3975 1174 4058 Mychaele
1199 3977 1278 4042 Wa-

147 4085 258 4166 oiensi,
275 4083 375 4148 Petro
401 4083 573 4164 Bonnensi,
597 4083 755 4150 fratribus
775 4083 945 4168 Stephano
961 4083 1133 4164 Nitriensi,
1149 4083 1278 4151 Thomu

147 4191 326 4276 Syrmiensi
352 4191 522 4275 Episcopis
548 4191 716 4257 Ecclesiae
746 4192 812 4257 Dei
844 4191 982 4257 feliciter
1012 4192 1277 4275 gubernantibus.

146 4298 335 4382 Magnifiois
361 4299 438 4362 viris
462 4297 601 4366 Nicolao
628 4299 746 4364 Konth
763 4299 916 4364 Palatino
933 4305 965 4363 et
981 4297 1101 4364 Judice
1118 4298 1278 4367 Oomano·

146 4427 231 4484 rum,
246 4404 384 4472 Andrea
400 4404 563 4490 Voyuoda
579 4407 809 4488 Transiluano,
819 4405 933 4491 Oykou
950 4403 1095 4492 (Ohyko)
1112 4408 1278 4493 Magistro

148 4513 439 4599 Thauarnicorum,
465 4514 602 4581 Nicolao
627 4516 748 4582 Judioe
774 4514 871 4580 Curie
897 4522 1014 4597 nostre,
1030 4517 1167 4583 Nicolao
1184 4517 1276 4583 Bane

1107 4625 1168 4692 31*
