3134 5252
562 341 658 404 1346.
1115 347 1177 410 171

1 503 2 574 j
60 513 103 591 lia
119 513 194 580 sicut
210 513 412 598 obtulerunt,
422 523 455 583 et
469 516 579 584 decem
588 517 677 583 mille
687 539 748 601 pro
760 518 968 602 Beronibus3
986 542 1059 586 cum
1071 523 1179 589 condi·

1 665 2 668 ,
61 621 245 704 essequod
270 622 346 688 Rex
372 645 445 688 cum
462 631 531 690 toto
562 643 620 690 suo
652 626 796 692 exercitu
812 625 934 694 debeat
965 629 1118 696 recedere
1138 630 1179 696 de

1 747 2 827 ᾗ
59 735 209 796 conuecta
230 733 302 796 sine
327 732 590 815 dampnificando
614 732 741 817 aliquas
772 740 903 800 nostras
919 742 1037 818 terras
1052 735 1177 821 fideles,

1 860 2 928 ᾗ
60 835 191 902 subditos
206 839 255 904 vel
272 839 415 919 amicos;
430 839 652 924 intelligendo,
666 847 703 906 ut
719 841 803 908 alias
821 843 867 908 eis
878 844 1077 927 scripsimus,
1088 843 1176 929 quod

1 991 2 1000 t
58 945 177 1010 inomni
193 967 271 1014 casu
299 948 506 1015 concorditer
522 949 689 1016 includere
715 950 856 1018 debeant
872 949 1018 1018 Comites
1033 951 1177 1019 Maledi-

1 1053 13 1126 ,“
60 1072 123 1116 num
138 1057 168 1117 et
182 1051 325 1120 Paulum
342 1054 519 1122 secundum
535 1055 674 1123 formam
690 1057 772 1125 alias
789 1059 834 1124 eis
856 1060 995 1125 missam

1 1338 3 1423 l

1 1545 3 1614 l

1 2205 3 2330 l

202 1179 238 1244 (A
254 1184 389 1234 »Secreta
402 1183 516 1234 consilii
529 1184 767 1249 Bogatorumsbtl
781 1187 837 1236 hit.
851 1186 886 1238 Δ.
900 1188 954 1238 vol.
971 1187 1006 1248 l.)

574 1526 647 1589 168.

58 1663 239 1730 llatanna
258 1666 388 1730 sicilici
404 1666 809 1754 kirdlyndfoqenatositja
831 1664 885 1734 VI.
903 1669 1053 1733 Kelemea
1066 1673 1174 1755 pdpcl·

1 1795 2 1842 l
58 1773 114 1836 sak
127 1776 222 1839 sedai
238 1775 354 1842 Endrc
371 1775 500 1840 sicilici
517 1776 632 1863 cisely
646 1775 810 1863 yyilkoaai
827 1777 997 1842 bitntctdsdt
1014 1779 1172 1864 tdrqyczo'

464 1884 632 1948 saedeleuba
660 1885 756 1950 1346.

149 2041 173 2105 J
174 2041 309 2110 ohanna
325 2049 385 2109 etc.
394 2041 509 2109 Nobili
520 2049 554 2108 et
562 2043 742 2128 Magnifice
757 2044 826 2110 viro
836 2042 1023 2112 Bertrando
1033 2045 1073 2111 de
1088 2045 1176 2111 Bau-

1 2174 2 2192 r
57 2146 97 2211 cio
118 2148 241 2216 Montis
267 2149 408 2216 Gaueosi
433 2157 466 2215 et
489 2147 618 2216 Andrie
645 2148 776 2232 comiti,
799 2151 962 2235 Magistro
982 2151 1173 2220 Justitiario

56 2254 151 2339 Regni
160 2256 412 2341 Siciliadilecto
430 2257 530 2339 affini,
547 2255 745 2324 Consiliario
762 2263 795 2323 et
806 2257 896 2325 fideli
912 2266 1024 2326 nostro
1040 2267 1098 2327 etc.
1116 2261 1175 2328 Vi·
1263 2237 1278 2262 ’

56 2365 149 2430 dimus
179 2367 309 2434 nouiter
334 2373 367 2432 et
392 2386 502 2432 coram
527 2368 620 2433 nouis
645 2367 748 2433 lectas
764 2367 949 2432 audiuimus
965 2375 1173 2452 presentetas

56 2491 106 2553 per
119 2478 150 2538 te
165 2482 279 2540 nostro
295 2475 485 2557 conspectui
501 2474 659 2556 quasdam
676 2470 884 2557 Apostolicas
899 2476 1034 2542 lieteras
1049 2475 1112 2540 tibi
1126 2477 1174 2542 di-

57 2585 162 2662 rectas,
179 2603 238 2665 per
263 2603 345 2666 quas
362 2582 402 2646 de
421 2583 584 2648 horrendo
601 2582 689 2648 necis
705 2582 839 2647 crimine
856 2589 987 2666 patrato
1004 2582 1126 2649 dudum
1141 2583 1176 2648 in

56 2708 184 2769 persona
208 2690 296 2756 clare
321 2691 476 2756 memorie
502 2691 624 2756 domini
650 2689 784 2756 Andree
809 2689 996 2756 Jerusalem
1015 2698 1048 2756 et
1064 2689 1175 2757 Sicilie

56 2793 146 2878 Regis
170 2797 317 2879 illustris,
342 2799 402 2864 viri
428 2799 532 2864 nostri
557 2799 727 2882 carissimi,
752 2797 903 2865 habenda
918 2797 1085 2883 inquisitio
1103 2797 1176 2864 dili·

57 2924 134 2986 gens,
149 2911 183 2970 et
197 2904 348 2972 facienda
360 2905 489 2990 justitia
504 2907 564 2973 tibi
582 2907 768 2991 specialiter
785 2914 818 2970 et
834 2927 985 2990 expresse
1001 2905 1173 2972 committi·

59 3015 123 3091 tur;
138 3017 171 3078 et
185 3014 377 3079 lieterarum
392 3022 487 3080 tenor
505 3015 689 3081 huiusmodi
705 3036 762 3099 per
777 3015 885 3081 onmia
900 3015 977 3080 talis
994 3021 1082 3078 eret:
1100 3099 1107 3112 N

153 3117 303 3187 Clemens
328 3123 511 3206 Episcopus
538 3123 600 3187 sib.
623 3123 830 3208 (kdvetkezik
846 3121 908 3190 VI.
936 3123 1097 3188 Kelemen
1114 3129 1170 3205 pt·

57 3224 153 3306 pomi
173 3228 307 3294 1346-li
322 3228 595 3311 rendelete‘mint
612 3227 743 3293 ientebb
761 3231 834 3292 162.
850 3247 890 3294 ss.
907 3227 959 3311 a).

16 3369 23 3376 -
153 3331 235 3400 Cum
259 3336 359 3421 igilur
375 3337 419 3402 sd
435 3339 654 3402 executionem
669 3335 792 3402 realem
808 3342 841 3401 ct
857 3335 1002 3403 debitam
1017 3337 1174 3420 premisse

57 3443 276 3509 commissionis
286 3443 477 3527 Apostolics
493 3444 671 3528 procedere
686 3442 772 3509 uelle
787 3450 821 3508 te
838 3463 974 3526 asseras,
990 3449 1027 3509 ut
1042 3445 1174 3523 teneris,

58 3569 173 3633 nosque
196 3553 240 3618 ad
265 3553 484 3619 assistendum
504 3551 745 3636 fauendumque
764 3551 826 3617 tibi
843 3572 941 3636 super
956 3553 1027 3635 ipso
1043 3551 1175 3635 negotio

57 3676 110 3738 per
125 3659 204 3728 alias
214 3661 372 3745 speciales
384 3662 595 3745 Apostolices
611 3663 745 3728 lictores
761 3663 878 3727 missas
894 3660 987 3726 nobis
1003 3664 1177 3743 propterea
1268 3705 1276 3721 .

59 3784 248 3852 moneamur3
260 3791 459 3854 quamquam
476 3769 510 3834 id
525 3771 559 3833 in
574 3770 636 3835 hac
650 3777 743 3853 parte
759 3769 907 3851 zelemus,
918 3769 1006 3850 quod
1021 3768 1108 3834 idem
1123 3769 1177 3833 do·

58 3875 269 3945 minusnostcr
286 3876 437 3946 Summus
455 3877 635 3944 Pontifices
660 3900 700 3944 ex
725 3878 864 3943 caritate
890 3876 1053 3943 dominica
1068 3876 1174 3942 zelare

58 3987 292 4070 perpendimus3
308 3989 476 4073 quinnimo
501 3993 594 4054 tanto
611 4009 693 4053 ausu
712 3992 871 4072 tantoque
887 3986 1064 4051 feruentins
1083 3984 1176 4050 sitia·

59 4113 124 4158 mus
140 4094 247 4160 exinde
262 4096 423 4162 uindicem
439 4095 721 4178 excentricemque
735 4095 1003 4179 justitie,qusnto
1020 4114 1060 4157 ex
1076 4091 1174 4157 offen·

61 4217 94 4262 sa
115 4199 210 4283 ipsius
237 4203 357 4270 domini
384 4203 446 4270 viri
463 4205 566 4268 nostri
591 4223 759 4267 censemur
777 4199 899 4266 offense
924 4199 1126 4284 pergrauius,
1142 4206 1176 4266 et

61 4303 170 4376 iniuria
193 4312 238 4377 sic
263 4313 367 4377 atroci
393 4311 556 4376 enormius
589 4343 931 4357 —————
949 4309 1047 4374 veluti
1080 4317 1175 4394 parte

63 4417 154 4482 nostri
169 4420 312 4504 corporis
337 4455 755 4466 ——————
773 4417 816 4484 ad
827 4422 885 4484 tue
902 4419 1126 4503 requisitionis
1142 4427 1176 4486 et

63 4520 167 4591 deuote
190 4526 435 4612 supplicationis
459 4527 648 4594 instantiam
672 4528 735 4594 tibi
765 4525 882 4592 harum
913 4531 995 4596 serie
1025 4533 1094 4592 tam
1126 4549 1176 4593 su·
