3134 5252
413 360 476 428 190
765 373 1000 428 urenouuczmr
1016 361 1193 430 surdum.-

410 565 486 609 oasn
511 543 664 627 quolibet,
689 545 777 608 velut
807 543 948 608 amicum
968 543 1159 630 precipuum
1185 544 1354 628 requirere
1381 540 1521 608 confiden·

407 657 467 715 ter.
483 649 529 714 Et
545 652 591 715 sic
606 672 702 715 versa
718 650 786 716 vice
802 649 843 716 de
858 648 951 715 nohis
969 650 1078 715 fucere
1094 658 1213 734 posset,
1223 653 1303 736 quia
1319 672 1414 717 snum
1429 649 1520 714 intime

404 757 569 842 diligimus
585 759 742 824 honorem
769 764 802 822 et
832 763 962 822 statum.
987 755 1060 841 Qus
1085 759 1194 823 omnia
1221 781 1261 824 ex
1285 757 1405 843 grandi
1429 757 1519 823 cordis

404 864 574 932 affectione
599 867 661 949 ipsi
687 865 818 932 domino
834 865 929 930 Bano
955 871 1032 931 nota
1058 885 1129 930 esse
1155 857 1326 947 voluimus',
1359 845 1520 949 sperantes,

409 974 497 1056 qnod
512 995 611 1058 penes
628 995 701 1040 euru
726 973 944 1053 habebuntur,
969 975 1054 1039 sicut
1078 994 1192 1040 eorum
1208 975 1352 1042 conditio
1369 981 1401 1040 et
1416 980 1519 1041 natura

409 1081 516 1164 exiget
531 1087 564 1146 et
580 1082 730 1164 requirit.

514 1186 573 1253 Ad
590 1187 765 1254 secundum
791 1187 979 1270 capitulum,
1003 1209 1063 1269 per
1080 1187 1168 1271 quod
1184 1189 1427 1255 recommendat
1443 1187 1520 1253 nobis

407 1294 568 1362 Comitem
584 1293 784 1378 Gregorium
803 1300 882 1374 etc.;
906 1294 1153 1377 respondeatur,
1174 1295 1263 1378 quod
1279 1297 1360 1361 setis
1375 1295 1519 1361 credimus

409 1423 478 1468 esse
494 1409 604 1469 notem
631 1403 761 1468 domino
777 1401 872 1466 Bono
899 1422 1030 1484 gravem
1048 1399 1205 1466 offensam
1231 1402 1325 1467 nobis
1340 1402 1459 1468 iactam
1475 1423 1522 1484 per

404 1512 510 1592 ipsum
539 1510 709 1592 Comitem,
733 1511 810 1592 quia
834 1511 976 1574 existens
1000 1515 1110 1574 noster
1135 1509 1221 1591 civis,
1245 1516 1360 1575 contra
1394 1510 1522 1575 debitum

405 1625 438 1680 ot
468 1619 685 1684 iuramentum
721 1615 899 1695 fidelitatis,
932 1617 1106 1681 temerarie
1131 1618 1329 1699 presumpsit
1354 1624 1387 1682 et
1412 1623 1522 1682 armate

406 1746 501 1790 manu
517 1726 626 1791 venire
642 1729 675 1788 et
699 1723 865 1788 hostiliter
881 1727 995 1789 contra
1020 1744 1088 1804 nos,
1111 1729 1250 1808 propter
1275 1724 1365 1807 quod
1380 1724 1408 1789 si
1423 1729 1521 1789 contra

406 1853 479 1897 enm
495 1833 625 1916 gravati
642 1835 674 1895 et
690 1831 816 1896 turbati
836 1851 955 1911 sumus,
979 1849 1043 1894 non
1070 1835 1120 1895 est
1144 1829 1338 1896 mirandum.
1372 1828 1430 1897 Set
1452 1831 1520 1895 nihi-

405 1940 545 2004 lominus
561 1937 769 2003 attendentes
785 1940 945 2001 instantes
962 1958 1074 2019 preces
1100 1937 1202 2018 ipsius
1218 1938 1343 2003 domini
1359 1937 1452 2017 Beni,
1471 1958 1520 2019 pro

407 2069 470 2130 quo
487 2047 595 2112 omnia
610 2043 702 2110 nobis
729 2044 881 2110 decenter
897 2043 1067 2127 possibilia
1084 2042 1282 2125 faceremus;
1305 2047 1413 2129 ipsum
1428 2043 1519 2110 Conri-
1565 2037 1566 2040 '

407 2161 474 2218 tem
490 2152 693 2236 Gregorium
718 2153 746 2216 si
763 2150 946 2231 viderimus,
970 2149 1056 2233 quod
1073 2159 1288 2233 recognoscat
1302 2152 1417 2218 sallum
1432 2173 1518 2233 suum,

404 2267 437 2325 et
452 2260 541 2344 quod
555 2261 692 2326 intentio
709 2264 741 2324 et
766 2278 866 2342 opera
881 2279 941 2323 sua
957 2259 1021 2322 sint
1046 2257 1089 2322 ad
1105 2255 1225 2322 bonum
1241 2265 1275 2323 et
1291 2259 1444 2326 honorem
1459 2280 1519 2323 nos-

402 2375 498 2450 trum,
521 2365 818 2434 recommendatum
833 2363 1026 2431 habebimus
1051 2365 1173 2430 intuitu
1189 2366 1292 2447 ipsius
1309 2367 1431 2432 domiui
1446 2367 1518 2432 Baui

405 2474 493 2559 apud
509 2481 655 2540 nostram
672 2474 814 2558 gratiam
831 2479 864 2537 et
880 2494 1033 2538 amorem.

512 2579 568 2646 Ad
584 2582 720 2646 tertium
753 2580 931 2662 capitulum
947 2579 988 2646 de
1003 2580 1132 2644 iniuriis
1159 2586 1193 2644 et
1209 2580 1336 2646 damnis
1355 2583 1416 2648 sibi
1431 2582 1519 2647 illatis

406 2711 465 2775 per
481 2690 642 2757 Comitem
657 2687 864 2755 Maladinum
882 2693 960 2768 ete.;
979 2689 1225 2772 respondeatur,
1235 2690 1323 2772 quod
1334 2690 1518 2762 novitDeus,

407 2801 542 2864 iniurias
558 2799 647 2882 ipsas
664 2817 728 2861 non
751 2796 858 2860 minus
875 2815 991 2878 graves
1016 2795 1182 2880 habemus,
1206 2799 1348 2880 quamsi
1374 2797 1461 2861 nobis
1474 2797 1517 2860 rel

405 2909 525 2976 nostris
541 2904 690 2989 gentibus
707 2903 791 2969 facte
807 2903 931 2985 forent3
956 2910 989 2969 et
998 2912 1155 2987 pervento
1172 2905 1213 2970 de
1230 2906 1311 2989 ipsis
1328 2906 1371 2970 ad
1387 2911 1518 2969 nostram

403 3016 562 3096 notitiam,
586 3019 683 3079 anteo
708 3012 830 3094 pluries
856 3013 1099 3094 scripseramus,
1121 3019 1154 3077 et
1170 3035 1255 3077 nunc
1281 3013 1321 3078 de
1337 3034 1417 3077 noro
1445 3013 1518 3076 misi-

391 3127 475 3188 'mus
491 3143 590 3186 unum
605 3127 754 3186 nostrum
763 3117 940 3184 Notarium
951 3125 984 3184 et
992 3118 1026 3184 N
1028 3122 1154 3185 nntium
1164 3119 1345 3204 Specialem
1355 3141 1414 3204 pro
1430 3119 1519 3184 reior·
1565 3161 1566 3164 ,

403 3231 545 3294 matione
569 3228 798 3311 predictorum,
831 3234 866 3291 et
890 3247 1069 3310 speramns,
1102 3228 1189 3310 quod
1214 3229 1273 3292 fiet
1297 3227 1414 3309 taliter,
1442 3225 1518 3310 qnod

402 3337 463 3420 ipsi
480 3336 627 3401 dominus
643 3334 755 3400 Bonus
771 3336 893 3418 poterit
908 3334 1151 3401 rationabiliter
1167 3337 1356 3401 contentari.
1374 3335 1417 3399 Et
1432 3333 1520 3398 nichi-

401 3445 540 3509 lominus
556 3443 661 3508 adhuc
678 3441 827 3508 omnibns
852 3442 959 3510 modis
984 3450 1017 3508 et
1046 3444 1105 3508 viis
1130 3443 1331 3508 intendimus
1356 3440 1516 3507 efficaciter

402 3571 586 3635 procurare,
610 3550 698 3633 qnod
723 3550 793 3632 ipse
810 3549 928 3616 Comes
953 3550 1145 3616 Maladinus
1171 3572 1191 3614 a
1217 3550 1365 3632 quahbet
1388 3549 1516 3612 novitate

403 3681 437 3723 se
454 3661 619 3725 abstineat
644 3665 757 3725 contra
773 3659 879 3742 ipsum
904 3659 1035 3724 Beuum
1050 3656 1102 3724 rel
1118 3665 1232 3741 gentes
1258 3679 1352 3738 suas3
1377 3665 1408 3723 et
1421 3675 1518 3719 snmus

402 3769 491 3849 certi,
515 3767 603 3851 quod
618 3769 663 3833 sic
680 3765 743 3830 fiet.
770 3765 875 3849 Quem
891 3768 1052 3834 Comitem
1068 3766 1284 3850 Maladinnm,
1308 3789 1379 3831 cum
1395 3769 1434 3829 sit
1450 3763 1518 3826 inti·

402 3897 472 3941 mus
487 3884 521 3940 et
535 3873 640 3938 fidelis
656 3875 762 3940 nostri
778 3873 933 3957 Dominii,
956 3875 1019 3958 ipsi
1046 3875 1175 3941 domino
1200 3874 1295 3940 Bano
1311 3870 1515 3938 anrioabiliter

402 3983 671 4069 commendamus,
694 3989 857 4065 rogantes
881 3989 919 4048 ut
933 4005 954 4047 a
968 3982 1217 4066 perturbatione
1244 3987 1351 4046 status
1376 3981 1440 4044 eius
1453 3977 1517 4058 pla-

399 4099 471 4156 ceat
487 4092 651 4157 abstinere
669 4091 792 4154 nostris
808 4089 960 4172 precibus
986 4096 1020 4156 et
1035 4110 1153 4156 amore.

506 4197 561 4264 Ad
587 4205 741 4281 quartum
758 4198 946 4281 capitulum,
971 4219 1031 4281 per
1056 4196 1145 4281 quod
1169 4195 1263 4261 nobis
1291 4191 1519 4262 recommendat

399 4301 563 4368 Comitem
577 4304 600 4368 J
602 4306 762 4369 ohannem
772 4305 908 4370 condam
921 4306 1059 4370 Comitis
1070 4303 1222 4384 Neiipcii,
1239 4308 1274 4366 et
1290 4301 1443 4367 Comitem
1457 4298 1519 4362 Bu·

400 4412 575 4476 disclarum
601 4413 769 4495 Vroguioh
797 4420 875 4493 etc,
909 4414 1155 4498 respondeatur,
1180 4411 1266 4494 quod
1293 4413 1321 4474 si
1346 4405 1518 4492 cognoveri·

399 4541 478 4598 mus,
503 4521 590 4602 quod
618 4522 790 4604 dispositio
816 4543 927 4586 eorum
954 4522 1068 4586 tendat
1095 4520 1137 4585 ad
1169 4521 1289 4584 bouum
1314 4527 1346 4582 et
1376 4518 1519 4582 honorem
