3108 5246
563 346 657 410 1349.
1103 346 1167 410 345

3 565 4 568 =
53 545 99 590 sas
120 523 216 605 nobis,
233 530 266 590 et
281 523 433 610 quicquid
456 525 572 590 fecerit
587 531 620 589 et
635 523 797 605 habuerit,
814 529 847 590 et
863 545 959 609 super
976 526 1056 610 ipsis
1072 546 1164 590 suum

3 651 5 716 ᾗ
52 631 214 712 consilium,
231 638 265 698 et
279 639 429 716 expectet
443 639 590 698 nostrum
607 632 808 699 mandatum.
1162 669 1166 680 ι

144 739 206 806 Die
230 737 292 806 VL
308 737 447 825 Aprilis.
471 737 634 826 Capta:
658 739 757 826 Quod
772 761 832 824 pro
848 741 911 806 Dei
928 743 1117 807 reuerentia
1132 749 1167 808 et

50 847 159 913 honore
174 855 296 932 nostro,
311 870 351 914 ao
366 871 427 933 pro
452 850 539 915 omni
565 849 652 915 bona
677 871 776 916 causa
799 851 1024 916 committatur
1041 849 1165 916 Amba·

50 957 144 1022 xstori
166 957 254 1023 ituro
279 958 323 1022 ad
348 956 513 1024 dominum
538 957 665 1042 Regem
691 955 813 1040 Servio,
838 957 935 1043 quod,
952 963 1041 1025 tacto
1061 959 1169 1044 primo

3 1097 5 1104 ·
51 1069 79 1129 et
91 1065 314 1151 principaliter
330 1064 433 1132 eidem
443 1065 529 1150 Regi
539 1067 674 1150 negocio
683 1065 913 1148 Raguseorum
930 1073 963 1132 et
978 1071 1168 1133 nostrorum

51 1169 247 1253 Venetorum,
263 1195 324 1258 pro
335 1173 453 1257 quibus
464 1173 651 1256 specialiter
667 1173 863 1256 destinatur,
874 1172 994 1240 debeat
1010 1196 1082 1240 cum
1099 1193 1169 1240 rer·

3 1357 4 1366 ἶ
48 1280 92 1345 bis
113 1280 361 1348 condecentibus
387 1302 516 1347 movere
541 1281 640 1346 rerba
666 1281 772 1346 eidem
795 1281 879 1364 Regi
897 1279 1010 1348 Servio
1027 1281 1068 1347 de
1083 1287 1170 1348 trac·

50 1388 137 1453 tando
163 1389 341 1459 concordio
364 1390 451 1456 inter
474 1390 581 1473 ipsum
611 1395 643 1454 et
666 1389 814 1455 dominos
838 1389 1061 1475 Imperatores
1086 1387 1171 1455 Ocn-

3 1517 5 1576 j
48 1495 249 1581 stentiopolis.
269 1495 315 1561 ut
330 1498 356 1562 si
374 1497 443 1581 ipse
459 1497 533 1564 Rex
549 1493 712 1564 videbitur
728 1496 900 1564 attendere
915 1497 958 1562 ad
973 1497 1079 1581 ipsum
1096 1520 1171 1562 con·

3 1601 4 1608 '
48 1604 187 1686 cordium,
205 1611 240 1672 et
257 1604 346 1671 dicto
363 1604 582 1671 Ambaxatori
608 1605 788 1687 videbitur3
805 1605 950 1672 notificet
965 1606 1027 1672 hoc
1043 1605 1167 1670 Amba·

49 1713 143 1778 satori
167 1719 284 1780 nostro
300 1711 677 1799 Constantinopolitano,
694 1712 867 1780 scribendo
883 1715 923 1798 ei,
938 1714 1025 1799 quod
1041 1736 1171 1798 persen-

3 1861 5 1868 >
47 1818 101 1884 tiat
123 1821 324 1888 voluntatem
349 1822 451 1906 ipsius
477 1821 599 1888 domini
624 1823 842 1906 Imperatoris
866 1821 1170 1906 Constantinopolis

48 1926 172 1995 infacto
189 1931 273 1996 dicti
284 1931 461 2012 concordii,
477 1930 639 1997 trahendo
649 1930 693 1997 ab
703 1932 773 2014 ipso
789 1931 994 2014 Imperatore
1011 1931 1169 2013 quicquid

3 2111 5 2122 Ι
46 2033 152 2102 inhcc
175 2037 310 2122 poterit,
335 2043 369 2102 et
393 2035 547 2104 velociter
571 2035 785 2104 rescribendo
810 2037 897 2103 dicto
921 2035 1164 2115 Ambassatori,

47 2143 133 2210 misso
156 2144 200 2210 ad
224 2144 362 2230 Regem.
392 2145 439 2212 Et
471 2145 498 2209 si
528 2142 593 2228 ipsi
621 2142 843 2212 Ambaxatori
873 2149 986 2211 nostro
1011 2145 1110 2210 misso
1136 2145 1170 2209 in

3 2255 5 2340 j
48 2247 180 2318 Serrium
214 2253 395 2320 secundum
430 2273 478 2338 ea,
511 2273 575 2338 que
606 2253 741 2320 habebit
772 2259 839 2320 tam
871 2275 891 2319 a
919 2253 1012 2337 Rege
1047 2251 1171 2336 Servio,

3 2409 4 2446 3
50 2381 137 2442 qnam
166 2361 208 2428 ab
252 2358 481 2429 Ambaxatcre
521 2357 888 2446 Costantinopolitanc,
927 2360 1089 2428 videbitur
1130 2360 1172 2430 de

47 2469 141 2535 eundo
178 2492 286 2554 usque
325 2467 644 2553 Constantinopolim
685 2469 729 2535 ad
769 2470 916 2535 dominos
947 2469 1170 2552 Imperatores

3 2577 5 2636 ξ
47 2597 97 2659 pro
119 2579 190 2660 ipsa
216 2597 319 2644 causa
343 2577 516 2662 concordii,
543 2577 644 2644 radat
662 2577 696 2642 in
713 2577 799 2644 bona
814 2579 932 2663 gratia,
947 2583 982 2644 et
997 2578 1030 2642 in
1047 2575 1139 2643 hocf
1159 2615 1170 2629 ·

3 2727 5 2762 ;
48 2685 110 2766 ciat,
134 2686 294 2772 quicquid
317 2685 396 2752 boni
420 2688 551 2769 poterit.
578 2686 625 2753 Et
644 2685 687 2751 ad
703 2685 863 2752 cautelam
879 2685 998 2752 dentur
1014 2685 1074 2751 sibi
1091 2684 1168 2751 hinc

46 2791 144 2861 littere
169 2795 380 2862 credulitatis
404 2817 464 2880 pro
489 2793 638 2861 iaciendo
662 2791 898 2861 Ambaxiatam
923 2795 1002 2879 ipsis
1029 2794 1168 2859 dominis

3 2911 4 2982 ξ
47 2901 311 2986 Imperatoribus.
345 2901 506 2968 Preterea
540 2906 765 2969 committatur
802 2901 907 2968 eidem
939 2899 1171 2984 Ambaxatori,

3 3095 5 3100 ι
47 3013 123 3094 qued
146 3035 211 3079 non
230 3009 438 3096 impediendo
457 3015 634 3095 propterea
650 3010 800 3095 predicta
816 3010 880 3077 duo
896 3011 1041 3094 negocia,
1056 3009 1167 3075 videli-

3 3141 4 3176 1
47 3123 92 3183 cet
114 3119 345 3206 Raguscorum
370 3123 404 3184 et
428 3116 631 3189 Venetorum
647 3124 844 3201 nostrorum,
870 3124 903 3185 et
926 3118 1169 3203 [moratorum

3 3257 4 3300 ss
48 3225 354 3313 Constantinopolis,
370 3225 427 3292 sed
442 3226 517 3311 ipsa
532 3227 637 3311 primo
654 3234 687 3294 et
696 3225 923 3312 principaliter
942 3225 1169 3310 procurando;

47 3335 71 3400 si
85 3337 144 3403 sibi
160 3337 328 3404 videbitur
344 3357 439 3421 posse
455 3341 584 3401 tentare
603 3333 808 3402 concordiam
826 3334 911 3400 inter
928 3334 1095 3401 dominum
1104 3335 1170 3400 Re·

3 3429 8 3522 ἶ
47 3465 111 3526 gem
135 3443 251 3514 Serrie
277 3449 311 3510 et
335 3442 499 3510 dominum
523 3441 653 3510 Banum
668 3441 798 3525 Bosine,
815 3441 932 3509 debeat
947 3441 1026 3508 dare
1042 3463 1168 3507 omnem

3 3575 5 3618 τ
47 3573 180 3636 operam,
208 3573 308 3638 quam
332 3552 463 3637 poterit,
495 3573 556 3636 pro
581 3549 667 3618 bono
691 3551 794 3635 ipsius
819 3549 997 3632 concordii,
1026 3550 1111 3614 sicut
1137 3555 1170 3614 et

3 3671 5 3744 ἑ
48 3661 168 3744 quando
186 3661 250 3730 sibi
264 3659 439 3744 videbitur,
461 3657 621 3743 poscendo
638 3659 737 3727 etiam
755 3664 802 3725 ire
820 3659 982 3743 adipsum
999 3657 1167 3723 dominum

3 3781 5 3848 ἓ
47 3767 178 3858 Beuum,
195 3776 230 3837 et
245 3769 309 3836 sibi
324 3766 558 3836 Ambaxiatam
575 3787 634 3852 pro
644 3774 740 3853 parte
750 3767 981 3834 nostrafacere
997 3767 1168 3831 occasione

48 3879 199 3962 predicta,
223 3899 289 3945 non
314 3875 523 3960 impediendo
548 3876 657 3961 prima
673 3875 737 3942 duo
755 3875 901 3960 negocia,
917 3879 954 3938 nt
968 3877 1019 3939 est
1036 3872 1167 3939 dictum.

3 3999 5 4068 j
48 3986 88 4052 m
109 3988 227 4054 dentur
251 3987 351 4052 etiam
375 4004 435 4070 pro
451 3984 515 4050 isto
529 3989 679 4068 respectu
696 3983 759 4049 sibi
776 3983 886 4051 littere
902 3980 1106 4049 credulitatis
1124 3980 1167 4048 ad

49 4095 225 4176 predictum
240 4094 410 4160 dominum
423 4091 564 4159 Beuum.

3 4225 5 4304 ζ
96 4241 131 4302 (Δ
144 4240 255 4291 ›mimi‹
271 4237 363 4290 ezimu
377 4237 518 4290 relenczei
530 4237 761 4304 dllamkdnyvbttl
773 4236 861 4289 XXV.
876 4237 935 4286 kot.
951 4237 992 4285 16.
1006 4235 1046 4286 sk.
1060 4233 1101 4298 ll.)

526 4435 686 4444 -—-—-
