3166 5256
543 387 639 453 1345.
1129 386 1170 451 el

71 567 162 650 Jadre,
182 565 377 649 inducimus,
402 572 549 632 ortamur
565 573 598 632 et
614 567 813 632 solicitamus
830 586 912 645 eum,
929 568 1087 648 quantum
1103 549 1174 650 posss

15 755 17 768 ,
72 697 164 758 snmus,
179 674 265 758 qnod
290 675 357 740 isto
372 679 520 758 tempore
536 673 631 740 nobis
648 695 668 739 a
683 673 755 739 Deo
772 673 851 739 dato
868 672 1000 738 studeat
1016 678 1049 738 et
1063 694 1178 756 procu·

15 805 16 862 ζ
71 791 118 868 ret,
130 785 234 850 statim
249 789 283 849 et
294 783 426 867 quaudo
442 783 505 849 sibi
520 781 692 864 ridebitur,
707 789 841 866 portare
857 804 891 847 se
908 803 979 847 cum
996 788 1069 848 tota
1084 787 1179 866 gente

15 957 17 984 L
72 913 118 957 sua
139 891 277 976 equestri
303 898 336 958 et
362 891 507 976 pedestri
533 890 567 954 in
592 889 796 957 obsidionem
821 889 965 956 civitatis
990 891 1015 958 J
1017 891 1105 972 edre,
1122 890 1180 956 ubi

71 1022 117 1084 pro
124 1001 231 1066 maiori
240 999 411 1066 commodo
428 1003 540 1064 nostro
556 1002 589 1064 et
605 998 723 1063 maiori
739 997 935 1064 detrimento
952 1003 985 1063 et
1000 997 1119 1064 damno
1138 998 1180 1063 ci·

71 1107 160 1173 sitatis
169 1108 194 1175 J
195 1107 273 1174 adro
293 1113 328 1172 et
343 1107 464 1174 civium
478 1105 591 1190 ipsius,
607 1106 810 1171 inimicorum
827 1113 1022 1189 nostrorum,
1038 1102 1102 1170 sibi
1116 1125 1181 1170 me·

15 1205 17 1290 ss
71 1213 119 1280 lius
140 1216 320 1300 apparebit,
347 1221 380 1282 et
407 1215 538 1281 studeat
557 1213 734 1280 fortificare
752 1235 785 1279 ss
801 1215 847 1279 ibi
864 1235 962 1296 quam
978 1213 1094 1278 melius
1109 1233 1183 1296 pos·

15 1297 17 1414 ζ
71 1324 117 1402 eit3
130 1325 251 1390 namde
262 1323 408 1409 presenti
423 1322 486 1392 eibi
503 1323 662 1388 mittimus
678 1327 712 1388 et
728 1323 965 1406 subsequenter
980 1321 1066 1386 mitti
1082 1322 1184 1386 conti·

71 1451 121 1494 nuc
141 1427 293 1496 faciemus
318 1431 484 1514 lignamen
509 1435 543 1495 et
568 1429 634 1494 alia
667 1430 849 1495 necessaria
868 1451 929 1513 pro
953 1427 1183 1494 fortificatione

15 1577 17 1614 z
72 1559 118 1602 sua
137 1544 171 1603 et
194 1539 357 1604 exercitus
382 1539 487 1603 nostri
506 1537 568 1605 sibi
584 1536 756 1602 commissi.
772 1538 819 1606 Et
834 1535 867 1602 in
885 1557 963 1602 casu
980 1557 1044 1620 quo
1060 1538 1185 1620 equite·

15 1627 17 1736 ζ
70 1650 110 1709 ret
129 1647 179 1711 rel
200 1645 322 1713 laceret
341 1646 495 1730 equitari,
512 1650 550 1712 ut
565 1645 753 1731 predicitur,
768 1645 882 1711 taliter
897 1645 938 1710 de
954 1644 1087 1720 civitate
1104 1665 1185 1710 sem·

15 1771 17 1822 ῐ
70 1771 116 1833 per
131 1758 209 1820 tute.
600 1789 619 1822 a

170 1859 328 1947 Capta:
353 1859 460 1945 Super
482 1882 521 1926 eo
537 1882 624 1940 vero,
639 1860 727 1944 quod
744 1859 866 1941 scribit,
882 1860 970 1944 quod
986 1859 1048 1927 sibi
1064 1859 1188 1926 ridere·

15 2029 17 2070 ;
76 1971 118 2034 lur
142 1968 328 2054 faciendum,
355 1969 487 2053 quando
503 1968 746 2053 presentialiter
763 1969 933 2052 equitaret,
949 1968 1101 2034 videlicet
1115 1987 1188 2051 pra·

74 2077 185 2158 sentire,
209 2079 236 2142 si
261 2077 432 2142 Jadratini
458 2077 579 2143 vellent
604 2077 683 2142 darc
710 2075 890 2141 dominium
907 2073 1063 2142 Ciuitatis
1079 2073 1186 2142 Jadre

15 2263 16 2278 ἶ
74 2188 134 2266 etc,
155 2185 384 2268 respondeatur
409 2187 448 2264 ei,
473 2184 559 2268 quod
587 2184 626 2249 de
651 2183 712 2250 tali
737 2204 795 2249 sua
825 2181 996 2267 oppinione
1015 2182 1189 2267 plurimum

15 2285 17 2362 ἶ
75 2291 274 2374 admiramur3
290 2314 368 2358 nam
393 2294 464 2373 scit,
480 2299 513 2356 et
528 2293 575 2357 sic
591 2297 641 2358 est
656 2311 808 2376 expresse
824 2292 858 2356 in
875 2292 944 2357 eius
960 2292 1186 2358 commissione

15 2371 18 2470 l
75 2398 224 2480 insertum,
239 2401 330 2484 quod
345 2401 502 2480 nolumus,
519 2401 606 2482 quod
616 2400 769 2466 attendat
778 2400 822 2466 ad
838 2399 980 2482 aliquem
998 2405 1189 2480 tractatum,

76 2505 123 2569 sed
143 2497 243 2576 solum
269 2506 313 2572 ad
337 2507 588 2590 guerrizandum
608 2514 735 2574 nostros
751 2508 860 2573 hostes
877 2513 911 2572 et
926 2508 1012 2574 bona
1027 2530 1139 2576 eorum
1154 2510 1189 2574 in

15 2643 17 2666 ι
77 2619 215 2694 quantum
239 2621 366 2699 potest3
382 2621 415 2680 et
433 2619 608 2698 propterea
628 2614 688 2682 sibl
709 2614 860 2680 districte
876 2615 1084 2699 precipiendo
1101 2637 1190 2682 man-

15 2747 18 2794 ;
78 2717 184 2804 damus,
207 2722 296 2804 quod
313 2722 425 2805 aliquo
441 2720 536 2787 modo
552 2721 603 2788 vel
618 2721 749 2806 ingenio
764 2744 829 2788 non
845 2721 965 2788 debeat
982 2723 1106 2808 aliquid
1120 2745 1192 2808 pre·

15 2831 17 2914 ξ
77 2829 180 2894 sentire
204 2831 245 2896 de
265 2829 338 2910 biis,
353 2851 417 2914 que
434 2830 574 2915 scripsit,
590 2851 651 2896 nec
665 2829 836 2895 attendere
854 2830 897 2895 ad
912 2830 1048 2913 aliquod
1063 2837 1188 2898 tracta·

15 2927 19 3018 i
77 2939 144 3016 tum,
157 2937 212 3002 sed
237 2937 342 3003 solum
369 2937 411 3003 ad
426 2937 545 3003 damna
565 2944 599 3003 et
614 2936 806 3003 offensiones
822 2937 847 3004 J
849 2937 1073 3004 adratinorum
1089 2944 1123 3004 et
1138 2940 1191 3005 bo·

15 3031 17 3056 '
76 3064 175 3109 norum
199 3067 331 3112 suorum
355 3068 429 3112 cum
454 3049 525 3111 tota
551 3051 585 3112 et
609 3047 828 3130 perlegeritis
845 3046 1195 3115 secundumeuecom-

15 3204 17 3277 l

15 3419 18 3520 l

15 3185 16 3202 ÷
77 3153 218 3221 missionis
242 3162 399 3238 tenorem,
423 3177 496 3221 cum
512 3157 667 3222 habemus
683 3164 812 3222 nostros
829 3155 1021 3221 Provisores
1038 3157 1072 3223 in
1087 3157 1189 3241 parti-

77 3259 126 3328 bus
148 3261 322 3329 Solanonie
346 3285 407 3347 pro
430 3263 627 3329 tractatibus
654 3267 687 3329 et
712 3263 787 3329 aliis
813 3263 859 3329 eie
884 3265 1072 3346 commissis,
1089 3271 1122 3329 et
1137 3286 1194 3330 uos

15 3367 17 3418 l
81 3371 161 3436 etiam
176 3371 277 3436 simus
293 3371 347 3436 hic
362 3391 422 3454 pro
437 3371 637 3437 tractatibus
654 3377 688 3436 et
703 3372 853 3438 omnibus
869 3372 954 3455 aliis,
970 3393 1034 3456 que
1049 3373 1196 3438 videreu-

15 3521 17 3556 ,
81 3481 123 3540 tur
144 3478 244 3544 nobis.
269 3479 317 3544 Et
343 3477 369 3542 si
395 3475 538 3544 finaliter
553 3480 779 3559 requireretur
795 3477 835 3544 de
850 3478 1047 3546 tractatibus
1063 3502 1123 3563 per
1138 3479 1196 3544 ali-

82 3601 156 3667 quos,
179 3605 233 3652 eos
248 3605 316 3649 non
331 3584 453 3669 audiat,
470 3584 527 3651 sed
542 3587 654 3652 mittat
669 3607 723 3652 eos
739 3586 790 3652 vel
807 3585 849 3652 ad
864 3609 923 3652 nos
939 3586 990 3652 vel
1006 3584 1196 3652 adnostros

15 3711 17 3794 ξ
81 3688 251 3760 Prorisores
278 3692 453 3779 predictos,
477 3715 542 3760 non
569 3695 770 3761 dessistendo
800 3701 975 3780 propterea
993 3701 1129 3780 propter
1144 3715 1193 3760 re·

82 3802 270 3882 quisitionem
297 3802 462 3886 prefatam
479 3803 521 3869 ab
537 3801 714 3870 offensione
730 3805 935 3870 inimicorum
950 3809 1144 3886 nostrorum,
1160 3808 1199 3868 ut

83 3905 187 3976 dictum
210 3917 268 3977 est
294 3911 337 3976 In
364 3912 415 3976 his
431 3916 465 3976 et
479 3911 554 3976 aliis
569 3911 632 3977 sibi
647 3912 765 3993 missis,
780 3919 814 3979 et
830 3913 1087 3995 quibuscumque
1105 3931 1200 3995 spec-

39 4015 41 4023 '
83 4017 210 4086 tentibus
235 4011 282 4085 ad
303 4025 452 4085 nostrum
467 4018 624 4086 bonorem
640 4027 673 4084 et
689 4025 828 4086 mortem
844 4025 878 4085 et
894 4019 1116 4086 contusionem
1133 4018 1197 4082 dic-

15 4119 19 4194 Ῠ»
83 4128 175 4192 torum
198 4127 403 4193 inimicorum
429 4133 616 4193 nostrorum
640 4127 754 4194 taliter
778 4147 812 4193 se
840 4127 1003 4206 habendo,
1028 4126 1115 4210 quod
1132 4127 1201 4192 eius

15 4317 17 4342 ,
85 4227 210 4301 fidelitas
235 4243 267 4302 et
290 4241 567 4320 promtamentum
598 4235 706 4302 valeat
730 4238 764 4301 in
790 4233 939 4302 omnibus
971 4233 1088 4299 merito
1113 4253 1197 4299 com·

15 4367 17 4400 ;
85 4341 225 4408 mandari.

178 4447 337 4534 Capta:
352 4449 485 4534 thuia
506 4451 612 4517 dictus
622 4449 822 4536 Capitoneus
838 4445 986 4534 scripsit,
996 4446 1083 4531 quod
1099 4448 1201 4513 inten-

86 4549 171 4620 debat
193 4559 320 4622 mittere
344 4579 404 4640 pro
429 4557 592 4642 aliquibus
617 4557 656 4623 de
682 4558 776 4642 Pago
796 4564 830 4622 et
845 4555 939 4621 Arbo
955 4577 1015 4638 pro
1032 4555 1200 4638 vastando,

179 4695 239 4731 flou.
255 4695 338 4732 HUNG.
355 4695 424 4732 mer.
441 4703 484 4716 ¹·-
495 4695 564 4732 ΔΟΤᾸ
581 4695 641 4732 ΕΜ.
658 4695 687 4730 11.
1076 4665 1094 4722 6
