3214 5260
358 357 422 420 476
714 371 948 420 urrccnnczru
965 357 1131 420 nuntxrs.

359 535 611 601 amaritudinem
638 557 732 601 versa
760 541 816 615 est,
832 539 867 598 et
880 533 986 598 letitie
1003 531 1138 598 iubilum
1156 533 1277 598 doloris
1294 551 1426 598 versum
1442 535 1493 594 est

358 643 391 706 in
407 641 604 725 clangorem.
631 643 752 710 Fertur
778 643 874 720 enim,
899 641 987 724 quod
1004 641 1093 724 pacis
1111 639 1236 707 emulus
1252 639 1400 705 eiusdem
1416 637 1492 702 fidei

358 749 508 816 inimicus
524 734 588 815 Dei
614 750 745 833 negotia
770 754 924 831 satagens
950 748 1118 832 impedire,
1135 750 1221 814 iuter
1236 755 1270 812 te
1286 753 1319 812 et
1335 745 1492 812 dilectum

358 857 463 922 filium
481 858 621 924 nobilem
641 857 754 922 sirum.
778 905 784 919 .
808 905 814 919 .
842 905 849 918 .
873 853 999 922 Ducem
1023 853 1241 922 Venetiarum
1265 853 1431 920 discordie
1447 875 1494 918 se-

357 967 446 1030 mina
463 984 617 1049 spargere
644 963 768 1041 nititur,
794 968 827 1028 et
854 969 887 1026 te
904 964 1104 1046 usqueadeo
1121 964 1317 1047 provocavit,
1336 967 1375 1026 ut
1391 960 1492 1025 robur

360 1075 503 1159 potentie
518 1080 584 1153 tue,
600 1072 686 1155 quod
704 1071 862 1136 adversus
879 1070 980 1154 ipsius
1004 1069 1081 1136 fidei
1106 1073 1229 1137 emulos
1263 1089 1418 1133 exercere
1441 1067 1494 1132 de-

359 1199 509 1247 creveras
526 1187 641 1244 contra
657 1183 790 1244 renatos
807 1175 898 1241 sonte
910 1176 1117 1260 baptismatis
1133 1176 1273 1262 experiri
1290 1181 1495 1241 convertere·

359 1309 421 1372 que
438 1307 610 1371 proponas.
626 1283 699 1350 Nos
714 1289 823 1349 autem
841 1283 988 1368 pericula
1004 1292 1037 1349 et
1051 1285 1138 1350 mala
1154 1287 1336 1365 innumera,
1356 1303 1421 1366 que
1431 1281 1495 1346 Dei

358 1394 479 1480 populo
495 1416 535 1459 ex
550 1391 736 1458 huiusmodi
754 1391 868 1457 nociva
884 1390 1051 1456 discordia
1065 1393 1284 1475 provenirent,
1294 1393 1392 1457 auxie
1409 1389 1495 1472 cogi·

358 1510 475 1582 tentes,
492 1509 526 1568 et
542 1504 709 1585 cupientes
726 1500 772 1565 eis
790 1520 849 1582 per
863 1505 1028 1582 oportuna
1042 1499 1186 1565 remedia
1202 1500 1345 1580 obviare,
1361 1518 1497 1562 reuera-

362 1611 461 1678 bilem
487 1609 624 1676 fratrem
641 1613 788 1673 nostrum
809 1606 1057 1672 Boniohannem
1072 1607 1274 1692 Episcopum
1298 1607 1495 1672 Firmauum

358 1721 495 1784 latorem
526 1715 738 1799 presentium,
769 1713 903 1779 honoria
927 1717 976 1779 tui
1003 1714 1175 1798 Regnique
1200 1715 1249 1780 tui
1274 1715 1435 1780 sincerum
1464 1718 1497 1778 et

359 1825 520 1891 fervidum
546 1826 732 1905 zelatorem,
758 1823 802 1889 ad
827 1829 860 1888 te
886 1823 1112 1908 prefatumque
1137 1824 1264 1890 Ducem
1289 1821 1495 1906 providimus

360 1933 597 2000 destinandum.
629 1933 778 2016 Ideoque
794 1929 1015 1998 Serenitatem
1043 1933 1149 2000 Tuam
1180 1952 1356 2014 monemus,
1387 1931 1498 2028 requi·

359 2042 462 2107 rimus
488 2050 521 2107 et
536 2040 704 2106 hortamur
721 2041 754 2104 in
768 2040 921 2122 Domino,
946 2041 1038 2106 illam
1062 2047 1188 2107 attente
1203 2045 1368 2123 rogantes,
1383 2059 1423 2102 ao
1438 2059 1495 2120 per

362 2153 489 2215 viscera
506 2148 728 2216 misericordie
744 2149 809 2215 Dei
833 2152 991 2216 attentius
1008 2150 1225 2232 obsecrantes,
1242 2155 1404 2232 quatenus
1420 2167 1495 2210 eun·

360 2259 434 2324 dem
448 2259 650 2341 Episcopum
660 2279 719 2341 pro
736 2258 921 2324 reverentia
932 2257 1004 2323 Dei.
1022 2265 1076 2324 tue
1092 2257 1351 2324 consideratione
1367 2252 1492 2332 salutis,

360 2364 490 2449 publice
507 2365 662 2431 utilitatis
679 2365 801 2431 intuitu
818 2372 851 2430 et
866 2371 979 2432 nostre
994 2366 1239 2432 intercessionis
1248 2366 1367 2431 obtutu
1381 2362 1493 2444 benig·

360 2496 401 2540 ne
416 2473 565 2556 recipias,
591 2480 623 2539 et
648 2473 747 2537 verba
772 2472 861 2556 pacis
886 2473 928 2538 ab
954 2494 992 2538 eo
1018 2475 1146 2558 placide
1163 2475 1286 2552 audias,
1302 2470 1426 2555 illaque
1449 2466 1491 2532 ad

361 2579 511 2646 effectum
528 2585 659 2665 sperate
685 2600 724 2644 ac
740 2581 847 2644 votive
873 2579 1106 2647 satisfactionis
1131 2579 1294 2659 adducas;
1329 2579 1378 2642 ita
1401 2574 1490 2658 quod

365 2696 533 2772 prestante
550 2689 630 2766 Deo,
647 2687 783 2753 sublatis
809 2689 910 2771 ipsius
926 2687 1090 2754 discordie
1105 2686 1344 2774 impedimentis
1360 2683 1492 2768 quibus.-

361 2797 446 2862 libet
460 2796 522 2861 tibi
538 2802 572 2861 et
596 2796 719 2880 populo
736 2802 792 2861 tuo
810 2796 955 2862 arrideat
981 2797 1071 2880 paeis
1087 2796 1245 2882 opulenta
1259 2791 1491 2876 tranquillitas

362 2925 428 2986 qua
458 2904 606 2970 reddaris
637 2903 773 2969 liberior
804 2903 845 2969 ad
870 2904 934 2969 Dei
961 2905 1104 2986 servitia,
1122 2905 1240 2987 quibus
1257 2911 1291 2969 te
1306 2903 1492 2997 devoverasy

362 3013 559 3095 exequenda,
580 3011 704 3076 Datum
721 3012 807 3094 apud
824 3010 947 3078 Villam
966 3013 1097 3078 Nouam
1122 3009 1360 3077 Avenionensia
1376 3009 1491 3074 Dioue-

362 3119 406 3183 sis
423 3117 482 3184 IV.
499 3139 601 3184 nonas
616 3117 699 3183 Julii
716 3117 933 3184 Pontificatus
959 3121 1064 3187 nostri
1080 3141 1164 3184 anno
1180 3126 1308 3203 quarto.

472 3265 530 3323 (IV.
544 3265 624 3315 Incze
649 3263 722 3328 papa
744 3265 919 3328 regestriibdl.
939 3267 972 3316 V.
1001 3267 1019 3315 i.
1034 3266 1113 3330 Fejer
1126 3265 1190 3315 God.
1204 3265 1281 3328 Dipa.
1295 3263 1346 3313 1x.
1360 3265 1416 3313 lior„
1433 3267 1457 3312 2.
1470 3276 1490 3311 r.

363 3358 422 3403 502.
443 3355 507 3414 lev.)

891 3664 964 3724 380.

363 3822 391 3886 A
419 3821 571 3886 uelerrczei
588 3822 863 3908 kormdnytana'ca
886 3823 1083 3888 kereelceddit
1100 3823 1219 3908 eltiltja
1235 3823 1426 3910 ampulini
1442 3823 1489 3886 lee-
1603 3875 1605 3902 i

781 3931 981 3995 reslceddatdl.
999 3934 1093 3996 1356.

468 4088 568 4155 Anno
591 4087 808 4158 ncocnvr.
834 4089 1010 4155 indictione
1034 4089 1080 4154 x.
1106 4091 1159 4156 au
1185 4089 1268 4154 xx.
1285 4063 1405 4156 nensis
1426 4087 1487 4153 ne-

362 4197 508 4262 eembris.
544 4196 668 4280 Capta:
705 4193 788 4262 Cum
812 4220 870 4282 per
903 4197 1205 4264 determinationem
1232 4198 1330 4264 huius
1356 4195 1486 4264 Consilii

362 4303 468 4385 pridie
493 4302 615 4369 tuerint
640 4306 783 4369 revocati
811 4303 933 4372 Consul
951 4311 982 4370 et
998 4311 1196 4372 mercatores
1213 4307 1316 4372 nostri
1333 4309 1373 4373 de
1389 4307 1485 4372 omni·

363 4410 424 4476 bus
439 4409 590 4492 partibus
607 4411 714 4495 Regni
730 4409 869 4495 Apulee‚
885 4420 918 4477 ct
933 4411 1033 4477 tuerit
1056 4411 1264 4492 prohibitum,
1281 4415 1368 4496 quod
1384 4413 1484 4481 nullus

364 4539 403 4584 ex
429 4518 548 4583 nostris
565 4517 702 4584 auderet
717 4519 796 4586 illuc
822 4521 1035 4604 tramittere,
1059 4521 1109 4586 rel
1129 4522 1229 4586 etiarn
1245 4523 1438 4603 conversari,
1454 4531 1481 4588 et
1601 4553 1604 4570 ι

1593 4663 1604 5008 4
