3220 5248
380 367 445 429 560
732 367 1153 429 nnromcznrmerrr.

739 457 751 482 t

379 541 433 622 sis,
449 538 600 606 videlieet
615 539 837 608 Prolebenum
864 539 905 607 de
930 539 1020 606 Leve
1036 538 1079 605 ed
1095 560 1151 608 sos
1176 509 1406 626 transmisisse,
1421 538 1506 607 idem
1602 633 1604 638 Ι

380 646 423 716 ed
437 639 490 714 me
506 666 653 714 reversus
669 646 796 714 nullum
811 666 987 732 expensam
1002 668 1042 714 ex
1058 653 1152 732 parte
1167 645 1289 717 Vestre
1299 643 1417 713 Gratis
1423 646 1506 712 mihi

378 754 531 839 porterit
557 753 666 840 Super
691 776 755 838 quo
781 755 929 840 supplico
945 760 979 820 et
995 760 1073 839 peto
1097 751 1251 823 Vestram
1269 752 1506 820 Excellentiem
1602 825 1604 856 Β

379 863 584 946 presentibus
600 861 722 928 intuitu
746 861 813 928 Dei
840 859 1092 947 omnipotentis,
1107 867 1141 929 et
1155 861 1198 928 ob
1214 869 1398 946 respectum
1423 881 1506 928 meo·
1578 897 1584 906 ‚
1602 859 1604 938 ζ

379 989 451 1036 rum
467 970 672 1037 servitiorum
687 990 747 1054 per
760 969 963 1052 immensum,
979 975 1140 1054 quatenus
1154 969 1319 1054 predictos
1338 969 1505 1052 sexaginte
1602 1023 1604 1032 Α

380 1075 522 1144 florenos
538 1097 641 1162 usque
657 1076 874 1144 adducentes
899 1075 1038 1144 florenos
1058 1076 1138 1142 mihi
1154 1074 1315 1161 complere
1331 1074 1506 1160 dignemini

381 1183 482 1252 vestri
507 1185 617 1268 gretie
641 1190 674 1251 et
697 1181 814 1250 velitis.
838 1183 979 1268 Insuper
1003 1184 1128 1268 suplieo
1144 1178 1356 1253 Maiestatem
1371 1183 1505 1249 instanti

381 1311 480 1376 prece
500 1311 566 1375 que
581 1313 722 1376 possum,
745 1292 888 1375 etmihi,
903 1310 1071 1378 quousque
1086 1291 1140 1358 hic
1154 1293 1190 1357 in
1203 1291 1268 1359 isto
1283 1290 1403 1358 infelici
1420 1296 1506 1356 stetu

380 1398 496 1483 existo,
512 1419 608 1483 quem
623 1406 745 1466 statum
770 1399 894 1466 sciente
910 1397 1034 1466 Divine
1050 1397 1241 1479 Clementis,
1259 1398 1349 1482 quod
1363 1418 1428 1464 nou
1444 1417 1505 1462 me-
1603 1419 1604 1422 ¹

380 1506 454 1572 ritis
469 1506 549 1573 meis
564 1507 668 1591 onlpis
691 1508 838 1593 graviter
862 1509 982 1593 patior,
997 1515 1031 1575 et
1046 1528 1116 1574 sum
1132 1508 1283 1592 adeptus,
1299 1506 1436 1592 singulis
1452 1526 1504 1572 sn·

380 1613 432 1679 nis
448 1619 578 1680 eentum
602 1612 741 1686 florenos
765 1615 846 1681 mihi
862 1614 906 1682 ed
921 1637 1015 1682 usum
1038 1635 1148 1682 meum
1162 1617 1262 1682 vestri
1277 1616 1388 1701 gretia
1401 1619 1504 1680 trane

380 1722 508 1788 mittere
523 1721 647 1804 velitis;
671 1723 751 1806 quie
765 1729 877 1806 preter
902 1721 1010 1790 Deum
1026 1723 1070 1790 sd
1085 1721 1211 1790 nullum
1225 1721 1331 1789 habeo
1346 1721 1503 1805 refugium

381 1847 438 1895 seu
454 1849 553 1913 spem,
568 1831 632 1896 nisi
648 1827 691 1896 ed
707 1829 862 1899 Vestrum
887 1829 1135 1896 Excellentiem
1161 1829 1250 1915 Quia
1266 1831 1314 1896 sic
1330 1827 1502 1896 eommunis

380 1935 469 2002 fame
494 1943 590 2003 sonet
615 1936 649 2002 in
674 1935 791 2021 Regno
817 1937 998 2024 Hungerie,
1023 1935 1111 2020 quod
1136 1956 1196 2021 ego
1221 1942 1336 2004 eontra
1353 1936 1502 2002 honorem
1603 2007 1604 2010 Ἴ

381 2041 503 2109 domini
519 2043 677 2110 Irudovici
702 2043 768 2110 Dei
792 2047 905 2129 gracie
930 2044 1104 2128 Hungsrie
1123 2043 1226 2129 Regis
1241 2043 1379 2112 ferendo
1394 2040 1502 2123 Vobis,
1602 2117 1604 2132 ¹

381 2151 444 2218 sibi
461 2150 585 2218 scilieet
599 2150 739 2218 infidelis
754 2159 788 2218 et
803 2154 988 2227 contrarius
1000 2151 1181 2219 extitissem
1192 2157 1226 2218 et
1235 2172 1347 2218 essem.
1364 2150 1501 2218 Causam

242 2273 246 2280 '
381 2281 440 2343 per
456 2261 519 2326 hoc
534 2281 646 2326 rerum
663 2260 779 2344 Deum,
794 2281 899 2329 meum
924 2283 1036 2328 veram
1061 2261 1159 2328 fidem
1174 2283 1252 2347 erga
1268 2261 1391 2328 dietum
1406 2260 1501 2327 dorni·

381 2389 459 2433 num
473 2367 598 2452 Regem
624 2391 712 2436 mere
736 2373 848 2454 nostin,
872 2393 912 2438 ee
935 2371 1081 2438 novistis.
1105 2372 1215 2457 Igitur
1240 2371 1387 2460 supplico
1402 2368 1501 2440 Vobis

381 2475 543 2544 instanter
559 2498 598 2544 ee
614 2478 738 2560 devote,
763 2484 799 2544 ut
815 2479 956 2563 singulis
975 2480 1069 2546 annis
1085 2479 1172 2560 mihi,
1189 2486 1226 2546 ut
1241 2479 1435 2564 premissum
1448 2483 1502 2560 est,
1603 2495 1604 2526 1

380 2605 440 2668 per
464 2606 570 2652 meum
594 2587 748 2652 nuncium
773 2586 987 2653 exhibitorem
1005 2588 1206 2670 presentium
1222 2592 1352 2654 centurn
1367 2585 1502 2652 florenos

381 2713 441 2778 pro
459 2693 608 2777 expensis
624 2690 740 2760 Vestri
756 2695 866 2777 gretie
891 2694 1115 2760 transmittere
1130 2694 1246 2760 velitis.
1262 2694 1401 2777 Insuper
1418 2712 1503 2760 seue·

382 2799 475 2882 ginta
497 2796 647 2881 florenos,
672 2818 753 2882 quos
778 2799 858 2866 mihi
883 2821 943 2885 per
967 2821 1073 2866 meum
1090 2801 1244 2867 nuncium
1261 2820 1364 2884 nuper
1380 2799 1423 2865 ed
1437 2799 1503 2868 Vos

382 2905 516 2972 missum
558 2906 807 2989 transmisistis,
847 2907 977 2974 eosdem
1017 2908 1186 2993 sexaginte
1227 2907 1367 2975 florenos
1408 2927 1507 2991 usque

383 3010 427 3079 ad
452 3012 609 3079 ducentos
633 3012 772 3081 florenos
798 3014 880 3080 mihi
904 3015 1111 3100 complestis3
1135 3016 1185 3082 ite
1199 3021 1320 3098 temen,
1336 3014 1422 3100 quod
1437 3034 1506 3099 pre-

382 3111 505 3187 dictum
530 3122 700 3206 pecuniam
724 3143 796 3190 meo
821 3122 893 3190 *filio
912 3122 1066 3208 Georgio,
1082 3129 1140 3190 eut
1154 3145 1212 3190 suo
1228 3121 1442 3191 Procuratori
1458 3119 1507 3186 rel

381 3226 480 3294 latori
495 3231 696 3312 presentium
721 3230 932 3298 eoeomodere
957 3231 1068 3303 Vestri
1092 3231 1201 3316 gretie
1218 3230 1372 3297 debeatis.
1387 3228 1507 3295 Detum

382 3333 466 3400 ferie
482 3335 625 3404 seeundo
650 3344 726 3423 post
750 3337 868 3405 festum
893 3337 1074 3406 Beatorum
1097 3337 1240 3406 Febiuni
1267 3345 1302 3404 et
1321 3335 1506 3405 sebastiani

382 3463 468 3509 enno
483 3442 621 3510 Domini
636 3443 841 3514 moechm

490 3589 526 3654 (Δ
548 3589 653 3658 ›Oopie
675 3591 709 3645 de
730 3591 969 3646 Commemorislh
994 3593 1084 3650 emmo
1107 3591 1247 3646 velenezei
1269 3585 1505 3656 ulmtouyvvt

383 3676 525 3731 kotetebol
539 3683 591 3733 290
604 3682 667 3745 lev.)
