3110 5248
590 375 692 444 1348.
1139 375 1203 446 323

86 559 299 624 constitutione
317 566 351 624 et
366 559 511 640 capitulo
536 556 644 639 Regni
661 558 844 640 contrarijS,
869 559 897 623 si
922 556 1139 642 refragantur,
1164 559 1197 623 in

6 651 9 722 ἒ
85 666 185 747 aliquo
202 665 488 732 nonobstantibus
513 665 765 749 quoquomodo;
781 672 814 731 et
830 687 912 751 quos
926 665 1000 732 inde
1018 666 1198 750 culpabiles

6 785 8 848 ζ
84 773 240 856 inquisitio
264 776 338 858 ipsa
355 773 458 854 dabit,
478 773 652 855 compulsis
668 773 714 838 eis
733 774 839 856 primo
855 774 897 840 ad
914 774 1154 840 restitutionem
1170 779 1203 837 et

83 877 222 943 mendam
264 913 550 929 -----
596 878 772 944 allatarum
806 899 916 944 rerum
950 884 984 944 et
1017 878 1203 946 huiusmodi

6 973 9 1054 ῗ
83 985 202 1070 dampni
226 986 305 1070 dati,
331 987 378 1053 sic
403 987 547 1070 puniatis
572 985 660 1070 ipsos
685 991 718 1051 11
742 986 912 1068 castigetis
937 986 1043 1071 rigide
1068 987 1198 1053 iustitia

6 1079 11 1156 l
81 1094 234 1176 suadente,
259 1097 348 1181 quod
373 1096 420 1161 eis
445 1099 636 1178 presumpta
661 1095 833 1160 temeritas
859 1095 956 1161 cedat
970 1096 1013 1162 ad
1030 1115 1150 1180 penam
1166 1101 1201 1160 et

6 1207 8 1274 3
80 1203 204 1282 posteris
227 1202 285 1268 det
310 1202 501 1286 exemplum.
536 1203 582 1267 Et
606 1203 693 1284 quia,
722 1202 806 1268 sicut
828 1201 952 1269 addicit
976 1237 1019 1250 -
1036 1239 1080 1250 -
1097 1241 1141 1252 -
1158 1240 1200 1250 ·-

6 1321 9 1386 ζ.
81 1307 236 1375 Corradus
251 1309 426 1376 Luciferos
443 1315 476 1375 et
491 1309 561 1375 Leo
579 1309 618 1374 de
636 1305 781 1392 (11111111,
802 1331 865 1375 vna
892 1311 1129 1395 cumpluribus
1147 1331 1200 1376 eo-

6 1411 15 1498 f,
79 1437 142 1480 rum
175 1417 390 1502 complicibus
424 1424 521 1501 atque
547 1418 751 1501 sequacibus,
777 1418 954 1503 prohibitis
979 1457 1022 1466 -
1040 1455 1082 1466 —
1105 1456 1137 1466 -
1159 1456 1202 1466 —

6 1499 18 1618 ἶ.
78 1559 470 1576 ———————
496 1525 640 1590 eiusdem
666 1525 879 1610 supplicantis
895 1526 1000 1592 filium
1016 1527 1200 1592 insilientes

77 1631 239 1716 hostiliter,
262 1635 370 1719 ipsum
395 1655 467 1699 eum
493 1631 634 1718 quadam
658 1633 774 1699 lancea
790 1631 898 1699 ferrea
914 1671 957 1681 —-
978 1672 1013 1682 -
1035 1635 1149 1700 taliter
1164 1635 1199 1700 in

6 1731 7 1734 ¹
78 1747 198 1822 pectore
222 1741 464 1825 percusserunt,
498 1746 533 1806 et
555 1741 685 1825 penitus
711 1737 921 1807 traducentes
937 1742 1040 1819 ,illum
1058 1742 1101 1807 ad
1117 1742 1197 1808 ciui·

6 1883 8 1916 ;
77 1853 168 1912 tatem
184 1851 290 1932 ipsam
309 1845 433 1932 Giratij
450 1868 510 1931 pro
535 1869 594 1914 sua
612 1849 781 1913 uoluntate
800 1848 965 1933 captiuum
980 1850 1146 1934 priuatum
1163 1851 1197 1914 in

6 1933 10 1972 Γ
78 1976 142 2020 eum
176 1977 340 2022 carcerem
365 1954 562 2036 exercendo;
593 1955 784 2022 addiciendo
812 1957 959 2022 volumus
985 1961 1019 2022 et
1043 1956 1198 2023 fidelitati

6 2065 8 2132 ἰ
79 2069 177 2129 cestre
192 2059 393 2145 mandamus,
413 2068 449 2128 st
465 2062 508 2129 ad
526 2061 812 2130 denunciationem
827 2063 963 2129 similem
980 2062 1195 2148 supplicantis

6 2179 8 2256 ,
78 2169 172 2252 ipsius
198 2171 357 2237 aduersus
382 2169 512 2236 eosdem
528 2171 739 2255 principales,
759 2177 792 2236 et
814 2171 960 2256 ipsorum
975 2173 1010 2238 in
1026 2172 1088 2238 hac
1103 2178 1197 2256 parte

81 2297 231 2360 sequaces
246 2286 280 2344 et
296 2276 529 2362 compliceqde
545 2279 609 2364 hijs
625 2279 665 2343 de
683 2277 790 2344 officio
807 2279 953 2362 predicte
970 2278 1070 2345 Curia
1087 2300 1199 2363 proce-

6 2397 8 2430 2
77 2384 175 2468 datis;
201 2392 234 2451 et
250 2388 279 2452 si
296 2385 413 2452 exinde
429 2387 522 2452 uobis
539 2393 696 2470 constent,
713 2388 855 2470 puniatis
873 2390 960 2472 ipsos
980 2395 1013 2452 ot
1028 2388 1200 2470 castigetis

6 2519 8 2574 q
76 2513 173 2577 aspre,
189 2499 287 2576 prout
302 2494 414 2560 delicti
431 2495 573 2578 qualitas
590 2495 751 2578 contingit
761 2501 794 2560 et
805 2495 935 2580 justitia
952 2495 1112 2562 suadebit.
1131 2495 1198 2561 Da·

6 2585 8 2630 ⁵
75 2605 136 2664 tum
171 2601 315 2685 Neapoli
350 2623 435 2667 anno
469 2602 603 2668 Domini
639 2601 933 2670 MCOOXLVIII.
967 2602 1020 2668 die
1056 2601 1198 2670 XXIV.

6 2713 11 2780 t
76 2705 225 2775 Octobris
251 2709 391 2774 secunde
418 2709 613 2790 indictionis,
641 2709 831 2793 Regnorum
860 2713 963 2776 nostri
989 2711 1090 2794 Regis
1115 2731 1200 2775 anno

6 2797 9 2920 Ξ
75 2817 180 2899 primo,
196 2823 309 2882 nostre
325 2837 404 2883 uero
420 2817 548 2901 Regiae
564 2839 649 2882 anno
673 2823 775 2884 sexte.

173 2965 209 3028 (A
232 2965 372 3029 ›Registri
386 2965 534 3029 nogioni«
559 2965 591 3014 A.
607 2969 667 3014 356.
690 2980 727 3014 az.
742 2979 766 3014 a.
778 2965 846 3030 Reg.
860 2965 993 3014 Ludovici
1007 2968 1035 3014 et
1048 2965 1194 3016 Johannae

463 3055 554 3104 czimil
567 3053 710 3105 kotetebcl
725 3059 766 3103 79.
781 3057 811 3116 l.)

599 3381 672 3442 271.

191 3541 222 3605 A
230 3540 389 3628 florenczi
405 3540 684 3625 lcdztdrsoadpnalc
703 3541 856 3606 Tarentoi
875 3545 982 3629 Lojos.
1001 3545 1094 3608 1348.

6 3759 8 3768 ,
171 3698 356 3783 Magnificis
366 3700 621 3783 etprudentibus
637 3701 716 3764 viris
728 3699 900 3765 Prioribus
916 3699 1064 3782 Arciam,
1082 3697 1195 3769 Vexil-

73 3803 169 3874 liferis
192 3807 339 3888 Justitie,
355 3807 511 3888 Consilio,
537 3805 666 3891 Populo
692 3814 724 3872 et
748 3806 919 3874 Oommuni
946 3809 1104 3875 Ciuitatis
1120 3809 1196 3874 Flo-

74 3915 178 3996 rentie,
194 3914 372 3980 carissimis
388 3913 502 3979 amicis
518 3914 648 3979 nostrie.

6 4027 8 4114 J
173 4021 282 4088 Amici
298 4021 465 4087 carissimi.
482 4019 654 4087 Successus
669 4029 797 4088 nostros
813 4022 847 4086 in
866 4043 926 4088 sua
940 4025 1193 4108 prosequutione

6 4187 8 4202 ,
75 4129 185 4211 felinae,
200 4151 284 4215 quos
301 4135 427 4196 vestros
453 4136 608 4214 reputare
633 4131 779 4214 potestis,
795 4129 874 4197 lecit
889 4131 1056 4215 hucusque
1071 4131 1195 4200 Diuina

74 4239 292 4304 misericordia
315 4238 454 4304 latiores.
479 4237 537 4305 Set
562 4246 714 4306 verentur
739 4239 843 4320 multi,
861 4240 949 4321 quod
974 4241 1078 4308 dilata
1096 4245 1196 4311 vestri

6 4397 7 4402 ,
75 4345 176 4412 missio
199 4346 346 4429 subsidii,
370 4347 403 4412 iu
429 4367 493 4430 qno
509 4347 601 4413 nobis
627 4369 716 4432 spem
732 4347 876 4428 dedistis,
892 4369 957 4413 nou
973 4351 1069 4415 cedat
1085 4352 1119 4416 in
1137 4350 1192 4417 de·

6 4471 8 4552 1
75 4453 216 4519 1111111111
241 4461 381 4539 partem,
408 4475 470 4538 que
495 4455 621 4539 sperari
636 4462 767 4540 poterat
783 4457 817 4522 in
833 4455 989 4522 fauorem.
1005 4458 1051 4522 Et
1067 4479 1131 4524 non
1147 4480 1197 4524 so·

76 4556 135 4623 lnm
157 4561 216 4627 hec
243 4562 368 4641 dilati0,
395 4570 444 4627 sot
468 4564 638 4646 permissio
664 4564 817 4629 destinati
844 4572 878 4628 et
901 4566 1090 4630 destinandi
1122 4567 1195 4630 aub-

1028 4669 1089 4736 al*
