3220 5248
1261 1 1274 9 .
1346 1 1607 239 5733]

389 562 441 629 vel
457 561 540 626 alios
557 561 598 626 (16
614 561 685 626 iure
704 561 753 624 rel
769 561 809 626 de
825 560 923 639 laeto,
949 559 1073 626 directe
1089 561 1139 625 161
1156 559 1323 640 indirecte,
1340 559 1401 626 sub
1420 560 1522 641 indig-

390 673 522 742 natione
537 669 778 754 Omnipotentis
794 670 860 735 Dei
875 677 908 734 et
927 665 1082 736 Omnium
1099 669 1294 736 Sanctorum
1321 691 1463 749 suorum,
1485 691 1522 736 ac

391 779 452 844 sub
468 779 569 863 penis,
585 777 848 844 solemnitatibus
865 784 899 842 et
914 776 1155 844 conditionibus
1174 775 1333 856 omnibus,
1362 799 1426 861 que
1450 799 1520 844 con-

389 888 534 953 tinentur
560 888 594 952 16
608 888 730 952 11116116
745 887 915 970 utriusque
934 886 1047 970 partis,
1063 893 1097 951 et
1111 887 1359 951 instrucmentis
1385 886 1522 970 publicis

391 993 545 1060 conlectis
570 1015 668 1078 super
693 1015 774 1078 pace
799 998 832 1059 ot
857 993 1033 1059 concordia
1067 993 1242 1077 principali
1277 994 1416 1059 firmata
1442 993 1523 1060 inter

389 385 455 448 508
755 401 971 448 6116611616(
988 388 1156 445 suntuna.

391 1107 503 1188 partes
528 1100 668 1168 easdem.
698 1100 745 1166 m
769 1101 922 1166 similiter
947 1100 1027 1166 dicti
1063 1099 1307 1167 Ambaxatores
1333 1107 1369 1166 et
1393 1100 1524 1186 Syndici

391 1210 520 1276 nomine
535 1209 680 1294 ipsorum
696 1209 821 1274 domini
837 1206 1524 1276 11161661066666611611661666666661116

392 1339 522 1386 suorum
540 1321 574 1381 61
589 1305 826 1401 pertinencium
844 1316 886 1381 ad
902 1317 1008 1381 66616
1024 1318 1208 1382 eorumdem
1224 1319 1352 1384 animas
1377 1317 1525 1384 solemni·
1606 1343 1607 1346 ¹

391 1432 443 1492 ter
460 1428 650 1492 iuraverunt
664 1421 867 1509 presentium
883 1425 943 1490 sub
955 1431 1079 1491 secreto
1090 1431 1204 1491 nostro
1216 1426 1326 1510 sigillo
1337 1425 1524 1492 testimonie

391 1535 587 1615 litterarum,
603 1556 685 1618 quas
702 1531 780 1598 dum
796 1533 890 1600 nobis
908 1539 1076 1617 reportate
1091 1531 1224 1619 1161161,
1250 1535 1309 1602 sub
1334 1534 1449 1620 sigillo
1473 1559 1526 1603 66-

391 1651 460 1710 6116
476 1643 619 1728 dupplici
635 1641 790 1708 faciemus
805 1640 1056 1725 privilegialiter
1072 1663 1231 1710 emanere
1248 1641 1396 1710 Nomina
1416 1649 1521 1710 autem

396 1753 565 1819 Beronum
591 1759 786 1835 nostrorum,
820 1753 878 1835 qui
911 1751 1081 1818 nobiscum
1116 1753 1315 1834 iuraverunt,
1340 1758 1420 1818 sunt
1453 1753 1524 1817 heo²

392 1859 542 1926 dominus
559 1857 744 1944 Stephanus
760 1859 962 1943 Episcopuse
977 1859 1221 1943 Zagabriensis‚
1238 1860 1389 1926 dominns
1407 1860 1526 1926 Petrus
1606 1905 1607 1922 l

392 1969 575 2052 Episcopus
591 1967 808 2048 Bossinensis,
825 1965 974 2033 dominus
990 1967 1166 2034 Ladislaus
1183 1967 1321 2033 Electus
1346 1967 1525 2053 Vesprimi-
1606 1967 1607 1974 ’

393 2077 488 2158 66616,
512 2075 662 2140 dominus
687 2073 868 2153 Baudonus
901 2072 1040 2141 Cornuti
1075 2076 1172 2142 Prior
1206 2075 1352 2156 Ausone,
1377 2076 1525 2142 dominus

393 2182 551 2248 Nicolaus
576 2183 601 2249 J
603 2183 687 2248 udex
712 2183 811 2249 Curis
844 2190 981 2263 nostre,
1028 2183 1179 2248 dominus
1212 2182 1386 2250 Johannes
1414 2185 1525 2250 Banus

394 2291 560 2358 Dalmatie
577 2297 610 2358 et
626 2291 773 2371 Oroacie,
789 2291 941 2358 dominus
956 2291 1112 2358 Nicolaus
1130 2293 1292 2376 Magister
1303 2291 1525 2358 Tauarnicho

393 2422 465 2466 rum
480 2398 700 2483 Reginalium,
716 2401 865 2466 dominus
882 2400 1071 2486 Stephanus
1088 2399 1207 2467 (lomes
1223 2401 1266 2466 de
1283 2401 1417 2486 Posaga
1437 2401 1525 2468 etde

394 2507 487 2590 Zela,
504 2507 653 2574 dominus
663 2509 815 2574 Leuchus
825 2509 989 2593 Magister
997 2507 1229 2593 Dapiferorum
1240 2517 1273 2575 et
1287 2510 1525 2576 Pinccrnarum

395 2621 481 2681 nostr
489 2637 591 2697 orum,
607 2616 756 2683 dominus
773 2615 963 2701 Stephanus
978 2615 1096 2684 Comes
1120 2617 1350 2700 Liptoviensis,
1378 2617 1525 2684 dominus

395 2723 553 2790 Nicolaus
570 2722 686 2790 comes
703 2724 742 2790 de
758 2724 918 2790 Zemlimo
935 2731 968 2792 et
984 2723 1195 2793 Oastellanus
1209 2726 1248 2791 (16
1259 2724 1351 2793 Villa
1366 2724 1525 2804 Gufforte,

398 2831 548 2897 dominus
564 2833 755 2899 Dominicus
773 2832 980 2901 Castellanus
996 2835 1036 2900 (16
1051 2835 1182 2918 Dragul
1198 2833 1317 2902 Comes
1333 2834 1525 2918 Huntensis,

398 2939 547 3006 dominus
578 2939 612 3006 N
614 2941 738 3007 1661616
773 2939 978 3009 Secretsrins
1018 2940 1179 3009 Notarius
1217 2949 1338 3028 666161,
1378 2944 1525 3010 dominus

395 3051 584 3122 Villielmus
601 3052 818 3120 Oonsilisrius
835 3062 954 3136 noster,
971 3053 1120 3119 dominus
1135 3053 1334 3120 Franciscus
1355 3053 1397 3119 (16
1422 3052 1524 3119 Geor-

396 3163 449 3245 gio
466 3161 568 3226 miles.
583 3161 709 3228 Datum
724 3160 831 3227 Jadre
855 3163 1096 3227 decimooctavo
1121 3160 1173 3226 (116
1198 3162 1316 3226 mensis
1342 3159 1525 3243 Februarii,
1604 3241 1605 3250 ¹

396 3291 481 3335 anno
496 3269 632 3335 Domini
649 3270 819 3336 millesimo
835 3271 1063 3337 trecentesimo
1074 3270 1346 3353 quinquagesimo
1357 3275 1483 3336 octavo.
1603 3285 1605 3312 ³

504 3416 538 3478 (A
554 3417 654 3466 »Liber
667 3417 831 3469 Paetorum«
852 3418 941 3468 czlnrll
974 3419 1116 3470 velenczei
1147 3417 1386 3482 allamkdnyvbdl.
1415 3417 1448 3469 V.
1468 3417 1524 3466 1611
1603 3477 1605 3484 y

397 3511 457 3556 399.
472 3505 511 3557 sk.
526 3506 566 3567 11.)

396 3699 445 3784 D)
482 3701 676 3786 Jegyzoi
714 3701 900 3788 olrmtny
937 3701 964 3769 Ι.
1002 3702 1141 3787 Lajos
1188 3699 1436 3788 kirtlynak
1481 3701 1526 3786 B)
1604 3699 1605 3706 '

652 3807 793 3874 clatti
817 3808 1158 3893 kiadvhnyardl.
1185 3813 1281 3875 1358.

504 3933 546 3999 In
573 3934 706 4000 Christo
731 3934 861 4002 nomine
887 3930 1003 3999 Arnen.
1036 3931 1119 3999 (lum
1145 3955 1241 4018 snper
1266 3935 1441 4021 (1166611116,
1465 3959 1525 4021 que

395 4043 587 4109 vertebatur
596 4043 682 4109 inter
693 4041 944 4110 Serenissimum
955 4042 1141 4125 Dominum,
1151 4042 1523 4112 dominumLudoricum

396 4151 461 4217 Dei
487 4153 597 4233 gratia
622 4151 785 4216 illustrem
809 4149 934 4235 Regem
950 4149 1124 4234 Hungarie
1139 4173 1178 4217 ex
1194 4173 1261 4218 una
1286 4159 1391 4236 parte,
1415 4159 1450 4218 61
1472 4152 1523 4219 (16·

396 4259 519 4326 minum
535 4261 663 4327 Ducem
681 4267 713 4325 61
729 4259 908 4327 Commune
926 4259 1145 4330 Veneciarum
1160 4282 1200 4326 ex
1215 4261 1330 4346 altera,
1354 4263 1523 4346 preceden-

396 4367 484 4432 tibus
510 4369 621 4434 multis
646 4370 844 4435 tractatibus
870 4371 958 4434 inter
981 4371 1088 4452 ipsum
1114 4369 1280 4436 dominum
1311 4371 1449 4456 Regem,
1472 4391 1523 4436 661

397 4477 546 4543 Berones
572 4487 604 4543 61
630 4478 844 4546 066611161166
870 4500 955 4561 61166,
981 4485 1014 4545 61
1035 4480 1243 4546 honorabiles
1268 4481 1356 4546 viros
1382 4482 1522 4548 dominos

398 4585 537 4656 Petrum
571 4585 786 4670 Trivisanum,
812 4571 1001 4653 Johannem
1031 4584 1218 4655 Gredonico
1244 4593 1277 4654 et
1309 4585 1522 4656 Beneintendi
