3134 5252
390 385 455 456 144
563 455 567 462 ,
739 401 975 456 umaousczvur
991 395 1159 456 suranna

387 568 432 634 ad
455 563 556 634 Suam
579 565 801 654 Maiestatem,
820 591 878 636 nos
894 578 926 638 et
942 575 1057 637 nostra
1083 565 1318 653 communitas,
1335 568 1375 637 de
1392 568 1532 660 quibus·

389 697 515 761 cunque
541 675 719 746 honoribus
734 685 768 744 et
782 678 889 763 gloria
906 676 970 747 Sue
986 679 1174 748 Maiestatis
1189 679 1369 764 plurimum
1385 701 1534 764 congau-

392 783 505 851 demus
529 791 700 871 tamquam
726 785 933 854 serenissimi
966 795 999 854 et
1024 787 1208 856 honorandi
1231 788 1330 854 amici
1356 795 1390 854 et
1415 787 1532 854 affinis

391 891 707 974 nost1i,affeotantes
724 900 937 979 augmentum
946 902 980 961 et
991 897 1268 964 conservationem
1284 902 1391 962 status
1408 895 1534 962 Excel-

391 1001 490 1068 lentie
515 1001 581 1068 Sue
605 1004 695 1070 volut
718 1004 898 1089 proprium,
922 1027 995 1071 eum
1021 1006 1170 1087 sciamus,
1189 1005 1404 1071 Maiestatem
1424 1002 1532 1070 Suam

393 1109 531 1193 diligere
546 1131 563 1176 e
579 1112 746 1178 contrario
762 1118 907 1178 nostrum
920 1112 1077 1178 honorem
1094 1117 1128 1177 et
1144 1116 1275 1195 statum,
1294 1117 1327 1178 et
1343 1112 1390 1177 sio
1408 1132 1532 1196 cogno·

392 1217 493 1283 vimus
509 1239 567 1302 per
583 1217 732 1285 effectum
741 1219 774 1285 in
785 1219 959 1304 magnifica
975 1219 1140 1287 oblatione
1156 1241 1215 1304 per
1232 1240 1305 1286 eum
1320 1220 1414 1287 nobis
1428 1218 1533 1300 iacta,

391 1345 456 1391 non
481 1330 532 1392 est
556 1323 623 1408 diu,
647 1327 688 1393 de
714 1333 810 1410 gente
828 1349 886 1396 sua
902 1327 946 1394 ad
961 1334 1110 1394 nostrum
1126 1327 1299 1394 servicium
1315 1334 1430 1393 contra
1444 1325 1532 1392 Jad·

394 1453 476 1502 ram.
501 1433 548 1498 Et
573 1433 647 1500 ideo
673 1436 892 1518 regratiamur
918 1433 984 1502 Sue
1008 1433 1178 1502 Maiestati
1203 1433 1244 1500 de
1262 1455 1309 1516 eo,
1326 1434 1414 1518 quod
1429 1435 1529 1500 uobis

395 1546 474 1607 nota
490 1539 570 1607 iacit
590 1541 658 1607 eius
674 1542 796 1627 gaudia
813 1549 846 1608 et
861 1542 1011 1625 honores,
1021 1563 1082 1627 que
1094 1549 1190 1627 grata
1208 1542 1434 1627 multipliciter
1449 1548 1529 1608 sunt

393 1650 655 1734 animisnostris,
671 1651 727 1732 qui
742 1651 940 1734 suplicamus
959 1650 1129 1732 altissimo,
1150 1648 1238 1735 quod
1253 1651 1394 1716 honoras
1411 1655 1443 1714 et
1459 1649 1527 1714 Ex-

393 1743 579 1824 cellentiam
596 1754 694 1824 Suam
712 1765 881 1824 conservet
896 1766 930 1825 et
944 1765 1066 1844 augeat
1081 1759 1171 1824 iuxta
1187 1764 1307 1826 votum.

502 1863 560 1930 Ad
583 1863 707 1931 factum
731 1887 805 1932 vero
831 1867 968 1946 unionis,
984 1888 1081 1950 quam
1109 1867 1195 1932 inter
1211 1867 1316 1950 ipsum
1332 1872 1365 1931 et
1381 1885 1439 1930 nos
1456 1863 1526 1929 fieri

395 1977 481 2060 petit
495 1995 555 2060 pro
572 1975 767 2060 aquisitione
783 1975 920 2060 Imperii
937 1973 1257 2059 Constantinopolim
1275 1973 1526 2058 respondeatur,

396 2082 485 2168 quod
504 2085 633 2152 animus
658 2090 770 2150 noster
785 2105 912 2169 semper
928 2085 1039 2151 unitus
1059 2091 1092 2150 et
1107 2083 1282 2151 conformis
1299 2090 1349 2149 est
1364 2082 1408 2148 ad
1423 2080 1523 2166 queli-

395 2189 451 2278 bet
476 2187 542 2256 Sue
567 2190 753 2257 Maiestatis
781 2189 989 2275 beneplacita
1013 2197 1045 2257 et
1069 2194 1227 2275 honores;
1254 2212 1364 2256 verum
1390 2194 1523 2273 propter

396 2317 549 2382 guerram
574 2304 729 2383 nostram,
753 2319 853 2381 quam
878 2299 1123 2383 presentialiter
1150 2299 1306 2366 habemus
1337 2303 1454 2364 contra
1468 2295 1525 2362 Ja-

397 2405 500 2490 dram,
525 2411 558 2471 et
582 2412 716 2490 propter
740 2407 846 2472 multa
870 2407 998 2490 agenda
1024 2407 1066 2476 ad
1085 2427 1216 2492 presens
1233 2405 1456 2472 incumbentia
1470 2421 1520 2468 no

397 2518 465 2580 stro
474 2512 639 2595 Dominio,
654 2520 688 2580 et
703 2515 801 2580 etiam
818 2514 1077 2583 consideratione
1092 2521 1304 2599 treuguarum
1319 2512 1521 2579 existentium

397 2622 482 2688 inter
507 2621 684 2706 Imperium
700 2621 862 2688 Romanis
880 2629 915 2690 et
929 2622 1009 2706 Nos,
1025 2621 1228 2689 firmatarum
1244 2643 1317 2688 cum
1333 2620 1519 2696 iuramento,

399 2749 482 2814 quas
498 2750 563 2796 non
579 2736 664 2796 esset
679 2728 728 2797 las
744 2731 866 2798 violare
882 2729 1003 2815 absque
1021 2731 1234 2816 derogatione
1250 2729 1384 2797 honoris
1401 2733 1434 2794 et
1449 2725 1518 2792 fidei

398 2843 510 2903 nostre
525 2835 613 2922 apud
628 2836 736 2904 Deum
751 2844 784 2904 et
800 2837 965 2924 mundum,
980 2837 1023 2905 ad
1039 2837 1160 2904 factum
1176 2837 1263 2904 dicte
1280 2837 1410 2904 unionis
1426 2836 1519 2901 inten-

399 2945 478 3013 dere
502 2967 567 3012 non
593 2967 779 3032 possemus3
802 2947 984 3016 recedendo
1009 2946 1131 3015 afaeto
1148 2968 1221 3014 eum
1237 2945 1303 3013 illis
1319 2951 1353 3013 et
1368 2944 1441 3013 aliis
1456 2941 1517 3030 pul·

400 3056 464 3124 oris
480 3053 597 3138 verbis,
613 3075 676 3142 que
696 3055 900 3124 videbuntur.
1247 3096 1251 3110 ·

507 3163 564 3232 Ad
588 3163 632 3246 id,
656 3165 745 3248 quod
769 3165 901 3248 petitur,
925 3163 1016 3249 quod
1039 3161 1248 3233 Ambaxator
1273 3160 1376 3246 Regis
1391 3154 1517 3247 predicti

399 3275 505 3362 possit
529 3276 653 3339 intrare
678 3271 854 3340 Civitatem
873 3272 899 3338 J
899 3273 978 3340 adro
993 3295 1053 3357 pro
1069 3272 1247 3340 tractando
1263 3271 1384 3338 bonum
1398 3287 1516 3336 coneor-

366 3456 370 3464 ,
401 3383 454 3449 die
478 3384 563 3448 inter
590 3400 649 3447 nos
666 3385 698 3444 et
713 3379 919 3466 Jadratinos,
934 3381 1189 3466 respondeatur:
1206 3379 1295 3463 qued
1311 3379 1516 3464 regratiamur

401 3490 539 3557 multum
565 3488 605 3554 de
630 3489 815 3556 huiusmodi
832 3507 891 3556 suo
906 3488 992 3557 bono
1008 3490 1183 3574 proposito,
1199 3493 1431 3572 cognoscentes
1445 3479 1514 3552 illud

401 3597 577 3684 procedere
602 3618 642 3662 ex
667 3598 755 3664 omni
778 3597 865 3665 boue
889 3618 990 3664 causa
1014 3603 1048 3663 et
1072 3595 1253 3680 affectione,
1269 3615 1370 3680 quam
1385 3595 1466 3681 gerit
1479 3587 1514 3656 ed

401 3714 547 3776 nostrum
562 3703 760 3773 Dominium.
785 3704 909 3777 Verum
928 3713 1037 3774 tamen
1054 3706 1309 3786 considerantes,
1326 3703 1415 3789 quod
1431 3697 1514 3768 domi·
1549 3795 1550 3798 Ἴ

402 3837 463 3882 nus
479 3865 486 3881 .
503 3863 535 3882 ..
559 3812 751 3902 Delphynus
777 3811 984 3898 Viennensis,
1008 3813 1163 3880 accedens
1187 3813 1291 3898 pridie
1318 3812 1361 3879 ad
1386 3815 1513 3877 sanctum
1548 3827 1550 3830 ·

402 3924 574 3993 servicium
589 3927 704 3990 contra
722 3920 879 4008 Tarchos,
895 3920 964 3989 zelo
980 3923 1080 3988 etiam
1095 3922 1224 3987 virtutis
1239 3926 1359 4004 motus,
1374 3920 1458 3986 misit
1471 3935 1513 3980 no-

401 4033 453 4102 bis
475 4033 585 4100 inseiis
609 4031 745 4098 nuncios
770 4051 844 4098 suos
868 4033 903 4099 in
928 4032 954 4097 J
955 4031 1079 4110 adram,
1103 4027 1262 4098 movendo
1278 4027 1514 4096 Jadratiuisua·
1547 4091 1549 4124 ὲ

403 4142 479 4210 stris
506 4139 681 4209 rebellibus
705 4139 807 4207 verba
831 4138 1125 4220 reconciliationis;
1151 4139 1208 4223 qui
1236 4135 1409 4204 dadratini
1425 4137 1455 4200 in
1468 4149 1513 4197 sua

403 4248 612 4332 malignitate
629 4255 661 4314 et
677 4249 828 4333 nequicia
843 4252 1090 4332 perseverantes
1106 4246 1354 4330 responderunt,
1365 4266 1399 4310 se
1415 4241 1454 4310 ad
1467 4239 1514 4304 hoc
1545 4227 1549 4314 i

403 4356 573 4423 intendere
598 4379 663 4423 non
686 4357 793 4424 valere
815 4356 938 4441 absque
955 4377 1107 4441 expresso
1124 4355 1280 4422 mandato
1296 4353 1418 4420 domini
1433 4345 1513 4429 Regis

404 4461 586 4549 Hungarie.
601 4466 646 4532 Et
661 4464 739 4531 lieet
753 4465 813 4534 hec
829 4466 928 4534 verba
943 4469 1076 4548 portata
1091 4463 1214 4530 fuerim
1237 4467 1350 4547 preter
1365 4457 1511 4526 scientiam
1546 4467 1548 4478 ·

405 4579 562 4657 uestram,
578 4575 734 4657 suspicati
751 4573 891 4659 luerunt,
915 4573 972 4640 illa
997 4573 1171 4658 procedere
1196 4572 1239 4638 ad
1255 4577 1400 4636 nostram
1413 4568 1513 4632 instas·
