3220 5248
237 311 240 323 ¹
343 293 406 358 572
697 291 931 356 nrrnouaczmr
948 295 1115 355 ancusae.

1385 10 1603 378 *r

340 471 508 537 devotione
535 478 568 536 et
592 470 786 552 reverentia,
812 489 911 552 quam
937 467 1060 533 babent
1084 467 1267 534 addictam
1282 465 1421 551 Regiam
1438 472 1473 532 et
1602 473 1603 476 ’

250 592 253 607 ’
339 579 533 662 Reginalem
548 577 767 658 Maiestatem,
783 577 954 643 credentes
971 577 1069 642 etiam
1084 577 1118 642 in
1134 578 1196 644 boc
1204 577 1328 643 seruire
1344 577 1472 642 illustri

339 689 470 755 domino
497 685 583 772 Regi
614 685 763 771 Ungarie
792 686 934 752 Domino
966 706 1085 771 eorum,
1117 706 1190 752 oum
1223 687 1329 751 sciant
1360 686 1472 769 ipsum

340 819 411 864 cum
427 796 516 863 dicta
530 795 710 863 Maiestate
726 816 796 861 esse
813 816 913 861 unum
929 801 962 860 et
978 794 1073 877 idem,
1089 799 1124 860 et
1138 793 1284 860 habeant
1295 815 1315 858 a
1325 793 1472 859 Domino

339 927 450 972 eorum
466 904 560 987 Rege
576 904 724 990 Ungarie
754 903 951 988 supradicto,
977 925 1076 988 super
1089 904 1152 970 hoc
1168 903 1310 988 speciale
1332 901 1473 969 manda·
1601 905 1603 918 '

339 1019 417 1092 turn,
442 1014 643 1097 promictunt
667 1012 773 1079 eidem
797 1010 967 1078 Maiestati
993 1011 1099 1095 Regie
1123 1019 1157 1078 et
1178 1009 1345 1096 Reginali,
1360 1011 1472 1077 facere
1601 1013 1603 1048 ³

339 1128 444 1188 totum
460 1130 493 1188 et
508 1123 657 1189 ultimum
673 1143 769 1205 posse
785 1143 906 1202 eorum,
921 1143 983 1205 per
999 1142 1109 1187 ensem
1125 1127 1158 1187 et
1174 1141 1341 1187 armorum
1355 1125 1473 1205 poten·

336 1231 418 1296 tiam
434 1236 469 1296 et
483 1253 547 1298 non
557 1231 663 1310 ahter,
674 1230 836 1314 expellere
847 1229 1028 1296 debellatos
1038 1235 1072 1295 et
1086 1229 1217 1313 fugatos
1227 1229 1266 1295 de
1279 1229 1341 1295 hoc
1350 1228 1471 1313 Regno

339 1338 557 1407 Theotonicos
582 1359 691 1405 omnes
719 1346 752 1403 et
777 1339 859 1404 alias
879 1345 993 1422 gentes
1009 1338 1232 1420 cuiuscunque
1248 1337 1392 1404 nationis
1408 1337 1472 1402 eis·

338 1447 413 1513 dem
438 1445 647 1513 Theotonicis
673 1445 868 1512 adherentes
885 1452 919 1511 et
934 1445 1111 1512 existentes
1127 1445 1161 1510 in
1178 1443 1346 1511 Societate
1361 1441 1471 1510 Anni·
1601 1417 1603 1476 2

339 1555 426 1622 cbini
444 1553 484 1620 de
500 1555 684 1637 Mongardo
702 1555 735 1619 in
758 1554 845 1620 dicto
876 1554 994 1638 Regno
1026 1554 1208 1635 existentis,
1240 1557 1273 1618 et
1303 1552 1471 1618 debellare
1601 1613 1603 1622 .

337 1665 435 1747 ipsos,
460 1667 493 1728 et
517 1684 572 1728 eos
597 1667 744 1729 mortuos
770 1663 820 1728 vel
845 1663 991 1746 captivos
1015 1661 1146 1728 tradere
1163 1662 1198 1726 in
1213 1661 1363 1728 manibus
1380 1661 1470 1728 dicte

337 1773 525 1839 Maiestatis
550 1773 662 1857 Regis,
677 1774 729 1838 vel
754 1774 891 1839 alterius
916 1774 967 1838 eui
991 1773 1078 1840 dicta
1094 1772 1254 1839 Maiestas
1269 1773 1350 1856 ipsis
1367 1771 1470 1854 assig-

337 1882 409 1946 nari
434 1880 620 1964 mandabit;
644 1902 702 1946 nec
728 1881 877 1948 desinent
901 1883 1053 1966 persequi
1078 1882 1294 1948 Theotonicos
1319 1882 1409 1964 ipsos
1435 1885 1469 1944 et

337 1996 449 2071 gentes
477 1991 557 2073 ipsis
582 1991 786 2074 adherentes,
806 1990 911 2055 donec
927 2013 999 2056 cum
1015 1991 1137 2057 auxilio
1153 1990 1217 2056 Dei
1234 1988 1386 2074 predicta
1401 1987 1468 2055 fue·

337 2099 404 2163 rint
428 2099 564 2164 realiter
588 2100 765 2182 assequuti,
790 2119 863 2164 curn
889 2101 1128 2166 deliberacione
1154 2106 1187 2165 et
1211 2105 1310 2184 pacto
1343 2097 1468 2164 habitis

338 2207 523 2289 specialiter
547 2212 579 2272 et
605 2229 764 2292 expresse.
789 2206 940 2293 Quodsi
967 2209 1055 2274 dicta
1081 2207 1270 2294 Companea
1295 2205 1467 2272 Anachini

337 2312 474 2397 predicti
486 2315 534 2379 rel
545 2337 622 2399 pars
637 2316 739 2399 ipsius
755 2316 859 2382 exiret
875 2316 915 2381 de
925 2315 1041 2400 Regno
1052 2315 1200 2400 predicto
1210 2337 1275 2381 non
1290 2314 1468 2394 destructa

337 2443 401 2487 non
433 2423 600 2489 debellata
631 2429 663 2489 et
693 2425 736 2490 ad
777 2424 1002 2490 exterminium
1044 2424 1185 2506 deducta
1223 2446 1282 2508 per
1311 2421 1468 2507 Ungeros

337 2531 552 2614 supradictoa
577 2539 613 2598 ut
638 2533 788 2616 superius
814 2533 937 2599 dictum
956 2538 1024 2613 est;
1049 2531 1135 2615 quod
1159 2529 1290 2616 Ungari
1316 2533 1379 2616 ipsi
1395 2532 1466 2615 ipso

336 2638 423 2705 sacto
455 2641 583 2723 possint
615 2645 720 2724 argui,
736 2644 842 2707 teneri
858 2647 892 2708 et
921 2643 1066 2725 reputari
1098 2641 1138 2706 de
1169 2640 1233 2707 fide
1248 2641 1365 2721 fracta,
1381 2647 1414 2706 ct
1430 2648 1467 2706 ut

335 2747 503 2813 manifesti
527 2749 712 2833 proditores
738 2749 826 2834 apud
853 2747 959 2815 Deum
989 2757 1021 2815 et
1046 2749 1229 2834 predictum
1254 2749 1380 2832 Regem
1397 2750 1465 2815 Uu-

336 2858 417 2939 gria,
442 2863 475 2922 et
491 2856 611 2923 dictam
626 2856 840 2924 Maiestatem
855 2858 1003 2942 Regiam,
1019 2865 1052 2924 et
1068 2859 1150 2924 alios
1168 2859 1279 2924 mundi
1296 2857 1465 2940 Dominae,

335 2970 368 3030 et
384 2984 494 3030 omnes
510 2963 656 3030 homines
673 2968 791 3032 merito
807 2971 1007 3050 reputenter.

440 3073 528 3138 Item
553 3073 759 3158 promictunt,
782 3081 820 3140 ut
836 3097 937 3160 supra
953 3076 1073 3141 dictum
1091 3081 1148 3156 est,
1165 3074 1254 3159 quod
1270 3076 1373 3141 donec
1388 3097 1462 3158 pre·

335 3179 425 3245 dicta
441 3181 623 3246 executioni
639 3182 850 3262 mandabunt,
865 3182 976 3249 fideles
993 3183 1079 3248 dicte
1095 3183 1284 3249 Maiestatis
1301 3191 1415 3263 terras,
1432 3189 1464 3248 et

334 3289 479 3355 vaxallos
505 3290 650 3374 ipsorum
674 3290 756 3357 bene
782 3291 982 3376 tractabunt,
1007 3298 1042 3357 et
1067 3293 1100 3356 in
1124 3293 1283 3374 personis,
1308 3291 1399 3357 bonis
1431 3297 1463 3355 et

333 3396 431 3463 rebus
442 3418 555 3463 eorum
564 3419 630 3464 non
639 3397 780 3465 inferent
790 3400 976 3484 dampnum,
986 3399 1216 3483 neciniuriam‚
1227 3398 1462 3465 disrobationes

334 3506 385 3570 vel
401 3505 630 3588 oppressiones
646 3506 786 3589 aliquas,
802 3529 862 3572 nec
877 3508 998 3574 facient
1014 3507 1161 3590 aliquam
1177 3507 1316 3586 noxiam,
1342 3507 1463 3572 novita-

333 3621 417 3693 tem;
441 3619 473 3678 et
488 3635 549 3698 pro
566 3613 770 3698 victualibus,
800 3638 863 3699 que
895 3639 914 3682 a
945 3615 1045 3682 terris
1078 3623 1109 3682 et
1140 3615 1277 3684 vaxallis
1308 3614 1462 3699 predictis

333 3721 500 3805 recipient,
525 3723 726 3790 satisfacient
750 3726 784 3790 in
818 3747 909 3809 pace,
943 3747 1001 3792 nec
1034 3725 1156 3791 facient
1190 3726 1287 3792 alicui
1319 3726 1461 3808 aliquam

332 3825 529 3897 violentiam.

441 3938 527 4003 Item
543 3939 742 4024 promictunt
764 3946 927 4025 utsupra,
944 3943 1032 4023 quod
1048 3943 1157 4026 posita
1173 3963 1246 4008 cum
1262 3941 1384 4008 auxilio
1399 3941 1461 4006 Dei

332 4048 366 4112 in
392 4049 580 4114 executione
605 4049 754 4133 predicta
778 4051 990 4133 promissione
1021 4056 1166 4135 ipsorum
1198 4050 1238 4116 de
1270 4049 1459 4134 expellendo

333 4155 374 4222 dc
399 4156 515 4240 Regno
542 4157 762 4224 Theotonicos
788 4159 993 4240 supradictos
1019 4167 1051 4224 et
1068 4166 1179 4243 gentes
1196 4160 1243 4224 eis
1260 4159 1459 4241 adherentes,

333 4269 366 4328 et
397 4267 485 4350 ipsos
516 4265 720 4347 debellanda,
751 4272 931 4350 captosque
961 4266 1130 4332 reddendo
1159 4268 1191 4332 in
1207 4267 1358 4332 manibus
1374 4265 1457 4332 dicte

332 4373 530 4455 Maiestatis
556 4380 592 4439 ut
609 4373 733 4439 dictum
749 4378 807 4454 est,
823 4373 936 4440 statim
962 4375 1024 4458 ipsi
1039 4373 1168 4457 Ungari
1191 4396 1303 4440 omnes
1330 4373 1459 4440 exibunt

333 4479 374 4553 de
391 4481 478 4547 dicto
494 4481 610 4567 Regno
627 4484 696 4548 sinc
711 4482 853 4572 dampno
869 4488 902 4548 et
917 4483 1080 4554 violentiis
1090 4483 1265 4568 regnicolis
1275 4482 1456 4564 inferend05
