3214 5260
345 353 411 420 604
670 355 672 362 ’
703 370 938 418 nrrnouaozrar
955 355 1122 413 nandans.

342 530 510 616 justiciam
538 536 570 594 et
585 530 759 611 honorem;
784 537 818 594 et
833 553 851 595 e
868 550 1021 594 converso
1037 530 1072 593 in
1087 547 1199 592 eorum
1225 527 1326 592 terris
1342 531 1377 590 et
1392 525 1479 592 insu-

344 637 387 704 lis
403 637 466 721 ipsi
481 638 706 720 promiserunt
731 660 766 704 se
790 638 935 704 facturos
960 636 1043 702 illud
1059 635 1153 700 idem
1170 635 1328 701 Preterea
1344 636 1480 718 proruit·

322 763 325 770 '
346 746 444 812 timus
461 745 558 812 verbo
575 752 686 811 uostro
711 746 828 828 Regio,
852 747 1022 811 uniuersos
1049 749 1083 809 et
1100 744 1245 827 singulos
1261 745 1357 824 cives,
1373 741 1481 808 subdi·

219 839 229 918 .’
346 857 399 918 tos
423 858 456 917 et
480 850 590 918 fideles
614 853 718 937 ipsius
744 853 866 920 domini
881 853 984 918 Ducis
1000 858 1033 917 at
1049 851 1240 918 Communis
1262 849 1480 918 Veneoiarum

345 961 512 1026 venientes
537 961 578 1026 ad
604 967 720 1041 terras,
744 969 859 1046 portus
875 967 909 1027 et
925 960 1050 1026 insulas
1066 966 1101 1026 et
1115 959 1190 1026 loca
1204 979 1331 1043 queque
1349 958 1480 1024 subdita

249 1117 251 1122 -
346 1068 589 1152 presentialiter
614 1075 648 1134 et
674 1072 707 1134 in
733 1069 878 1135 futurum
905 1068 1075 1134 Maiestati
1092 1069 1225 1147 Nostre,
1241 1067 1357 1132 haberi
1373 1066 1480 1132 farore

348 1175 455 1241 salvos
471 1180 505 1240 et
520 1195 651 1241 securos
666 1198 740 1242 cum
755 1178 915 1260 personis,
941 1176 1036 1242 bonis
1053 1181 1087 1240 et
1102 1175 1243 1257 navigiis
1268 1173 1480 1256 atquerebus

348 1280 541 1362 eorundem
565 1285 653 1366 quod
676 1306 788 1350 secure
813 1291 847 1350 at
872 1284 979 1366 quiete
995 1289 1133 1367 possunt
1146 1284 1203 1362 ire,
1220 1288 1309 1347 stare
1325 1288 1358 1346 et
1374 1281 1480 1347 redire

348 1409 388 1454 ao
403 1391 547 1464 transire
564 1413 623 1476 per
640 1393 745 1458 dictos
760 1400 884 1477 portus,
900 1398 1008 1457 terras
1024 1398 1058 1457 et
1072 1391 1146 1460 loca
1160 1413 1234 1456 curn
1249 1391 1481 1472 navigiis,per-

349 1497 438 1562 sonis
465 1503 498 1562 et
521 1500 739 1568 mercimoniis
756 1500 840 1582 suis;
863 1519 937 1585 ymo
954 1501 1044 1583 ipsos
1059 1498 1276 1565 tractabimus
1292 1506 1325 1564 et
1340 1500 1481 1566 tractari

350 1603 496 1670 volumus
514 1605 654 1673 dulciter
670 1614 703 1672 et
719 1609 859 1692 benigne
879 1608 940 1672 sub
956 1607 1068 1673 farore
1086 1615 1117 1673 et
1133 1609 1242 1690 gratia
1257 1613 1392 1688 uostra3
1415 1614 1450 1673 et
1464 1629 1481 1671 e

349 1717 464 1780 contra
487 1713 574 1778 idem
599 1714 749 1781 dominus
764 1717 841 1782 Dux
857 1722 891 1781 et
907 1715 1085 1782 Commune
1099 1716 1260 1782 tractabit
1274 1723 1408 1781 nostros
1424 1715 1481 1782 tuli

231 1835 237 1852 ·
349 1819 477 1886 vinculo
501 1823 673 1888 interiecto
697 1825 731 1888 in
756 1825 916 1907 predictis
942 1824 1091 1890 omnibus
1115 1831 1150 1888 et
1174 1823 1322 1906 singulis.
1341 1821 1482 1906 Quodsi

350 1929 496 2012 parcium
521 1932 635 2013 aliqua
661 1933 737 1998 huic
771 1933 971 1998 ordinationi
1002 1941 1037 1998 et
1067 1932 1278 2016 dispositioni,
1309 1931 1482 1997 concordie

351 2043 449 2122 atque
464 2039 537 2120 paci
561 2039 721 2106 niteretur
746 2043 921 2120 contraire,
946 2048 979 2107 et
1003 2061 1074 2106 eam
1098 2040 1278 2122 infringere
1294 2039 1345 2104 vel
1361 2039 1481 2122 violare

351 2153 536 2228 conaretur,
559 2149 686 2234 aliquas
711 2158 828 2234 terras,
854 2155 974 2230 castra,
998 2151 1121 2216 insulas
1146 2155 1202 2214 aut
1217 2155 1335 2232 portus
1351 2147 1395 2212 de
1410 2146 1481 2226 hiis,

351 2275 415 2338 que
429 2257 624 2322 renunciata
640 2265 723 2340 sunt,
739 2259 930 2342 occupando
946 2257 996 2324 vel
1012 2256 1110 2323 aliter
1123 2257 1197 2340 paci
1206 2254 1481 2334 contrafaciendo,

351 2367 469 2430 extunc
484 2387 563 2448 pars
579 2367 685 2432 altera
701 2367 735 2431 id
752 2366 828 2433 Sodi
854 2367 1046 2450 Apostolioe
1067 2366 1220 2432 intimare
1235 2365 1365 2446 debeat,
1382 2369 1415 2428 et
1429 2361 1481 2426 do·

352 2472 458 2538 minus
483 2473 577 2556 Papa
602 2474 712 2556 vigore
736 2473 986 2558 omologationis
1011 2481 1044 2539 et
1069 2474 1244 2557 potestatis
1260 2473 1336 2538 date
1351 2493 1412 2555 per
1428 2490 1494 2566 uos·

353 2587 387 2645 et
411 2600 470 2664 per
494 2582 582 2664 ipsos
608 2588 719 2648 tenore
744 2583 946 2666 presentium
971 2582 1156 2648 litterarum
1172 2588 1322 2647 teneatur
1348 2585 1383 2644 et
1407 2577 1482 2642 uelit

352 2688 440 2754 infra
466 2691 609 2772 spacium
633 2691 730 2756 unius
755 2691 875 2756 mensis
900 2691 1091 2774 simpliciter
1117 2691 1215 2756 etde
1240 2690 1340 2773 plano
1361 2688 1481 2770 absque

354 2798 495 2881 strepitu
521 2804 554 2862 et
577 2799 683 2880 figura
703 2797 727 2862 J
730 2798 837 2880 odiali,
853 2798 957 2863 solum
973 2807 1105 2882 recepta
1120 2797 1184 2864 fide
1200 2805 1234 2864 et
1249 2796 1482 2862 certificatione

353 2905 537 2972 violationis
553 2915 586 2972 et
601 2907 806 2973 infractionis
822 2906 996 2989 antedicto,
1012 2909 1045 2972 in
1061 2927 1217 2991 personas
1232 2908 1282 2972 vel
1298 2904 1482 2976 Communi·
1605 2931 1606 2934 ¹

354 3018 456 3079 tatem
472 3013 960 3096 contrafacientemsententias,
980 3015 1483 3081 videlicetinterdiotietexcom·
1519 3083 1525 3089 ,

354 3121 579 3187 manicationis
595 3121 801 3206 proferendo,
820 3146 840 3188 a
860 3145 926 3206 qua
941 3123 1127 3188 nullatenus
1142 3122 1367 3203 absolvantur,
1384 3122 1483 3186 donec

355 3250 413 3312 per
428 3235 556 3312 partem
572 3229 754 3312 predictam
780 3229 1020 3314 infrangentem
1035 3229 1087 3296 'rel
1103 3230 1289 3314 infrangere
1307 3250 1483 3313 procuran-

354 3341 420 3401 tem
445 3338 532 3420 parti
556 3337 653 3401 alteri
678 3336 865 3402 observanti
892 3337 1040 3422 satisfiat,
1055 3345 1154 3422 prout
1169 3340 1232 3403 erit
1247 3341 1379 3418 iustum,
1395 3337 1483 3402 illum

354 3443 404 3508 rel
429 3442 503 3508 illos
528 3444 756 3510 nichilominus
782 3446 1008 3512 denunciando
1023 3445 1199 3529 fidefragos
1216 3451 1250 3510 et
1265 3446 1423 3528 periuros
1449 3443 1484 3510 Si

354 3559 463 3619 autem
488 3553 600 3636 aliqua
625 3553 745 3618 damna
761 3555 811 3618 vel
827 3555 945 3618 iniuria
961 3559 1018 3619 aut
1035 3554 1228 3619 offensiones
1244 3556 1483 3620 committeren-

354 3667 409 3724 tur
434 3681 493 3743 per
517 3658 664 3725 subditos
688 3666 900 3745 utrorumque
924 3662 1085 3743 alterutri,
1111 3685 1151 3727 ex
1174 3671 1253 3728 tuno
1279 3683 1339 3746 per
1359 3683 1419 3727 nos
1435 3661 1485 3724 rel

354 3776 486 3834 nostros
502 3766 669 3835 Officiales
694 3767 841 3833 locorum
866 3769 1010 3852 ipsorum
1026 3776 1057 3834 et
1072 3771 1232 3836 Rectores
1247 3769 1485 3853 pertinentibus

354 3876 398 3942 ad
414 3875 554 3956 eosdem,
569 3882 603 3941 et
619 3897 678 3961 per
694 3879 782 3960 ipsos
798 3878 851 3942 vel
865 3899 976 3944 eorum
986 3879 1143 3945 Rectores
1154 3885 1188 3945 et
1198 3879 1376 3960 Officiales,
1387 3877 1487 3962 perti·

355 3985 507 4051 uentibus
532 3985 575 4049 ad
600 4007 668 4068 nos,
683 3984 769 4050 infra
785 3987 932 4069 spacium
949 3988 1042 4053 unius
1059 3990 1177 4052 mensis
1192 4007 1213 4052 a
1228 3994 1374 4070 tempore
1391 3983 1487 4070 depo-

356 4094 417 4159 sita
434 4093 567 4175 querele
592 4094 743 4178 plenaria
769 4094 951 4160 satisfactio
966 4095 1193 4178 impendatur3
1210 4116 1343 4180 necper
1359 4096 1422 4161 hoo
1437 4117 1487 4160 or·
1603 4125 1604 4128 ¹

351 4199 480 4267 dinatio
505 4210 539 4268 et
564 4203 742 4288 dispositio,
768 4203 942 4270 concordia
967 4209 1000 4268 et
1025 4226 1089 4288 pax
1113 4204 1342 4289 intelligantur
1358 4205 1487 4283 violata

352 4308 416 4374 sed
440 4309 474 4373 in
500 4331 560 4375 sua
584 4310 742 4376 firmitate
766 4311 908 4376 debeant
932 4332 1133 4396 permanere,
1158 4313 1201 4378 ad
1221 4332 1284 4396 que
1299 4333 1360 4378 nos
1376 4318 1411 4378 et
1426 4310 1485 4396 ipsi

355 4421 536 4499 spontanea
552 4439 610 4483 nos
628 4421 810 4504 obligamus
826 4419 1003 4484 voluntate.
1020 4421 1186 4487 Promissa
1202 4427 1311 4488 autem
1327 4421 1438 4485 omnia
1454 4425 1487 4483 et
1601 4427 1603 4432 '

353 4523 488 4606 singula
520 4547 592 4596 cum
621 4527 843 4612 infrascriptis
874 4528 995 4594 nostris
1011 4529 1197 4597 Beronibus
1229 4536 1262 4596 et
1287 4528 1485 4606 Proceribus
