3134 5252
569 355 664 417 1346.
689 399 691 406 Α
1118 362 1186 444 ras=

162 531 322 614 Capta:
348 531 393 596 nt
417 530 444 594 si
468 552 530 614 pro
554 539 647 614 parte
664 532 787 599 domini
802 534 905 615 Regis
919 541 1110 617 tangeretur
1126 537 1182 602 ali·

3 617 5 702 l
75 641 139 724 quid
153 641 273 706 nostris
289 636 570 704 Ambaxatoribus
587 639 627 705 de
642 641 781 708 uenatu
797 663 856 708 suo
871 643 904 707 in
919 640 1103 726 Apuleam3
1119 664 1183 711 res-

3 739 5 818 ζ
73 748 228 831 pendeant,
244 748 331 814 sicut
349 747 432 813 alias
451 767 641 832 responsum
666 747 738 832 fnit,
756 749 843 833 quod
858 750 1015 818 habemus
1030 771 1184 836 magnum

74 879 223 923 numerum
247 863 434 922 nostrorum
458 877 530 922 cum
556 859 742 940 quantitate
757 859 901 925 maxima
917 859 1047 926 baveris
1062 859 1097 925 in
1113 881 1187 944 par·

73 963 144 1031 tibus
159 961 341 1050 Apulae,in
358 964 477 1047 quibus
492 965 580 1030 omni
595 972 742 1051 tempore
759 968 921 1051 copiosius
937 976 1188 1050 conversantur;

3 1109 5 1116 ,
73 1071 191 1156 etqnod
205 1073 419 1156 periculosum
437 1079 523 1140 esset
547 1074 641 1140 nobis
665 1081 698 1141 et
722 1075 956 1142 mercatoribus
986 1079 1108 1144 nostris
1127 1099 1187 1144 nos

73 1181 272 1246 intromittere
290 1180 330 1246 de
347 1181 415 1247 hoc.
435 1181 478 1248 at
494 1203 567 1248 cum
582 1183 647 1248 hiis
664 1189 697 1248 et
713 1183 785 1249 aliis
801 1183 918 1264 verbis,
933 1205 996 1268 que
1013 1184 1076 1252 sibi
1092 1183 1187 1250 utilia

3 1279 5 1318 ³
72 1288 250 1369 riderentur,
265 1295 421 1355 excusent
431 1290 627 1375 etclongent
643 1289 802 1358 sealacto
821 1292 979 1360 transitus
995 1293 1185 1377 supradicti.

163 1395 286 1464 Verum
303 1397 331 1461 si
346 1396 418 1462 Rex
434 1397 611 1478 dubitaret,
621 1421 662 1464 ne
672 1405 895 1481 prestaremus
911 1399 1185 1483 impedimentum,

72 1512 96 1570 et
110 1525 161 1568 nos
187 1525 422 1589 opponeremus
452 1505 519 1570 eius
535 1507 691 1572 transitui
723 1505 896 1589 antedicto,
927 1507 1054 1590 possint
1084 1507 1187 1574 nostri

3 1655 5 1692 5
73 1611 300 1680 dmbaxatores
324 1615 387 1680 sibi
413 1614 521 1680 dicere
546 1621 706 1695 oretenus,
726 1637 791 1702 non
806 1620 916 1682 tamen
932 1615 1020 1699 quod
1036 1615 1111 1682 inde
1126 1616 1187 1681 fiat

3 1735 7 1802 ’ς
73 1724 228 1805 scriptura,
244 1722 332 1806 qnod
350 1720 528 1788 Commune
546 1722 763 1790 Veneciarum
779 1743 839 1805 pro
849 1743 909 1787 sua
925 1721 1112 1788 condicione
1122 1746 1187 1790 non

73 1835 113 1893 est
126 1828 255 1894 solitum
271 1849 306 1893 se
322 1829 540 1896 intromittere
564 1831 598 1894 in
623 1830 767 1913 negociis
783 1830 908 1912 alienis,
924 1829 1100 1896 dummodo
1115 1851 1186 1915 pos-

73 1937 108 2000 sit
123 1957 313 2002 conservare
345 1959 438 2002 suum
453 1937 608 2003 honorem
639 1943 672 2002 et
695 1937 833 2019 bonum;
850 1943 884 2002 et
910 1937 998 2019 qnod
1013 1943 1186 2022 postquam

73 2045 178 2110 erimus
208 2066 316 2110 secum
332 2045 366 2109 in
390 2046 476 2112 bona
498 2066 578 2128 pace
594 2052 626 2110 et
641 2047 823 2128 concordio,
852 2045 1044 2112 intencionis
1075 2053 1187 2111 nostre

72 2151 126 2215 erit
147 2171 275 2216 serrare
304 2173 376 2216 cum
392 2173 430 2217 eo
446 2152 699 2218 benivolentiam
719 2159 752 2217 et
767 2173 911 2219 amorem
928 2157 1096 2235 tamquam
1112 2173 1185 2218 cum

70 2259 239 2325 honorabili
254 2265 286 2322 ct
303 2261 474 2325 carissimo
493 2260 597 2325 amico
614 2260 716 2324 nostri
731 2259 886 2326 Dominii.

166 2367 323 2450 Capta:
340 2368 422 2432 Etsi
431 2389 491 2450 pro
507 2373 601 2450 parte
611 2367 690 2433 dicti
705 2367 808 2452 Regis
825 2373 1018 2451 tangeretur
1033 2369 1080 2436 eis
1095 2368 1185 2434 aliud
1305 2363 1310 2370 ’

70 2475 147 2540 ultra
160 2473 313 2558 predicta,
340 2475 390 2540 vel
406 2495 506 2558 supra
521 2475 695 2558 predictis;
720 2475 856 2542 audiant
871 2479 904 2540 et
919 2472 1055 2541 trahant
1071 2481 1185 2557 totum,

71 2582 148 2665 quod
160 2588 322 2667 poterunt,
353 2588 387 2646 et
411 2581 557 2648 scribant
587 2585 704 2665 omnia,
721 2605 783 2667 que
808 2582 994 2665 habuerint,
1026 2587 1186 2650 eteorum

71 2691 283 2772 consiliumet
298 2695 448 2757 nostrum
464 2696 637 2775 expectent
652 2690 851 2757 mandatum.

166 2799 209 2864 Et
235 2801 316 2864 fiant
332 2799 443 2864 littere
469 2797 678 2864 credulitatis
694 2819 755 2882 pro
770 2797 1051 2866 Ambaxateribus
1066 2800 1187 2864 nostris

16 2976 20 2994 ἱ
71 2903 183 2986 Regina
207 2907 318 2985 veteri,
335 2913 368 2971 ct
383 2907 465 2988 aliis,
490 2907 607 2990 quibus
623 2905 796 2989 videbitur,
811 2913 848 2972 ut
862 2907 990 2992 possint
1005 2904 1188 2973 substinere

72 3017 101 3073 et
114 3012 369 3080 informationem
402 3014 482 3079 dare
499 3012 538 3079 dc
555 3013 681 3080 iuribus
713 3015 844 3097 nostris,
859 3012 916 3080 ubi
942 3018 976 3080 et
991 3015 1075 3080 sicut
1088 3011 1188 3078 fuerit

72 3127 281 3202 opportunum.

164 3231 207 3296 Et
231 3231 453 3296 committatur
478 3249 612 3314 express
632 3232 727 3297 dictis
746 3228 1035 3313 Ambaxatoribus,
1050 3230 1137 3314 qnod
1153 3231 1187 3296 in

73 3335 206 3417 quolibet
220 3358 299 3404 casu
315 3333 480 3403 concordii
496 3338 637 3404 debeant
652 3338 818 3405 includere
833 3339 867 3404 in
876 3357 956 3422 pace
966 3336 1185 3404 etccncordio

72 3438 199 3511 Comites
219 3443 425 3512 Maledinum
443 3452 475 3511 et
490 3445 626 3512 heredes
652 3443 790 3513 Comitis
806 3443 915 3527 Pauli,
931 3445 1108 3512 secundum
1122 3445 1186 3510 for·

72 3569 147 3614 nan
161 3574 242 3618 nuuc
257 3553 373 3617 ultimo
389 3554 593 3619 commissam
610 3552 766 3638 Collegio.

165 3657 217 3723 nt
232 3656 315 3724 fiant
330 3664 517 3726 contractus
534 3661 711 3740 concordii,
728 3663 755 3728 si
771 3661 978 3728 concordium
993 3659 1187 3745 perficietur,

74 3759 103 3824 in
118 3761 214 3831 lorma
229 3767 473 3847 transactionis,
489 3767 573 3833 sicut
595 3769 678 3834 alias
694 3769 880 3836 consultum
899 3774 932 3835 et
950 3771 1099 3834 notatum
1114 3767 1185 3833 init.

218 3929 250 3990 (d
266 3929 395 3980 »Secreta
408 3929 520 3980 Consilii
533 3931 791 3996 angelorum-nol.
804 3931 860 3982 nit.
873 3931 906 3980 A.
920 3931 974 3982 vol.
991 3930 1025 3991 l.)

541 4127 700 4138 ...μμ-
