3166 5256
616 372 710 436 1345.

600 696 673 759 llo.

344 871 377 939 A
392 895 532 962 mappas·
543 895 633 960 serap
648 874 865 941 visrznooncil.
884 877 978 968 1345:

200 1030 300 1099 Anno
316 1029 556 1101 Mccoxnv.
582 1033 636 1101 die
652 1033 735 1100 XX.
759 1035 880 1100 mensis
900 1031 1109 1116 Nouembris,
1125 1035 1224 1106 XIV.

12 1219 14 1230 Ι
101 1139 288 1232 indictionis.
314 1141 498 1208 Intellectis
524 1141 643 1209 litteris
668 1163 772 1230 nuper
802 1143 940 1228 receptis
956 1165 977 1210 a
992 1148 1112 1210 nostris
1128 1142 1226 1229 Capi·

12 1251 14 1320 i
100 1248 197 1314 laneis
212 1255 246 1315 et
273 1245 558 1316 Gubematoribus
585 1252 749 1317 exercitus
774 1257 863 1316 terre
888 1251 1226 1332 connumeranda

12 1347 13 1370 ³
100 1357 327 1442 compositione
351 1355 440 1423 facta
465 1379 538 1424 cum
561 1357 739 1444 Hungaris,
765 1366 799 1424 et
824 1359 865 1425 dc
881 1381 993 1426 eorum
1007 1381 1137 1426 recessu
1153 1382 1226 1426 cum

12 1461 14 1544 ξ
101 1486 209 1549 magno
224 1471 341 1533 nostro
357 1464 481 1532 honore
497 1473 529 1532 et
545 1469 719 1552 avantagio
730 1467 931 1550 agendorum
947 1473 1227 1550 nostrorumcon·

12 1551 14 1666 ξ
102 1573 205 1640 sulunt
217 1575 402 1660 sapientes:
414 1574 614 1641 rescribatur
624 1573 814 1658 (lapitensis
830 1577 952 1643 nostris
962 1575 1068 1642 Maris
1083 1582 1116 1641 et
1126 1575 1227 1642 Terre

12 1701 15 1766 ε
102 1688 130 1747 et
144 1680 440 1764 Gubernatoribus,
465 1683 561 1768 quod,
588 1684 764 1750 intellectis
789 1683 909 1750 litteris
935 1687 1012 1766 suis,
1028 1706 1111 1770 quas
1125 1705 1227 1769 nuper

12 1785 14 1794 '
103 1790 187 1858 nobis
216 1793 391 1874 miserunt,
422 1791 598 1859 intellectis
631 1791 731 1860 etiam
762 1792 996 1878 compositione
1021 1793 1136 1860 habita
1152 1811 1226 1862 clun

12 1935 14 1984 g
102 1899 266 1983 Hnugaris
292 1920 470 1985 eorumque
494 1920 632 1982 recessu,
657 1901 784 1984 gratias
809 1902 934 1986 agimus
959 1899 1145 1984 Altissimo,
1164 1921 1226 1984 que

101 2007 228 2092 negocia
259 2015 378 2076 nostra
408 2014 498 2074 recte
529 2006 689 2092 disponit3
722 2008 985 2078 commendantes
1000 2007 1176 2092 plurimum
1193 2013 1227 2074 et

12 2093 14 2138 ³
101 2119 209 2184 merito
224 2137 282 2183 eos
295 2115 337 2182 de
352 2116 558 2200 providentia
569 2123 601 2182 et
611 2115 832 2183 sollicitudine
842 2137 908 2198 sue,
924 2123 957 2182 et
973 2113 1013 2182 de
1029 2115 1109 2182 abili
1120 2115 1227 2200 modo,

12 2281 14 2320 i
102 2245 191 2307 quem
221 2229 402 2290 tenuerunt
425 2225 459 2290 in
482 2224 648 2310 predictis.
674 2223 847 2292 Cernimus
863 2225 959 2307 euim,
976 2223 1063 2308 quod
1078 2221 1227 2308 predicta

102 2331 183 2398 lacta
198 2337 280 2398 sunt
295 2353 371 2399 cum
386 2353 505 2418 magno
521 2337 633 2399 nostro
649 2333 772 2400 honore
789 2339 822 2401 et
832 2335 1027 2416 avventogio
1043 2339 1076 2400 et
1092 2333 1227 2400 eomodo

101 2441 307 2526 agendorum,
323 2449 447 2509 etcum
471 2441 650 2510 securitate
681 2449 793 2508 nostra
809 2447 1060 2526 nostrorumque
1074 2442 1226 2523 fidelium,

102 2570 234 2618 necnon
251 2573 326 2617 oum
342 2571 465 2636 magna
479 2550 666 2618 confusione
682 2550 887 2618 inimicorum
902 2556 1088 2618 nostrorum
1104 2552 1166 2618 stb.

303 2731 342 2796 (Α
355 2730 484 2784 »Secreta
496 2731 611 2786 consilli
622 2731 812 2799 Rosciorum«
825 2731 857 2786 In.
870 2732 904 2784 Δ.
917 2733 972 2785 vol.
985 2731 1019 2796 I.)

631 3257 704 3319 111.

104 3417 130 3484 A
154 3419 310 3486 celenensi
336 3419 683 3507 komdnytonciosoalc
707 3419 841 3484 odiosae
867 3419 986 3483 Dicaea
1007 3417 1126 3483 latoria
1142 3418 1230 3482 raerb

468 3525 583 3616 kirtly
606 3527 746 3593 leuatae.
767 3527 863 3593 1345.

205 3688 307 3758 Anno
322 3683 563 3757 MOOOXLV.
595 3686 647 3752 die
673 3685 798 3754 XXII.
829 3683 1036 3753 Novembris.
1068 3684 1228 3768 Capta:

104 3796 195 3881 Quod
219 3798 457 3884 respondeatur
482 3796 614 3864 domino
639 3795 726 3880 Regi
750 3793 869 3861 Raecio
895 3793 938 3860 ad
954 3815 1029 3862 suas
1043 3795 1173 3860 litteras
1189 3793 1230 3859 de

17 3891 18 3966 ἦ
107 3889 285 3974 honorabili
310 3911 345 3971 et
368 3905 542 3990 magnilica
562 3903 737 3987 oblatione,
757 3924 857 3987 quam
871 3902 966 3969 nobis
981 3901 1060 3968 iacit
1077 3900 1116 3967 de
1135 3906 1230 3985 gente

17 4055 20 4088 ε
105 4035 159 4082 sua
183 4013 347 4082 mittenda
373 4012 418 4081 ad
432 4017 581 4081 nostrum
601 4013 770 4079 servitium
786 4015 902 4080 contra
917 4009 1077 4091 Jadram3
1093 4009 1231 4094 regrati-

18 4141 21 4220 ᾗ
107 4123 187 4191 undo
212 4122 280 4190 Sue
303 4121 477 4191 Maiestati
501 4120 653 4188 cumillis
672 4121 795 4206 pulcris
816 4120 932 4199 verbis,
949 4139 1012 4202 que
1027 4118 1232 4196 videbuntur,

106 4236 230 4298 tautum
254 4230 359 4316 plene,
375 4235 534 4314 quantum
549 4230 673 4314 poterit
688 4229 758 4295 lieri
773 4247 832 4311 pro
847 4228 972 4294 honore
989 4247 1047 4292 suo
1063 4231 1098 4291 et
1112 4229 1232 4306 nostro,

108 4338 314 4420 ostendendo,
339 4338 426 4422 quod
444 4337 479 4406 in
495 4359 572 4407 casu
588 4337 738 4423 predicto
755 4343 789 4403 et
804 4336 878 4402 aliis
895 4333 1096 4420 quibuslibet
1110 4333 1232 4400 nostris

19 4449 20 4528 ξ
105 4445 281 4513 honoribus
297 4467 537 4513 recurreremus
548 4454 581 4511 et
596 4444 795 4512 intendimus
812 4462 988 4523 recurrere,
1004 4441 1133 4526 quoties
1150 4461 1232 4526 opus

19 4587 20 4592 κ
110 4555 176 4640 erit,
191 4555 236 4622 ad
256 4553 356 4624 Suam
386 4545 611 4623 Maiestatem
628 4575 700 4622 cum
722 4551 843 4621 fiducia
868 4550 1001 4638 speciali
1016 4554 1173 4634 tanquam
1189 4545 1232 4616 ad
