3220 5248
735 373 972 428 nmuouaeamr
987 357 1156 426 auulsas.

815 539 923 604 audivi
949 543 982 604 et
1006 539 1072 604 vidi
1098 545 1131 603 et
1156 541 1292 620 rogatus
1317 558 1378 622 per
1402 541 1502 620 partes

813 655 971 730 utrasque
995 650 1155 729 premissa
1179 647 1213 710 in
1238 647 1323 711 hanc
1347 646 1502 728 publicam

812 755 952 820 formam
962 753 1103 819 fideliter
1113 759 1147 818 et
1154 753 1316 836 legaliter,
1326 752 1373 817 nil
1388 753 1504 818 addens

812 855 866 927 'rel
900 863 1059 944 minuens,
1091 861 1179 944 qood
1213 860 1432 927 substantiam
1463 862 1505 926 rei

814 971 972 1052 immutet,
981 968 1265 1053 redegi,signoque
1274 990 1346 1034 meo
1358 975 1507 1034 consueto

815 1079 939 1160 signavi
969 1080 1001 1142 in
1027 1077 1249 1143 testimonium
1275 1076 1421 1144 omnium
1443 1099 1509 1160 pre-

816 1189 996 1252 missorum.
1036 1186 1081 1251 ut
1106 1187 1145 1251 de
1173 1187 1329 1269 predictis
1365 1187 1509 1251 omnibus

814 1303 950 1380 rogatus
975 1295 1123 1360 similiter
1138 1293 1202 1360 fuit
1218 1294 1347 1360 Paulus
1371 1294 1414 1360 de
1438 1293 1511 1358 Ber·

817 1403 919 1468 nardo
946 1403 1085 1468 condam
1109 1403 1232 1468 domini
1257 1401 1424 1467 Johannis
1449 1401 1511 1466 Im·

816 1512 933 1594 periali
948 1510 1156 1577 Auctoritate
1170 1508 1330 1576 Notarius
1347 1517 1383 1574 et
1408 1507 1514 1575 Daca

817 1625 871 1685 tus
905 1619 1123 1688 Veneeiarum
1158 1617 1284 1699 Scriba,
1321 1625 1361 1684 ut
1394 1617 1515 1684 faceret

818 1727 908 1792 aliud
925 1727 1028 1792 simile
1044 1727 1303 1806 instrumentum,
1328 1731 1363 1792 et
1386 1725 1516 1809 utrique

819 1835 907 1918 parti
940 1855 1039 1898 unum
1064 1833 1167 1914 daret,
1194 1833 1346 1900 videlicet
1382 1855 1516 1917 presens

819 1942 993 2007 antedictis
1012 1940 1150 2008 dominis
1166 1939 1463 2022 Ambaxatoribua
1487 1948 1517 2005 et

818 2051 909 2114 aliud
935 2050 1093 2133 scriptum
1117 2071 1216 2115 manu
1249 2049 1348 2114 Pauli
1377 2049 1517 2133 predicti

819 2159 907 2223 dieto
925 2158 1055 2224 domino
1072 2157 1166 2240 Regi.

498 2267 545 2334 El
569 2269 642 2350 Ego
659 2265 783 2332 Paulus
800 2266 841 2331 de
856 2266 1027 2332 Bernardo
1044 2267 1180 2332 condam
1208 2265 1329 2330 domini
1354 2264 1381 2330 J
1382 2265 1517 2331 ohannis

388 2375 555 2460 Imperiali
571 2375 766 2440 auctoritate
781 2373 941 2440 Notarius
958 2381 991 2440 et
1006 2372 1153 2438 Ducatus
1164 2372 1387 2441 veneciarum
1404 2371 1517 2438 Scriba
1608 2415 1609 2418 =

389 2487 556 2570 premissis
572 2483 720 2552 omnibus
736 2491 770 2549 et
786 2484 921 2568 singulis
931 2504 1066 2568 presens
1082 2483 1137 2563 fui,
1153 2489 1187 2547 et
1204 2482 1310 2546 simile
1323 2483 1517 2547 instrumen-

388 2603 458 2661 tum
483 2593 523 2659 de
539 2593 639 2659 uerbo
655 2591 698 2658 ad
714 2592 847 2658 verbum
862 2592 991 2672 confeci,
1010 2591 1096 2675 quod
1121 2590 1278 2654 remansit
1302 2589 1392 2673 apud
1419 2589 1517 2654 dorni-

390 2725 466 2769 num
482 2701 616 2786 Regem.

500 2844 536 2906 (Α
551 2843 650 2893 >Liber
662 2843 827 2894 Paetorum«
852 2841 941 2893 czimll
963 2841 1103 2894 velenczei
1135 2841 1367 2904 allemkonyvbol
1393 2842 1427 2893 V.
1461 2843 1518 2892 kot.

391 2940 451 2985 401.
466 2935 506 2984 sk.
520 2933 561 2996 ll.)

390 3114 436 3200 Ε)
469 3112 1105 3199 Jegyzoiokmany1.Lej0s
1139 3133 1318 3198 magyar
1350 3112 1520 3199 kirtly·

556 3219 1356 3308 nalrO)alattilriadvauyarol.1358.

499 3347 541 3412 In
565 3345 690 3414 Christi
716 3349 845 3413 nomine
868 3345 987 3413 Amen.
1010 3343 1093 3412 Cum
1120 3368 1215 3430 super
1247 3346 1423 3429 discordia,
1455 3365 1520 3428 que

391 3454 580 3521 vertebatur
590 3457 675 3521 inter
685 3453 935 3522 serenissimum
945 3453 1131 3538 Dominum,
1144 3454 1307 3520 dominum
1317 3453 1518 3519 Ludovicum

391 3561 456 3628 Dei
473 3565 581 3645 gratia
597 3563 758 3630 illustrem
773 3562 898 3648 Regem
915 3564 1090 3644 Hungarie
1106 3583 1144 3626 ex
1160 3583 1227 3628 una
1242 3568 1348 3647 parte,
1364 3568 1398 3626 et
1420 3561 1521 3626 domi-

391 3694 469 3737 num
486 3671 611 3738 Ducem
627 3677 661 3738 et
671 3670 849 3737 Commune
858 3669 1079 3740 Veneciarum
1089 3693 1128 3736 ex
1137 3670 1251 3752 altera,
1268 3667 1520 3754 precedentibus

392 3782 506 3846 multis
529 3781 728 3847 tractatibus
744 3782 830 3846 inter
844 3780 950 3864 ipsum
966 3780 1132 3845 dominum
1148 3778 1273 3862 Regem
1290 3800 1348 3843 seu
1373 3776 1520 3842 Barones

392 3894 427 3954 et
452 3888 666 3955 Consiliarios
692 3908 776 3972 suos,
800 3892 835 3952 et
859 3886 1066 3953 honorabiles
1098 3888 1185 3952 viros
1211 3886 1357 3952 dominos
1383 3884 1519 3948 Petrum

393 3995 574 4078 Trivisano
589 3997 615 4064 J
616 3997 778 4062 ohannem
795 3993 981 4062 Gradenioo
998 4001 1031 4058 et
1045 3992 1263 4059 Beneinlendi
1279 3989 1520 4057 Cancellam'um

392 4105 541 4171 Ducatus
576 4111 610 4171 et
645 4102 836 4170 Communis
861 4101 1088 4182 Veneciarum,
1113 4102 1198 4166 circs
1232 4100 1335 4184 ipsius
1361 4096 1522 4181 cit-vitatis,

393 4210 638 4280 Ambaxatores
658 4220 691 4278 et
708 4211 868 4298 Syndicos
893 4212 973 4277 dicti
998 4209 1119 4276 domini
1146 4208 1250 4274 Ducis
1276 4213 1308 4272 et
1333 4205 1519 4272 Communis

393 4317 614 4387 Veneciarum
638 4321 758 4388 adhoc
777 4319 963 4404 specialiter
979 4317 1168 4398 destinatos,
1184 4317 1267 4380 sicut
1283 4319 1416 4378 constat
1440 4314 1519 4395 pub·

394 4425 457 4492 lieo
481 4427 695 4495 instrumento
712 4431 836 4513 scripto
851 4449 950 4492 manu
966 4424 1143 4510 Raphayni
1160 4422 1199 4489 de
1224 4420 1391 4488 Carecinis
1416 4417 1521 4504 Impe-

395 4533 472 4602 riali
498 4538 693 4605 auctoritate
718 4537 851 4605 Notarii
866 4543 899 4603 et
914 4535 1063 4601 Ducatus
1081 4529 1296 4604 Veneoiarnm
1322 4526 1439 4595 Scribe
1463 4527 1520 4594 snb
