3166 5256
594 329 688 404 1345.

601 643 675 706 104.

84 793 108 858 Α
139 751 283 862 oelcocaei
318 798 663 886 komndnytaadcsnok
687 827 708 866 c
733 801 905 888 jddraiok
938 803 1033 868 alleri
1066 807 1203 872 lrorczra

396 910 570 975 vonatkozd
586 911 765 976 rendelerei.
785 913 880 976 1345.

177 1061 274 1130 Anno
291 1064 537 1146 MOOCXLV,
559 1069 610 1135 die
637 1069 715 1134 XV.
743 1068 907 1136 Octobris.
925 1070 1089 1156 Capta:
1107 1070 1204 1157 Quod

11 1163 13 1236 ξ
83 1172 113 1234 in
128 1170 208 1238 bona
223 1173 333 1257 gratia
349 1175 493 1258 eligatur
518 1175 720 1260 Capitoneus
748 1175 919 1244 Generalis
936 1179 1042 1246 Maris
1059 1181 1133 1246 loco
1150 1201 1203 1246 ser

11 1343 13 1366 ,
83 1277 165 1343 Petri
181 1280 219 1346 de
236 1281 382 1365 Canalis,
399 1284 454 1364 qui
470 1284 571 1350 vadat
587 1306 658 1350 cum
675 1287 819 1368 presenti
836 1291 965 1352 armata
981 1287 1204 1374 secundorum,

11 1371 13 1400 ³
83 1393 112 1452 et
124 1388 265 1475 intendat
280 1397 352 1456 toto
368 1411 462 1474 posse
488 1391 530 1457 ad
556 1391 709 1458 damnum
735 1399 767 1459 et
783 1393 1039 1461 destructionem
1055 1395 1080 1460 J
1082 1395 1204 1462 adrati-

83 1515 184 1562 nomm
198 1497 404 1563 inimicorum
419 1505 614 1582 nostrorum,
631 1508 663 1565 et
674 1522 805 1567 suorum
820 1501 965 1568 locorum
981 1510 1015 1569 et
1030 1503 1202 1588 bonorum,

11 1589 13 1670 ss
85 1604 276 1689 eleborum,
306 1609 363 1690 qui
381 1606 630 1674 damnificarent
646 1617 784 1692 nostros,
803 1607 851 1676 vel
867 1611 1012 1677 iacerent
1027 1612 1116 1696 ipsis,
1132 1635 1204 1680 cum

11 1715 13 1802 ᾗ
83 1709 192 1778 honore
207 1721 321 1779 nostro
339 1721 373 1780 et
388 1717 633 1783 conservatione
658 1724 846 1783 nostrarum
871 1723 1033 1784 terrarum
1061 1725 1093 1784 et
1118 1721 1203 1786 loco·

11 1851 13 1918 ᾗ
83 1841 147 1884 rum
160 1829 190 1885 et
206 1824 312 1906 gentis
329 1823 392 1888 sibi
407 1827 584 1905 commisse,
601 1833 634 1891 et
650 1825 788 1891 aliorum
805 1833 992 1892 nostrorum
1009 1825 1150 1893 fidelium
1169 1833 1203 1894 ct

11 2017 12 2020 Ἴ
83 1928 271 2012 navigiorum
287 1932 363 1997 inde
386 1935 625 1998 transeuntium
651 1955 722 2000 cum
740 1936 807 2001 suis
827 1933 1085 2000 mercacionibus
1104 1941 1137 2001 et
1152 1956 1202 2000 re·

11 2023 13 2110 ξ
84 2032 138 2102 bus
152 2042 208 2103 etc.

11 2137 12 2144 '
180 2144 343 2230 Oapta:
368 2146 465 2232 Quod
491 2151 713 2216 committatur
738 2153 861 2217 nostris
887 2149 1079 2234 (lapitensis
1097 2151 1199 2218 Terre

11 2249 13 2320 i
85 2257 114 2315 et
136 2251 234 2320 Maris
250 2261 285 2320 et
304 2253 602 2339 Gubernatoribus,
618 2258 706 2341 quod
721 2259 926 2324 crederemus
944 2256 1151 2326 essebonum
1169 2267 1202 2325 et

11 2385 13 2414 r
84 2357 155 2424 utile
176 2383 235 2444 pro
259 2364 403 2446 negociis
428 2365 560 2448 nostris,
585 2367 613 2430 si
630 2365 676 2430 eis
693 2366 868 2446 videretur,
885 2365 975 2448 quod
992 2373 1101 2450 posset
1117 2366 1202 2446 fieri,

86 2467 164 2548 quod
187 2470 423 2555 explanaretur
439 2479 533 2538 extra
553 2471 709 2539 bastitam
730 2479 872 2538 nostram
894 2473 980 2539 circa
996 2479 1129 2557 portum
1144 2472 1203 2540 Ja-

86 2572 138 2638 dre
151 2576 269 2660 taliter,
285 2579 373 2662 quod
391 2579 500 2645 nullus
515 2584 626 2663 posset
642 2600 700 2663 per
716 2587 838 2645 terram
849 2580 900 2646 vel
910 2603 969 2664 per
978 2601 1096 2665 aquam
1113 2582 1200 2648 exire

85 2681 129 2745 rel
142 2685 270 2766 intrare,
290 2689 370 2770 quin
389 2688 571 2767 videretur;
588 2693 620 2752 et
637 2685 726 2769 quod
743 2685 948 2769 stipendiarii
965 2690 1068 2753 nostri
1081 2689 1202 2772 possin,

11 2859 13 2880 1
86 2790 152 2856 inde
168 2792 360 2876 discurrere,
375 2815 440 2858 non
456 2795 607 2860 timentes
623 2793 876 2860 imboscationes
892 2794 1017 2878 aliquas
1033 2795 1136 2862 iactas
1152 2795 1203 2860 vel

86 2917 141 2978 que
163 2910 291 2983 possent
315 2901 405 2982 fieri;
422 2909 456 2968 et
475 2902 575 2968 etiam
592 2903 619 2968 si
635 2903 801 2969 videretur
818 2903 864 2968 eis
883 2903 923 2968 de
940 2902 1087 2968 iaciendo
1103 2925 1202 2969 unam

87 3004 173 3070 aliam
197 3008 335 3075 bestiam
357 3009 446 3074 ultra
463 3016 602 3093 portum,
619 3011 695 3074 etin
713 3030 777 3093 quo
793 3009 874 3090 loco,
890 3016 924 3077 et
940 3011 979 3076 de
996 3031 1062 3094 qua
1079 3011 1204 3092 magni·

11 3117 13 3126 “
88 3112 205 3198 tudine;
221 3123 254 3182 et
270 3117 422 3183 similiter
438 3117 562 3184 faciant
578 3119 767 3183 examinare
784 3119 995 3202 porporarias
1013 3123 1046 3184 et
1061 3116 1204 3198 altitudi,

87 3239 148 3285 nem
170 3245 261 3308 aque,
288 3233 322 3292 et
346 3227 433 3291 intus
458 3232 491 3290 et
514 3225 603 3305 foria
629 3231 662 3290 et
682 3246 793 3291 onmes
809 3225 1015 3294 condiciones
1030 3231 1155 3310 portus,
1170 3232 1204 3292 et

11 3349 16 3390 r
39 3370 44 3379 ·
87 3325 242 3399 iortilicias
252 3333 359 3401 factas
368 3356 427 3418 per
442 3333 467 3398 J
468 3333 645 3414 adratinos
661 3342 694 3400 et
711 3335 851 3418 qualiter
867 3355 1037 3418 possemus
1054 3333 1200 3400 damnifi-

88 3456 152 3504 care
172 3442 319 3508 inimicos
335 3448 465 3508 nostros
480 3447 548 3508 tam
565 3463 637 3507 cum
654 3441 797 3522 presenti
813 3448 951 3522 armata,
969 3463 1068 3524 quam
1086 3443 1120 3506 in
1137 3440 1202 3507 alio

11 3607 16 3626 ,
88 3549 234 3632 tempore;
251 3557 284 3616 et
300 3555 414 3630 totum,
432 3549 521 3632 quod
537 3550 702 3615 invenient
718 3549 750 3614 in
777 3549 925 3615 omnibus
942 3556 975 3616 et
991 3550 1127 3632 singulis
1152 3571 1203 3614 su-

11 3627 13 3740 ξ
87 3655 238 3741 predictis,
249 3664 283 3724 et
293 3679 386 3724 suum
403 3656 572 3724 consilium
588 3678 685 3741 super
695 3657 774 3741 ipsis
785 3656 878 3723 nobis
889 3656 1033 3723 debeant
1049 3656 1203 3724 velociter

11 3755 15 3832 ζ’
87 3780 138 3842 per
160 3747 232 3832 alias
255 3766 385 3832 litteras
410 3767 570 3846 nuntiare,
598 3770 636 3828 ut
660 3767 694 3830 in
713 3765 795 3848 ipsis
812 3765 977 3831 valeamus
997 3765 1125 3830 utiliter
1143 3785 1203 3848 pro

11 3897 13 3954 3
88 3865 196 3938 honore
211 3881 325 3940 nostro
342 3879 375 3939 et
390 3873 475 3940 bono
491 3872 570 3939 facti
586 3873 702 3939 melius
718 3873 897 3956 providere.

11 3955 13 3978 ¹
184 3977 342 4066 Capta:
360 3981 406 4046 Et
421 4005 493 4047 cum
508 4003 568 4066 per
584 3979 828 4046 Ambaxatores
845 3979 886 4044 de
897 3979 1058 4064 Tragurio
1075 3981 1204 4046 nomine

11 4083 13 4170 g
88 4081 261 4156 Communis
287 4097 320 4154 et
345 4090 510 4156 hominum
535 4090 622 4155 dicte
648 4096 734 4156 terre
749 4092 889 4172 petatur,
913 4087 1002 4171 quod
1018 4087 1063 4153 eis
1080 4076 1204 4152 m'utue·

11 4185 14 4260 i
88 4199 137 4257 tur
149 4217 241 4262 unum
255 4197 382 4281 lignum
398 4219 497 4263 eausa
512 4195 663 4263 armandi
678 4196 785 4280 ipsum
796 4195 830 4259 in
840 4195 937 4260 dictis
953 4195 1073 4261 nostris
1090 4193 1203 4276 factis3

11 4327 13 4394 ᾗ
89 4311 175 4385 capta
187 4305 246 4373 luit
261 4327 349 4391 pars,
364 4305 452 4390 quod
467 4305 547 4389 ipsis
563 4305 708 4389 gratiose
724 4302 977 4387 complaceatur,
988 4310 1021 4369 et
1036 4309 1204 4369 mutuetur

11 4407 12 4442 ³
87 4430 179 4476 unum
205 4413 327 4498 lignum
358 4414 439 4479 bene
471 4411 631 4480 furnitnm
662 4411 761 4479 armis
788 4415 820 4476 et
844 4411 944 4476 remis
961 4416 994 4477 et
1018 4411 1092 4478 aliis
1108 4432 1204 4494 opor·

11 4519 13 4580 ἒ
88 4519 176 4584 tunis.

11 4649 12 4656 κ
135 4637 189 4676 nos.
205 4639 278 4681 noso.
295 4641 363 4680 mar.
380 4648 423 4662 —-
441 4639 509 4679 nora
524 4638 585 4680 err.
601 4639 628 4679 11.
1075 4613 1095 4679 8
