3214 5260
733 373 965 424 nunouacziu
982 357 1153 446 minax.
1176 429 1178 439 Α

910 671 984 733 356.

383 828 437 893 VI.
451 829 542 896 Incze
553 830 650 918 pcipe
667 855 688 895 a
706 829 837 895 tetdrolc
863 829 895 893 e's
922 828 1069 894 litvdnols
1086 827 1166 894 clleo
1183 829 1507 917 Mapyarorsqubuu

637 939 665 1006 is
680 939 831 1004 beresztcs
856 937 960 1003 bodot
975 938 1133 1005 birdettct.
1150 938 1246 1003 1354.

485 1099 694 1165 Innocentius
710 1099 894 1183 Episcopus
910 1105 970 1164 eta
987 1097 1227 1165 venerabilibus
1252 1097 1407 1164 fratribus
1424 1143 1434 1160 .
1451 1147 1458 1162 .
1477 1145 1506 1161 ..

378 1199 637 1290 Archiepiscopo
663 1204 854 1287 Gneznensi,
880 1211 914 1271 et
928 1254 935 1270 .
951 1255 959 1271 .
976 1254 983 1270 .
1000 1204 1213 1271 Cracouiensi
1237 1227 1275 1270 ao
1292 1255 1298 1270 .
1315 1253 1322 1268 .
1338 1253 1345 1268 .
1362 1203 1508 1268 Wratis·

381 1312 520 1378 laniensi
537 1314 710 1398 Episcopis
728 1315 867 1380 salutem
893 1317 952 1377 etc.
978 1310 1170 1395 Apostolice
1186 1308 1401 1377 solicitudinis
1416 1307 1508 1374 zelus

377 1421 438 1486 stb.
456 1420 541 1487 Sane
557 1443 663 1507 nuper
677 1421 865 1488 carissimus
880 1422 914 1486 in
933 1419 1066 1486 Christo
1081 1419 1168 1487 filius
1192 1425 1303 1486 noster
1318 1414 1509 1483 Kazimirus

380 1525 453 1591 Rex
469 1527 605 1595 Polonie
622 1529 759 1594 illustris
776 1549 835 1613 per
852 1528 980 1595 litteras
997 1536 1030 1593 et
1045 1529 1179 1594 nuncios
1204 1531 1316 1592 nostro
1333 1521 1511 1608 Apostolo-

377 1635 425 1698 tui
441 1637 606 1719 patefecit,
622 1636 709 1719 quod
726 1641 840 1719 gentes
859 1635 981 1720 perfide
997 1634 1213 1702 Tartaron-um
1228 1640 1261 1700 et
1283 1634 1509 1699 Lituanorum

376 1742 570 1808 intenebris
587 1740 800 1826 ambulantes,
834 1750 1046 1827 carentesque
1068 1745 1191 1810 lumino
1205 1739 1374 1808 Catholice
1390 1737 1510 1803 uerita

375 1851 428 1934 tis,
444 1853 617 1936 prophana
633 1854 830 1936 cogitatione
846 1859 1086 1939 putantespro
1102 1875 1139 1918 eo
1150 1852 1236 1937 quod
1246 1851 1400 1934 Regnum
1411 1846 1509 1912 Polo·

376 1962 436 2042 nie,
454 1960 540 2045 quod
566 1983 586 2027 a
610 1959 760 2030 fidelibus
786 1960 963 2040 habitatur,
979 1962 1079 2028 estin
1095 1960 1220 2026 ultimis
1237 1956 1507 2025 Christianorum

375 2069 496 2134 finibus
512 2070 743 2150 constitutum3
759 2077 934 2154 propterea
958 2071 1000 2137 ad
1016 2069 1294 2154 impugnationem
1309 2064 1420 2149 Regni
1435 2085 1508 2148 prs·

375 2177 436 2242 lati
451 2177 573 2242 eisdem
598 2175 746 2243 Tartaris
772 2184 806 2242 et
832 2178 991 2244 Litwanis
1008 2177 1132 2262 absque
1149 2175 1395 2242 Catholioorum
1412 2172 1508 2238 Prin-

375 2284 482 2368 cipum
501 2291 533 2348 et
559 2285 697 2350 aliorum
722 2285 869 2350 fidelium
885 2286 1005 2352 ducatu
1021 2289 1111 2350 iuxta
1127 2283 1315 2368 prophanus
1331 2287 1510 2363 conceptus

374 2392 517 2474 ipsorum
531 2391 659 2458 facilior
670 2394 722 2459 via
731 2399 831 2476 patet,
843 2393 967 2459 dictum
982 2393 1137 2478 Regnum
1153 2399 1185 2458 et
1195 2390 1400 2458 Christianos
1417 2389 1508 2454 babi-

374 2504 498 2564 tatores
513 2499 614 2585 ipsius
624 2501 690 2565 iam
701 2522 761 2584 per
777 2508 843 2566 tres
853 2523 955 2567 annos
967 2501 1093 2585 elapsos
1101 2502 1299 2579 invaserunt,
1309 2505 1343 2563 et
1351 2497 1506 2564 invadere

374 2628 413 2672 ac
428 2608 618 2691 impugnare
635 2609 786 2674 continue
801 2608 980 2674 moliuntur
996 2609 1076 2690 stb.;
1093 2614 1228 2692 propter
1244 2607 1332 2691 quod
1355 2604 1506 2689 prefatus

373 2714 454 2798 Rex,
471 2717 528 2798 qui
546 2736 584 2779 ex
600 2716 661 2781 hoc
676 2738 734 2799 per
751 2715 872 2782 dictum
888 2717 1073 2800 triennium,
1090 2721 1121 2783 et
1136 2717 1309 2800 presertim
1328 2735 1415 2780 anno
1430 2735 1507 2796 pro-

372 2823 457 2888 xime
488 2824 654 2910 preterito,
685 2831 753 2889 tam
777 2824 812 2890 in
836 2823 988 2908 gentibus
1013 2825 1089 2906 suis,
1121 2845 1160 2888 ex
1190 2821 1308 2907 quibus
1324 2819 1506 2906 prohdolor

372 2929 545 2997 nunnullos
562 2951 639 2996 seua
655 2931 832 2997 infidelium
850 2920 1027 2999 eorundem
1044 2933 1194 3016 impietas
1221 2930 1360 3015 peremit
1382 2927 1506 3012 gladio,

373 3043 405 3102 et
420 3038 503 3103 alios
519 3040 553 3103 in
570 3039 724 3104 miseram
749 3040 942 3106 seruitutem
967 3039 1111 3122 abduxit,
1137 3058 1236 3122 quam
1252 3039 1286 3103 in
1302 3037 1457 3103 thesauro
1474 3041 1507 3099 et

373 3144 447 3210 aliis
464 3145 558 3211 bouis
575 3144 640 3210 suis
658 3146 895 3212 inextimabilis
912 3146 1057 3230 dampna
1072 3147 1233 3228 sustinuit,
1249 3145 1425 3213 attendens
1442 3144 1506 3210 stb.

370 3259 519 3318 nostrum
535 3254 569 3318 in
586 3253 647 3319 hac
662 3261 766 3337 parte,
777 3259 964 3338 promptum
980 3254 1126 3320 fidehum
1142 3254 1322 3322 subsidium
1338 3253 1506 3319 humiliter

370 3358 569 3442 implorauit.
593 3359 663 3426 Nos
688 3361 791 3444 igitur
816 3361 879 3426 stb.
895 3361 1097 3428 fraternitati
1113 3369 1219 3428 vestre
1234 3384 1293 3446 per
1309 3358 1506 3446 Apostolica

370 3468 493 3551 scripta
518 3469 719 3550 mandamus,
746 3476 908 3552 quatenus
933 3492 990 3538 uos
1016 3474 1050 3536 et
1073 3470 1251 3555 quemlibet
1277 3477 1421 3538 vestrum
1445 3491 1505 3554 per

369 3596 426 3640 vos
452 3583 484 3640 et
509 3575 592 3641 alias
616 3597 773 3661 personas
804 3577 1055 3660 ecclesiasticas,
1085 3578 1249 3645 seculares
1274 3584 1306 3644 et
1331 3578 1504 3661 regulares

369 3681 531 3750 Ordinum
542 3706 817 3769 quorumcunque,
828 3707 911 3771 quas
921 3686 1064 3770 ydoneos
1075 3707 1145 3751 esse
1156 3687 1323 3770 noueritiS,
1333 3688 1367 3751 in
1383 3685 1498 3753 eodem

370 3789 507 3858 Polonie
523 3793 563 3858 de
580 3790 726 3876 Vngarie
743 3800 776 3857 et
792 3793 926 3860 Boemie
942 3793 1067 3876 Regnis
1083 3799 1201 3860 contra
1218 3792 1365 3878 prefatas
1383 3793 1503 3860 Tarta·

368 3920 485 3965 rorum·
496 3906 529 3965 et
544 3900 761 3966 Litvanorum
786 3907 908 3985 gentes,
934 3907 967 3964 et
984 3921 1131 3985 quosque
1148 3901 1233 3968 alios
1248 3900 1397 3969 infideles
1412 3903 1504 3967 inua-

283 4077 285 4082 ,
369 4008 482 4074 dentes
499 4031 555 4074 seu
571 4008 771 4075 offendentes
787 4008 970 4092 predictum
995 4008 1120 4092 Regem
1137 4017 1171 4075 et
1186 4009 1339 4093 Regnum
1367 4009 1502 4076 Polonie

369 4123 403 4182 et
418 4117 621 4184 habitatores
637 4118 749 4201 ipsius,
764 4118 965 4200 proponatis,
976 4117 1069 4184 iuxta
1084 4118 1196 4184 datam
1213 4118 1305 4184 vobis
1315 4140 1334 4185 a
1344 4117 1415 4184 Deo
1425 4141 1503 4203 pru-

369 4224 522 4305 dentiam,
539 4227 670 4293 verbum
697 4227 811 4309 crucis,
828 4231 861 4290 et
875 4225 1058 4290 uniuersale
1082 4227 1210 4310 signum
1234 4227 1302 4292 eius
1327 4233 1395 4293 tam
1420 4231 1502 4296 eius·

369 4333 440 4397 dem
457 4333 566 4416 Regis,
584 4357 682 4418 quam
699 4334 838 4400 aliorum
853 4333 1034 4400 incolarum
1051 4333 1195 4401 fidelium
1221 4336 1410 4418 Regnorum
1426 4359 1501 4421 pre-

370 4437 531 4505 dictorum
548 4441 638 4507 illam
655 4441 771 4508 deuote
789 4445 953 4526 suscipere
969 4444 1146 4508 volentium
1155 4445 1297 4510 humeris
1308 4445 1501 4529 assignetis3

368 4547 497 4614 eosdem
513 4550 632 4615 nostris
649 4549 913 4617 exortationibus
930 4559 964 4617 et
978 4551 1144 4620 instantiis
1160 4549 1361 4636 inducentes,
1377 4559 1412 4620 ut
1426 4549 1500 4639 p're·
