3134 5252
588 305 683 416 lditi.
770 329 778 338 ·
894 341 898 346 ·
1132 301 1195 372 139

6 469 20 560 ἓ
89 481 179 552 tendit
200 482 323 553 habere
342 483 387 552 ad
405 488 554 554 nostrum
569 483 768 566 Dominium,
784 489 816 552 et
832 483 872 553 de
889 489 936 556 sic
951 485 1112 554 laudabili
1128 507 1201 572 pro·

89 595 180 678 posito
194 615 261 676 suo,
276 599 312 660 et
320 595 364 660 ad
380 592 639 678 respondendum
658 593 722 679 ipsi
738 593 868 660 domino
884 593 982 676 Duci,
998 595 1082 661 sicut
1098 601 1201 662 orete-

6 693 10 766 ἰ
91 721 141 767 nus
162 703 297 768 diximus
323 699 544 770 Ambaxatori
568 723 635 785 suo,
660 701 747 786 quod
767 723 806 768 ex
821 709 915 786 parte
932 709 1047 770 nostra
1061 725 1127 770 non
1143 703 1199 771 ha-

6 867 8 894 ,
88 811 183 875 bemus
206 832 279 876 oum
304 812 377 896 ipso
403 811 533 876 domino
558 810 651 896 Rege
682 809 856 892 Huugerie
871 811 1007 896 aliquod
1023 810 1133 878 odium
1148 811 1200 877 rel

6 979 8 984 .
90 917 308 984 discensionem
334 917 392 984 sed
402 918 444 985 ad
460 919 566 1003 ipsum
582 917 748 984 dominum
765 917 890 1002 Regem
906 921 1082 1002 gesssimns
1099 925 1132 984 et
1147 943 1201 1005 ge·

6 1031 8 1120 J
88 1026 173 1091 rimus
195 1026 371 1114 specialem
386 1028 604 1092 reverentiam
619 1030 651 1091 et
675 1027 840 1106 honorem,
863 1031 962 1110 prout
977 1025 1111 1094 lecimus
1128 1048 1202 1094 cum

6 1151 14 1226 [-
87 1131 289 1202 Serenissimis
305 1135 445 1202 dominis
461 1134 744 1219 predecessoribus
760 1135 835 1216 suis,
852 1139 887 1200 et
901 1135 1042 1200 maxime
1059 1155 1130 1200 eum
1145 1137 1202 1204 do·

6 1269 8 1314 ι
87 1243 161 1310 mino
174 1240 265 1326 Rege
291 1247 387 1330 patre
406 1263 474 1325 suo,
491 1247 524 1308 et
539 1263 613 1308 enm
628 1241 760 1308 domina
778 1241 908 1325 Regina
923 1248 1028 1309 matre
1045 1265 1113 1324 sna,
1131 1243 1202 1328 qui·

6 1355 8 1438 '3
85 1339 135 1416 bns
155 1351 308 1418 honorem
328 1356 361 1415 et
381 1350 550 1416 servicium
565 1371 624 1435 per
639 1339 789 1433 tempora
804 1351 917 1434 elapsa
931 1350 1073 1417 libenter
1089 1351 1200 1436 inpen-

84 1457 181 1540 dimus,
194 1459 281 1524 sicut
305 1463 358 1524 est
382 1455 512 1542 publice
536 1457 765 1541 manifestum3
785 1463 819 1526 et
835 1459 868 1524 in
884 1457 999 1527 eadem
1014 1461 1198 1527 reverentia

6 1557 8 1658 ἶ
85 1572 112 1631 et
132 1587 237 1635 amore
264 1569 456 1636 continuare
481 1574 514 1636 et
538 1589 609 1636 esse
624 1567 822 1636 intendimus
852 1590 923 1636 cum
940 1569 1054 1636 eodem
1071 1569 1200 1638 domino

6 1695 7 1698 ¹
85 1671 171 1759 Rege,
185 1683 220 1744 et
235 1677 283 1745 sic
299 1700 320 1746 a
334 1680 441 1745 latere
456 1681 570 1744 nostro
585 1677 745 1744 nescimus
761 1678 860 1761 aliud,
875 1698 973 1763 quam
989 1678 1108 1744 bouem
1124 1700 1199 1746 oau-

86 1803 143 1848 sam
156 1784 277 1851 habere
287 1807 362 1852 cum
378 1807 437 1852 sua
446 1784 555 1871 Regia
570 1783 757 1852 Maiestate.
767 1785 891 1854 Verum
908 1806 979 1852 cum
992 1782 1198 1854 Ambaxator

6 1897 8 1964 ζ
84 1908 148 1956 snus
171 1891 295 1959 diceret
319 1893 424 1974 nobis,
442 1893 529 1976 quod
544 1891 614 1976 ipse
632 1892 781 1960 dominns
797 1891 874 1959 Dux
890 1891 1022 1976 sciebat,
1038 1894 1127 1978 quod
1142 1895 1198 1960 do·
1257 1981 1266 1988 ⁵

6 1989 15 2063 ἶ.
83 1997 173 2065 minus
196 1999 271 2066 Rex
294 1999 439 2068 habebat
463 2001 497 2066 in
523 2022 557 2068 se
581 2000 726 2085 aliquam
749 1999 971 2068 turbationem
986 2021 1065 2083 erga
1081 2023 1149 2084 nos,
1165 2007 1199 2070 et

6 2105 8 2144 ι
83 2106 159 2188 qnod
172 2115 349 2198 propterea
364 2108 576 2177 desiderabat
590 2109 625 2174 in
639 2109 702 2176 hoo
718 2129 754 2175 se
768 2110 1016 2188 intromitterre,
1032 2108 1150 2176 dicatis
1165 2117 1200 2178 et

6 2287 8 2310 ὲ
83 2217 305 2299 respondeatis,
337 2216 426 2299 quod
450 2237 561 2282 sumus
586 2218 730 2284 contenti
754 2239 813 2303 pro
838 2217 962 2283 honore
982 2215 1061 2283 dicti
1077 2215 1199 2284 domini

6 2313 8 2378 i
83 2321 183 2406 Ducis,
208 2326 297 2409 quod
312 2327 383 2410 ipse
402 2324 491 2391 volet
506 2331 539 2390 et
555 2324 745 2407 operabitur
760 2321 803 2406 id,
818 2320 907 2405 qnod
923 2321 986 2388 erit
1002 2321 1104 2390 honor
1120 2345 1198 2390 suus

6 2475 10 2518 Ι.
83 2435 112 2496 et
125 2432 321 2498 conservatio
337 2432 458 2498 amoris
473 2429 599 2498 etboni.
615 2429 681 2498 Sed
698 2431 726 2496 si
742 2429 907 2513 acciderit,
924 2428 1012 2514 qnod
1028 2429 1133 2496 dictus
1143 2428 1199 2496 do·

6 2535 10 2618 3
83 2541 175 2606 minus
189 2537 268 2605 Dux
283 2540 408 2605 diceret
431 2539 482 2604 vel
497 2545 650 2624 tangeret
666 2538 760 2604 nobis
784 2535 910 2620 aliquid
925 2538 966 2603 de
981 2535 1069 2604 lacto
1083 2539 1109 2606 J
1110 2539 1198 2619 edre,

6 2713 8 2744 ζ
82 2647 302 2732 respondeatis,
330 2648 418 2733 quod
433 2645 642 2713 manifestum
658 2653 707 2712 ast
722 2645 784 2712 toti
800 2645 931 2726 mundo,
948 2643 1117 2730 quodiam
1134 2651 1197 2713 tre-

6 2831 8 2844 Ι
83 2759 173 2823 centis
189 2758 281 2824 annis
298 2763 333 2823 et
348 2756 437 2822 ultra
452 2755 624 2822 habuimus
640 2753 820 2821 dominium
836 2751 991 2821 Civitatis
1007 2761 1041 2821 et
1057 2751 1198 2822 Districss

6 2845 8 2880 ³
82 2867 129 2928 tus
148 2864 261 2946 detine,
276 2871 311 2930 et
327 2865 445 2930 ineius
464 2862 668 2948 possessione
691 2862 831 2948 pacifica
847 2867 881 2928 et
897 2864 1009 2946 quieta
1031 2861 1149 2930 luimus
1165 2868 1198 2929 at

82 2975 317 3055 permansimus,
341 2970 485 3056 regendo
511 2978 544 3036 et
563 2969 783 3038 conservando
807 2971 913 3056 ipsam
931 2969 1116 3051 Civitatem,
1138 2971 1200 3039 Di-

82 3081 220 3146 strictum
235 3086 270 3147 et
285 3080 431 3146 homines
445 3083 479 3146 in
497 3080 607 3162 quieto
624 3085 657 3144 et
671 3099 830 3163 prospero
847 3085 947 3158 statu,
957 3080 1032 3145 etin
1048 3079 1199 3146 continno

6 3181 8 3190 '
83 3193 243 3270 augmento
259 3193 295 3254 et
309 3187 420 3282 farore
435 3188 508 3271 plus
523 3207 621 3272 quam
638 3185 765 3269 aliquos
782 3185 865 3252 alios
880 3191 1011 3252 nostros
1028 3186 1199 3270 subiectos,

83 3295 133 3360 sed
146 3295 205 3380 ipsi
220 3296 345 3381 ingrati
359 3298 394 3360 in
409 3301 503 3362 tanto
518 3295 604 3361 bono
615 3300 648 3360 et
656 3293 840 3378 incrassati,
857 3301 1030 3360 erexerunt
1046 3317 1080 3362 se
1095 3296 1130 3361 in
1148 3317 1201 3362 su·

80 3401 215 3483 perbiam
232 3411 264 3471 et
279 3402 491 3470 rebellionem
507 3407 623 3468 contra
638 3408 789 3470 nostrum
807 3399 994 3470 Commune.
1010 3404 1057 3470 nt
1072 3401 1099 3469 si
1113 3403 1199 3469 forte

6 3501 8 3558 i
82 3507 196 3578 diceret
217 3511 325 3578 dictus
341 3510 490 3578 dominus
513 3510 601 3592 Dux,
617 3509 704 3592 quod
729 3508 824 3576 nobis
839 3511 993 3594 placeret,
1018 3511 1198 3576 exereitum

6 3633 8 3686 ι
80 3622 217 3684 nostrum
239 3619 281 3685 ab
305 3617 473 3684 obsidione
496 3615 602 3683 Jadre
626 3615 735 3682 facere
759 3616 918 3683 removeri
934 3616 986 3683 rel
1000 3617 1133 3699 retrahi,
1149 3640 1199 3684 re·

82 3723 265 3806 spondeatis,
285 3724 373 3810 quod
394 3724 479 3791 sicut
503 3724 626 3790 dictum
650 3725 806 3808 superius,
833 3722 957 3790 Civitas
973 3731 1007 3790 et
1022 3723 1199 3791 Districtus

6 3835 8 3920 ζ
83 3826 180 3898 dadre
196 3841 244 3900 est
259 3835 364 3900 nostri
374 3832 529 3914 Dominii,
540 3838 573 3898 et
588 3855 608 3898 a
624 3837 717 3898 tanto
734 3837 766 3898 et
782 3832 828 3899 sic
844 3833 980 3917 entique
996 3838 1197 3916 temperant

6 3943 8 4028 ὲ
83 3937 254 4007 dictumest
264 3944 422 4027 superius.
432 3943 479 4008 Et
494 3940 672 4009 exereitum
682 3945 828 4007 nostrum
843 3946 989 4007 tenemus
1000 3947 1033 4007 et
1043 3940 1199 4009 habemus

81 4045 112 4110 in
135 4045 293 4118 Distnietu
317 4057 351 4118 et
374 4051 541 4117 territorio
566 4049 706 4134 predicti
723 4050 830 4118 nostri
843 4048 1000 4132 Dominii,
1016 4071 1075 4114 nec
1090 4055 1200 4134 potest

82 4151 151 4234 dici,
173 4159 257 4242 quod
272 4157 461 4225 iaciamus'
451 4158 606 4224 iniuriam
620 4157 767 4241 aliquam
782 4156 964 4223 tenendo
955 4178 989 4221 ιιι
1005 4163 1116 4223 nostro
1131 4155 1201 4240 Dog

6 4253 8 4340 ξ
81 4263 172 4329 minio
195 4273 227 4332 et
249 4268 420 4333 territorio
443 4271 592 4335 nostrum
618 4265 805 4332 exereitum.
830 4262 897 4332 Sed
912 4285 1007 4331 omne
1022 4265 1073 4330 ius
1088 4262 1202 4330 Deiet

6 4343 10 4446 l
85 4371 189 4437 mundi
202 4373 299 4440 vellet
314 4379 348 4440 e
333 4374 431 4441 ttvul
417 4373 544 4456 tqnod
559 4389 612 4439 res
631 4369 705 4439 riost
707 4395 753 4452 ra,
769 4393 830 4456 que
846 4371 982 4457 impedit
982 4395 1023 4440 ur
1038 4393 1096 4458 per
1112 4372 1202 4457 ipsos

6 4491 10 4568 3
88 4473 209 4546 Jadret
186 4485 270 4550 t1nos
285 4481 512 4550 temerariet
479 4487 512 4550 et
527 4481 638 4568 inique
654 4485 730 4547 cont
731 4501 769 4548 ra
784 4481 1002 4551 iuramentum
1018 4488 1051 4546 et
1066 4479 1203 4548 fidelita-
