3166 5256
552 325 647 387 1345.
1120 332 1159 390 79

7 483 10 576 i
69 498 169 580 Imperii
191 496 363 576 Romanis,
386 500 491 565 nobili
506 505 538 564 et
554 501 694 582 sepienti
712 503 781 564 viro
798 498 933 566 Andree
949 500 1105 566 Miclmeli
1122 502 1161 566 de

7 647 9 688 ,
68 626 109 671 suo
127 599 272 670 mandato
298 604 419 670 Comiti
447 605 531 670 Arbi
557 607 645 671 fideli
672 607 791 672 dilecto
818 609 956 672 salutem
985 615 1017 673 et
1038 609 1161 673 sincere

7 701 11 796 l
70 710 218 779 dilectionis
234 713 394 780 allectum.
422 714 537 794 Scitis3
563 717 725 798 quomodo
758 717 960 781 conditiones
993 715 1161 780 Sclavenie

7 805 9 900 l
67 828 266 903 remanserunt,
283 828 317 886 et
331 823 520 904 scripsimus
536 823 627 886 robis
644 823 683 888 de
700 825 725 889 J
726 823 894 906 adratiniS,
911 845 992 906 quos
1009 823 1163 888 habemus

7 903 9 1004 l
68 947 111 1007 pro
128 927 295 993 rebellibus
321 936 355 994 et
378 930 526 995 inimicis.
551 929 649 1002 Nunc
674 953 749 996 vero
775 932 866 996 robis
883 930 1061 1014 scribimus,
1077 931 1163 1016 quod

7 1007 12 1132 l
69 1037 195 1103 mittimus
222 1039 263 1102 ad
290 1045 404 1121 partes
430 1038 599 1104 Sclai'onie
617 1040 719 1104 virum
737 1039 877 1104 nobilem
894 1039 1044 1104 Marcum
1059 1038 1164 1103 Justi·

7 1197 9 1242 ᾗ
69 1144 171 1208 nianum
196 1145 228 1207 in
248 1144 466 1228 Capitaneum
482 1146 664 1228 generalem
681 1169 752 1210 curn
769 1147 913 1210 exercitu
930 1147 1060 1230 copioso
1076 1147 1165 1228 equi·

7 1255 9 1338 ζ
68 1253 304 1333 tunetpeditum
325 1259 439 1317 contra
455 1251 479 1316 J
481 1252 644 1316 adratinos
661 1252 807 1336 prefatos
818 1259 850 1316 et
866 1253 908 1317 ad
925 1251 1163 1336 procurandum

7 1345 9 1438 ζ
69 1359 314 1423 conservationem
339 1366 373 1424 et
400 1361 542 1440 quietem
558 1360 700 1442 partium
720 1359 898 1424 Sclai'onie.
916 1360 1058 1443 Propter
1078 1358 1163 1442 quod

7 1451 10 1540 l
69 1463 98 1526 de
111 1471 204 1530 restra
229 1467 403 1549 prudentia
419 1467 624 1549 confidentes
642 1467 831 1532 mandamus
849 1467 939 1531 robis
957 1489 1028 1531 cum
1045 1468 1164 1530 nostris

7 1565 9 1678 ἱ
70 1567 195 1636 Consiliis
219 1572 353 1655 Minori,
378 1573 582 1657 Rogatorum
608 1581 640 1638 et
667 1573 741 1655 XL,
768 1579 929 1656 quatenus
965 1574 1006 1637 do
1026 1573 1166 1656 presenti

7 1691 9 1756 r
68 1679 253 1758 personaliter
263 1681 347 1745 eatis
357 1687 478 1762 quanto
495 1682 597 1763 magis
613 1687 707 1745 caute
725 1687 757 1744 et
774 1681 939 1745 commode
955 1680 1107 1764 poteritis
1123 1680 1165 1745 ad

7 1789 9 1870 ξ
71 1783 190 1850 Comites
205 1787 366 1871 Doymum
383 1794 415 1853 et
434 1787 630 1852 Bartholum
647 1788 686 1852 de
703 1786 820 1871 Vegla,
836 1788 886 1852 rel
902 1789 1043 1852 mittatis
1058 1787 1109 1852 rel
1126 1786 1168 1851 ad

7 1891 9 1966 l
70 1893 186 1976 aliquem
210 1917 330 1978 eorum,
353 1918 425 1959 cum
446 1896 564 1976 quibus
579 1896 630 1960 vel
647 1895 752 1959 altero
768 1915 879 1960 eorum
897 1896 1057 1959 existente
1074 1917 1169 1978 expo·

7 2003 9 2078 ἶ
74 2020 136 2065 nere
149 2003 298 2083 debeatis,
314 2001 402 2087 quod
418 2003 643 2083 intelleximus,
660 2001 748 2086 quod
762 2001 834 2066 Rex
844 2001 1016 2082 Hungerie
1032 2023 1169 2066 recesse-

7 2115 9 2176 Ι
74 2115 113 2170 rat
135 2130 198 2174 cum
222 2115 290 2176 toto
317 2111 459 2175 exercitu
484 2133 550 2192 suo,
575 2111 692 2174 Banno
718 2131 775 2174 suo
800 2109 939 2174 Nicolao
955 2131 1028 2174 cum
1043 2110 1168 2174 modica

74 2223 153 2295 gente
174 2219 204 2280 in
229 2217 379 2300 partibus
400 2215 568 2282 Sclavenie
585 2216 733 2294 dimisso,
750 2223 783 2280 et
799 2215 884 2297 quod
902 2217 986 2280 sicut
1000 2218 1082 2282 scire
1097 2239 1168 2300 pos·

72 2329 141 2402 sunt,
155 2346 209 2407 pro
225 2329 314 2392 statu
330 2324 507 2407 tranquillo
524 2330 557 2388 et
572 2323 707 2406 pacifico
723 2323 823 2388 totius
839 2329 986 2388 contrate
1002 2322 1170 2389 Sclai'onie

73 2431 195 2499 misimus
219 2443 367 2502 nostrum
392 2435 571 2498 exercitum
605 2453 664 2515 per
689 2452 789 2516 mare,
814 2439 847 2495 et
872 2433 969 2497 alium
995 2435 1169 2497 exercitum

7 2529 9 2610 ἰ
72 2538 208 2605 mittimus
231 2561 290 2624 per
315 2546 454 2621 terram;
471 2543 503 2605 et
528 2541 555 2604 si
580 2540 652 2606 Rex
669 2539 879 2604 descenderet
894 2548 926 2605 et
942 2541 1076 2605 haberet
1091 2538 1170 2604 Dal-

7 2629 9 2731 l
72 2649 194 2729 matiam,
203 2649 306 2714 sciunt
317 2653 441 2731 quanto
457 2647 600 2731 periculo
617 2645 828 2712 subiacerent.
847 2646 892 2710 Et
908 2653 1082 2730 propterea
1097 2667 1169 2710 cum

7 2749 9 2838 ξ
73 2752 243 2820 intendimns
258 2755 366 2821 lacere
382 2760 492 2818 nostro
509 2771 602 2836 posse
618 2759 651 2817 et
667 2774 842 2835 procurare
858 2775 930 2818 curn
948 2753 1020 2819 aliis
1037 2753 1171 2818 Comiti-

74 2859 121 2926 bus
130 2869 158 2927 et
167 2862 350 2929 Batonibus
362 2860 531 2926 Sclnronie
541 2866 644 2925 totum
655 2857 699 2941 id,
710 2859 796 2942 qnod
807 2859 1038 2925 crediderimus
1049 2881 1119 2954 esse
1128 2860 1170 2925 ad

74 2974 173 3034 statum
184 2975 214 3034 et
223 2969 498 3036 conservationem
514 2987 614 3048 suam,
632 2972 664 3030 et
680 2966 824 3047 aliorum,
842 2989 900 3031 neo
910 2989 974 3032 non
984 2968 1087 3032 totius
1101 2988 1173 3032 con-

74 3080 144 3141 trute
164 3078 340 3161 prelibate;
358 3075 439 3140 scire
463 3075 506 3140 ab
532 3075 578 3138 eis
594 3074 644 3138 rel
659 3073 763 3138 altero
779 3095 889 3139 eorum
906 3074 1061 3156 debeatis,
1077 3096 1172 3158 quam

77 3183 249 3251 voluntatem
274 3184 433 3250 haberent
457 3183 490 3246 in
515 3181 672 3261 faciende,
687 3181 776 3264 quod
792 3183 855 3265 ipsi
872 3204 983 3248 secure
1000 3187 1085 3248 stare
1102 3204 1173 3264 pos-

76 3297 131 3354 sent
151 3299 182 3357 et
205 3299 314 3358 tenere
335 3290 421 3372 quod
447 3296 568 3371 teuent,
593 3298 626 3354 et
642 3288 730 3372 quod
744 3289 816 3354 Rex
833 3291 971 3372 amplius
988 3291 1094 3354 venire
1110 3310 1173 3353 non

77 3407 182 3479 posset;
197 3407 228 3464 et
253 3399 325 3482 quis
351 3399 465 3464 modus
489 3399 523 3462 in
539 3397 696 3480 predictis
712 3397 808 3462 rebus
826 3402 912 3462 esset
928 3398 1101 3477 tenendus;
1116 3395 1175 3460 hec

79 3510 104 3568 et
121 3507 180 3572 alia
203 3507 349 3590 dicendo,
374 3528 436 3590 que
461 3527 521 3588 pro
545 3504 668 3570 honore
693 3511 802 3569 nostro
824 3511 858 3569 et
872 3505 957 3570 bono
974 3506 1175 3588 negotiorum

79 3613 201 3680 ridentis
225 3614 402 3681 convenire.
426 3615 473 3682 Et
497 3618 611 3692 totum,
627 3612 714 3694 quod
730 3611 909 3678 habueritis
926 3619 958 3678 et
973 3614 1104 3678 trahere
1120 3633 1175 3694 po-

7 3787 9 3798 ,
78 3721 162 3786 teritis
183 3722 223 3787 ab
247 3722 326 3805 ipsis
352 3721 386 3785 in
401 3718 556 3803 predictis
577 3724 610 3783 et
633 3721 721 3784 circa
740 3720 896 3802 predicta,
913 3720 1005 3787 nobis
1020 3719 1172 3784 velociter

7 3809 23 3940 'l-
81 3825 226 3893 denotatis.
251 3828 410 3894 Preterea
425 3826 591 3908 cupientes
606 3825 646 3889 dc
662 3827 752 3891 noris
769 3833 800 3891 ct
815 3826 1069 3892 condictionibus
1084 3827 1177 3892 Hun-

7 3943 9 4036 j
80 3953 219 4020 gerarum,
234 3938 290 4020 qui
311 3938 535 4001 remanserunt
554 3934 588 3996 in
604 3939 764 4013 contrata,
780 3935 899 4001 babere
915 3936 1075 4016 noticiam,
1091 3942 1123 3999 et
1138 3935 1177 3999 de

7 4091 9 4134 ,
81 4043 212 4124 omnibus,
228 4064 291 4126 que
310 4041 393 4106 fiunt
409 4045 440 4104 et
450 4038 640 4104 ordinantur
656 4060 715 4122 per
732 4040 820 4123 ipsos
836 4048 868 4105 et
884 4041 918 4108 in
934 4042 1012 4124 ipsis
1028 4042 1178 4124 partibus

7 4147 9 4238 ξ
79 4164 123 4225 per
135 4171 250 4216 omnem
261 4152 348 4214 riam
358 4163 389 4212 et
398 4146 536 4226 modum,
547 4145 634 4228 quod
649 4145 719 4210 lieri
728 4149 850 4229 possit,
867 4149 1059 4214 mandamus
1077 4149 1179 4233 robis,

7 4243 10 4270 '⁷
81 4257 159 4342 quod,
181 4258 317 4342 receptis
332 4254 544 4339 presentibus,
555 4254 729 4319 invenietis
745 4254 874 4336 aliquos
891 4255 993 4320 bonos
1009 4262 1042 4321 et
1057 4257 1179 4340 legales

7 4351 9 4398 l
78 4381 209 4448 cursores,
233 4365 289 4449 qui
313 4364 436 4429 radant
452 4362 496 4428 ad
512 4367 644 4440 terram,
660 4362 715 4427 ubi
732 4369 842 4426 manet
860 4361 996 4428 Bannus
1013 4363 1181 4448 Nicoleus,

7 4443 13 4550 i
79 4476 105 4533 et
125 4471 288 4557 inquirant,
306 4493 380 4538 cum
397 4473 520 4554 quantu
538 4474 634 4551 gente
651 4471 817 4554 remansit,
834 4476 868 4535 et
883 4470 1037 4538 studeant
1052 4492 1180 4555 presen-

7 2851 9 2926 l

7 3431 12 3534 i
