3254 5260
630 370 724 432 1313.
1201 373 1234 431 11

129 549 342 636 solainspeota
359 547 545 612 substantia
578 546 733 626 veritatis
764 547 862 610 dictis
894 543 1150 628 supplicantibus
1166 545 1241 610 inde

23 643 24 736 ᾗ
129 655 296 720 ministrare
313 656 435 720 curetis
452 660 486 719 et
509 654 626 732 lacere,
640 654 776 720 remotis
802 653 966 720 cauillosis
992 652 1192 718 anfractibus
1209 639 1243 715 01

133 760 325 828 dilationibus
341 761 497 827 indebitis
523 760 780 844 quibuscunque,
796 766 863 826 tam
896 758 1073 824 efficaciter
1090 779 1187 840 quam
1205 761 1240 824 in

23 879 37 960 ξ.
130 875 245 952 stanter,
256 871 360 954 plene,
371 869 485 934 celeris
503 874 536 933 01
551 869 699 951 expedite
714 868 838 933 iustitie
855 867 1131 949 complementum.
1148 865 1242 934 Bona

129 997 192 1042 uero
205 977 351 1060 predicta
367 976 428 1040 hec
444 997 515 1041 esse
532 976 702 1056 dicuntur;
732 975 886 1041 videlicet
916 975 1001 1040 calix
1034 995 1113 1040 unus
1129 975 1241 1056 magni

23 1097 25 1128 ³
128 1085 261 1166 ponderis
276 1085 316 1150 de
332 1105 414 1149 auro
430 1103 523 1167 pur0,
539 1105 618 1148 crux
629 1104 691 1149 vna
707 1105 781 1149 cum
790 1081 954 1167 lapidibus
963 1081 1116 1165 pretiosis
1133 1081 1174 1148 de
1190 1103 1241 1150 ar·

23 1239 25 1270 ,
129 1197 217 1272 genta,
233 1191 375 1276 ampulle
392 1190 454 1256 due
470 1192 511 1257 de
526 1196 673 1273 argento,
705 1191 901 1256 candelebra
917 1191 957 1254 de
973 1193 1109 1272 argento
1126 1187 1190 1254 duo
1207 1195 1240 1254 et

23 1315 24 1396 3
131 1297 221 1364 omnia
235 1299 405 1380 deaurata,
422 1299 486 1364 duo
501 1301 601 1383 panni
627 1298 770 1381 pretiosi,
787 1304 820 1363 et
850 1319 946 1362 vnum
961 1296 1101 1362 frontale
1118 1298 1242 1381 capella

130 1407 283 1487 completa,
306 1427 370 1470 vna
401 1407 536 1489 planeta
566 1405 750 1470 dulmanica
773 1405 893 1484 tunica,
925 1409 957 1468 et
986 1425 1082 1468 unum
1098 1403 1241 1486 pluuiale

23 1555 25 1560 ,
131 1512 251 1578 amictus
266 1513 340 1578 albe
357 1514 444 1577 scole
470 1511 605 1589 cortine,
623 1517 656 1578 et
680 1513 789 1576 omnia
812 1511 949 1576 multum
965 1511 1088 1593 pulcra.
1119 1508 1243 1576 Datum

23 1721 25 1736 ‚
128 1615 253 1702 Neapoli
267 1614 532 1702 MCOCXLIIL
549 1619 602 1685 die
620 1615 679 1684 VI.
696 1617 788 1684 Maii.

219 1775 411 1846 (annegiscri
424 1781 698 1846 Angioini‹H.335.
727 1793 803 1830 sna.
830 1780 950 1846 Regesta
971 1780 1119 1831 ‹Iohannao
1131 1777 1153 1827 1.
1167 1777 1243 1827 kom-

23 1869 24 1882 ²
130 1865 244 1934 ,0010
264 1869 327 1935 nv.)

598 2083 756 2092 Ἥ

670 2339 700 2396 8.

23 2505 24 2510 ¹
128 2511 669 2597 010000·10100110101001
686 2513 925 2576 10110100110010
942 2513 1087 2576 11000001
1112 2516 1243 2576 cadezo'r

243 2619 274 2682 10
289 2643 310 2681 o
326 2619 415 2682 azert
431 2618 547 2702 kirtly
562 2619 648 2682 lodzli
667 2619 794 2706 oiozony
808 2621 1000 2705 tdrpydbao.
1019 2621 1113 2684 1343.

23 2869 25 2878 Ι
223 2793 344 2860 Habita
361 2795 533 2860 collatione
550 2817 622 2861 cum
639 2795 1002 2862 Ambaxatoredomine
1020 2795 1242 2880 Imperatricis

23 2927 24 2978 j
129 2896 414 2985 Constantinopolis
430 2903 548 2968 eteius
564 2903 632 2967 nati
651 2902 774 2968 domini
790 2903 1004 2986 Imperatoris
1020 2925 1117 2988 super
1133 2903 1242 2968 amba·

129 3007 208 3071 xiata
222 3031 277 3091 per
291 3010 400 3092 ipsum
432 3015 582 3074 oretenus
609 3012 773 3093 explicata
788 3011 949 3090 Dominio,
965 3011 998 3073 in
1014 3011 1163 3075 effectum
1179 3009 1243 3075 duo

23 3201 26 3216 1
131 3113 256 3194 capitula
271 3117 474 3194 continente;
506 3117 628 3181 auditis
655 3120 754 3184 etiam
771 3124 804 3183 et
818 3119 992 3184 intellectis
1009 3116 1165 3198 omnibus,
1181 3137 1242 3200 que

132 3217 205 3286 idem
219 3219 423 3289 Ambaxator
438 3221 563 3288 referre
580 3225 690 3304 voluit,
707 3247 803 3308 super
819 3227 894 3290 iude
910 3226 996 3290 bona
1010 3225 1243 3291 deliberatione

23 3369 24 3374 κ
132 3327 295 3412 prehabito,
310 3329 484 3395 consulunt
500 3331 705 3396 concorditer
722 3330 902 3417 Sapientes
913 3335 999 3416 quod
1009 3334 1243 3417 respondeatur

23 3489 25 3516 ζ
132 3431 205 3498 dicto
219 3437 434 3502 ambassatori
451 3435 565 3518 (1343.
581 3439 687 3523 majus
705 3439 790 3524 12.);
806 3445 840 3505 et
855 3441 960 3524 primo

23 3607 24 3616 ,
225 3540 387 3627 Capta:
411 3541 469 3609 Ad
484 3545 625 3628 primum
642 3547 829 3629 capitulum,
838 3569 896 3632 per
913 3548 1000 3632 quod
1016 3571 1036 3613 0
1051 3547 1145 3612 nobis
1160 3545 1244 3631 petit

23 3657 25 3714 ζ
132 3649 268 3714 auxilium
284 3658 316 3716 01
331 3673 520 3717 succursum
536 3658 650 3719 contra
666 3653 814 3721 Turchos
832 3657 891 3721 stb.

223 3757 382 3842 Capta:
399 3759 456 3824 Ad
472 3762 647 3826 secundum
663 3765 851 3848 capitulum,
867 3786 923 3852 per
934 3763 1022 3847 quod
1032 3764 1102 3847 ipse
1119 3759 1245 3825 Amba·

131 3866 222 3946 rator,
236 3867 377 3950 exponit,
395 3867 484 3949 quod
498 3867 598 3951 Mega
613 3869 821 3937 Domesticus
838 3871 969 3938 rebellis
989 3869 1128 3962 ¹Imperii
1145 3890 1178 3932 se
1194 3863 1244 3931 re'

23 4055 25 4070 ι
131 3965 210 4036 duxit
223 3971 264 4038 ad
278 3971 411 4059 Regem
433 3974 547 4056 Rome,
579 3999 653 4044 cum
683 4001 747 4062 quo
764 3981 921 4045 tractavit
937 3985 969 4043 et
985 3982 1108 4042 tractat
1125 3973 1244 4039 cotidie

23 4081 25 4096 ²
130 4077 352 4146 subversionem
367 4080 471 4148 totius
488 4083 640 4166 Imperii;
671 4085 818 4169 rogando
833 4109 902 4167 nos,
919 4086 1007 4168 quod
1022 4084 1158 4148 velimus
1174 4081 1245 4146 mit-

131 4187 188 4250 tere
202 4187 406 4254 ambaxatam
422 4190 509 4256 dicto
527 4191 656 4256 domino
672 4192 758 4275 Regi
776 4196 816 4260 ad
827 4193 1028 4279 precandum
1044 4189 1245 4255 0110110000-

23 4321 25 4350 t
129 4289 195 4356 dum
209 4315 288 4376 eum,
305 4297 393 4379 quod
409 4319 473 4361 uon
488 4306 615 4380 prestet
632 4303 788 4367 auxilium
804 4324 863 4367 nec
880 4301 1020 4366 favorem
1037 4300 1125 4364 dicto
1145 4297 1245 4379 Mega

23 4395 25 4470 ῗ
129 4391 303 4470 Domestico
330 4408 410 4482 eto.;
440 4404 598 4471 habentes
616 4406 786 4492 Sapientes
818 4415 1008 4493 respectum,
1026 4405 1113 4490 quod
1140 4407 1244 4470 omnis

23 4525 27 4596 ζ
124 4505 216 4572 oritas
231 4516 263 4573 et
279 4509 459 4590 sinistrum,
477 4531 576 4592 quam
593 4519 625 4576 et
643 4517 731 4596 quod
752 4517 876 4580 subiret
906 4517 1015 4598 ipsum
1034 4513 1226 4596 imparium,
