3220 5248
406 350 471 413 524
753 369 987 416 nrrnounczmr
1004 357 1173 415 uncinus.
1211 399 1215 404 .

302 523 306 532 ’
405 531 507 593 nostri
533 528 704 612 procurari
729 535 871 612 possent,
898 535 932 595 et
956 530 1000 596 ad
1016 527 1269 614 promovendum
1285 532 1391 596 multa
1407 531 1487 596 bona
1501 537 1526 596 et

405 636 500 702 utilia
513 659 573 720 pro
589 637 702 718 nobis;
717 643 750 703 et
765 637 863 704 modo
880 637 1060 704 habeamus
1076 638 1156 704 satis
1172 639 1277 706 bonas
1287 646 1320 706 et
1336 645 1524 724 apparentes

404 765 521 810 causas
546 745 586 810 de
611 745 770 811 mittendo
795 751 863 812 tam
886 767 947 829 pro
963 746 1050 814 sacto
1068 747 1251 829 Casamate,
1265 769 1364 831 quam
1388 768 1448 832 pro
1464 748 1528 814 aliis

404 853 499 920 factis
516 873 578 936 que
593 858 784 919 occurrunt:
800 851 892 918 radit
916 874 1003 936 pars,
1029 852 1118 937 quod
1136 854 1316 920 innomine
1341 856 1426 922 Jesn
1442 852 1528 920 Chri-

405 959 466 1025 stri
482 959 624 1042 eligatur
641 967 673 1025 et
689 961 839 1026 mittatur
850 981 934 1026 unus
949 961 1092 1028 solennis
1111 958 1334 1028 Ambaxiator
1352 963 1396 1029 ad
1412 963 1525 1028 dictum

405 1066 530 1152 Regem
545 1068 619 1134 istis
635 1069 677 1134 de
693 1069 799 1136 causis
815 1068 877 1134 stb.

512 1173 735 1244 DieXJulii.
746 1177 882 1242 Electus
892 1174 1112 1242 Ambaxiator
1123 1176 1528 1244 serLeonardusDandulo

409 1283 546 1350 condam
562 1285 685 1352 domini
700 1285 823 1366 Ducis3
838 1285 962 1368 plezius
978 1305 1030 1350 ser
1044 1284 1378 1369 JacobusMarango.

513 1391 579 1458 Die
604 1391 749 1458 XXIX.
770 1392 974 1460 Decembris.
1000 1390 1163 1477 Capta:
1179 1393 1263 1460 Cum
1278 1393 1360 1460 utile
1375 1394 1420 1459 sit
1434 1395 1528 1479 prori-

405 1499 492 1581 dere,
519 1499 608 1584 qnod
633 1500 753 1566 nobilis
779 1501 829 1566 vir
855 1521 908 1566 ser
933 1500 1127 1567 Leonordus
1145 1501 1300 1568 Dandulo
1319 1501 1529 1568 Ambaxiator

405 1609 448 1676 ad
473 1610 640 1676 dominum
669 1609 797 1694 Regem
821 1610 995 1692 Hungarie
1019 1609 1135 1676 redeat
1158 1608 1333 1692 Venetias;
1350 1611 1529 1696 uaditpurs,

406 1717 494 1801 quod
519 1718 684 1785 scribatur
709 1718 749 1798 ei,
775 1717 862 1808 quod
878 1737 951 1782 curn
969 1718 1014 1782 sit
1029 1717 1153 1784 electus
1169 1714 1372 1800 capitaneus
1388 1716 1527 1795 Tarvisii,

405 1825 524 1892 debeat
547 1825 657 1893 redire
681 1823 841 1896 Venutius
866 1825 908 1891 ad
934 1826 1091 1910 regimem
1116 1848 1220 1892 suum.
1244 1826 1291 1892 Et
1315 1825 1435 1892 siRex
1452 1829 1528 1890 esset

404 1933 451 2000 ibi
475 1955 578 2019 prope
602 1936 659 2018 ita,
688 1933 774 2017 quod
792 1932 960 2000 commode
976 1934 1081 2017 possit
1095 1933 1243 2017 accipere
1261 1937 1478 1999 commeatum
1492 1930 1526 1996 ab

405 2063 452 2126 eo,
468 2042 609 2125 accipiat
624 2049 840 2108 commeatum
856 2041 994 2125 abipso,
1011 2040 1150 2107 dicendo
1167 2041 1197 2106 ei
1214 2061 1347 2108 oausam
1361 2040 1412 2106 sui
1433 2059 1527 2106 roceo

405 2171 468 2216 sus.
486 2149 523 2218 Si
539 2157 650 2216 autem
665 2151 737 2217 Rex
753 2157 838 2216 esset
854 2151 889 2214 in
897 2149 1047 2234 partibus
1059 2150 1108 2215 ita
1117 2150 1261 2234 remotis,
1272 2147 1360 2232 qnod
1371 2147 1526 2214 commode

404 2279 470 2324 uon
484 2264 595 2342 posset
611 2260 759 2342 accipere
775 2263 991 2326 commeatum
1006 2258 1048 2324 ab
1065 2279 1113 2340 eo,
1132 2257 1274 2342 occipiat
1288 2280 1309 2325 a
1324 2257 1472 2342 Reginis,
1485 2255 1526 2320 vel

405 2366 447 2432 ab
463 2367 537 2434 aliis
554 2368 610 2451 qui
626 2366 859 2434 remansissent
874 2366 946 2432 loco
963 2367 1043 2432 cius.

404 2514 440 2577 (A
456 2513 564 2564 »nisti«
581 2514 672 2564 cainiti
686 2513 827 2565 velenezei
840 2513 1070 2579 allamkiinyvbbl
1082 2513 1202 2566 XXVII.
1216 2514 1275 2565 not.
1291 2516 1350 2566 126.
1365 2511 1393 2563 ts
1408 2515 1468 2562 loa.
1491 2511 1525 2573 il.)

967 2659 1051 2666 -..--

405 2965 548 3050 LLojoc
572 2983 713 3050 propper
728 2962 841 3050 kirtly
866 2963 1086 3048 badibojokot
1110 2963 1195 3028 trud
1220 2987 1240 3026 a
1257 2963 1397 3028 ozerbioi
1421 2963 1526 3026 ςεάιάτ
1587 3051 1589 3076 4

867 3071 956 3135 ellan.
978 3071 1074 3136 1358.
1588 3095 1589 3104 ¹

512 3231 640 3296 Littera
665 3231 689 3298 J
691 3230 828 3297 ohannis
854 3229 955 3296 totius
972 3227 1141 3296 Dalmatio
1157 3236 1190 3294 et
1205 3229 1341 3296 Oroatia
1358 3229 1454 3312 Boni,
1470 3226 1527 3293 Do·
1587 3295 1588 3298 ,

403 3341 545 3424 minique
562 3340 666 3405 Terre
682 3338 801 3406 Halme
818 3337 1029 3405 honorabilis.

512 3445 595 3512 Cum
620 3447 768 3514 dominus
793 3453 905 3512 noster
921 3444 994 3528 Rer
1010 3444 1186 3528 Hungarie
1201 3442 1244 3510 ad
1262 3465 1398 3528 presens
1416 3446 1525 3512 habeat

404 3577 555 3638 guerram
589 3577 663 3621 cum
687 3555 780 3640 Rege
805 3555 871 3620 sive
897 3554 1103 3638 imperatore
1124 3551 1231 3618 Raxie
1265 3571 1322 3617 seu
1358 3550 1480 3633 Servio,
1499 3559 1527 3614 et

403 3665 516 3747 aliqua
531 3664 623 3746 ligna
638 3671 753 3730 nostra
768 3662 974 3729 intendamus
990 3661 1122 3727 mittere
1141 3663 1256 3726 contra
1272 3659 1397 3725 emulos
1415 3659 1526 3726 domini

403 3774 507 3840 nostri
531 3772 634 3856 Regis
659 3793 719 3856 per
733 3793 833 3838 mare.
849 3769 959 3854 Quare
975 3769 1153 3836 amicitiam
1173 3771 1314 3833 vestram
1330 3768 1526 3852 presentibus

402 3880 600 3964 requirimus
617 3880 801 3963 diligenter,
817 3884 977 3964 quatenus
993 3878 1123 3961 placeat
1137 3875 1254 3942 vestris
1270 3875 1374 3959 galeis
1385 3876 1526 3956 scribere,
1585 3925 1587 3954 ᾗ

404 3995 440 4055 ut
466 3990 590 4055 nostris
605 3987 792 4055 hominibus
809 4010 868 4072 per
884 4007 975 4052 mare
992 3985 1146 4052 euntibus
1161 4005 1202 4050 ne
1217 3986 1319 4052 velint
1335 4007 1462 4065 nocere,
1477 4005 1526 4050 nec

403 4098 535 4164 eosdem
566 4097 676 4184 aliquo
708 4095 816 4163 colore
840 4096 1007 4181 impedire.
1034 4094 1124 4162 Nam
1155 4094 1218 4180 ipsi
1250 4093 1398 4161 homines
1431 4091 1525 4160 nostri

403 4206 483 4272 nulli
498 4207 670 4288 nocebunt,
686 4206 749 4272 nisi
765 4205 879 4272 emulis
896 4204 976 4270 dicti
991 4203 1115 4272 domini
1131 4203 1233 4270 nostri
1244 4202 1346 4287 Regis
1363 4199 1524 4288 prenotati

402 4311 493 4380 Data
510 4315 621 4380 Tinini
639 4320 731 4382 sexto
749 4314 802 4381 die
819 4311 981 4380 Octobris.

512 4458 548 4518 (Α
573 4459 675 4524 »Copia
687 4463 721 4512 de
735 4459 975 4511 Commemoriali«
991 4459 1082 4509 ozimii
1096 4457 1234 4508 velenezei
1247 4457 1473 4521 ailarnk'onyvnol
1486 4454 1522 4504 vl.
1584 4445 1586 4458 '

401 4547 461 4598 kur,
476 4553 518 4599 95.
531 4549 595 4618 lev.)

890 4658 1049 4670 -—·—-—--
