<?xml version="1.0" encoding="UTF-8"?>
<!DOCTYPE html PUBLIC "-//W3C//DTD XHTML 1.0 Transitional//EN"
    "http://www.w3.org/TR/xhtml1/DTD/xhtml1-transitional.dtd">
<html xmlns="http://www.w3.org/1999/xhtml" xml:lang="en" lang="en">
 <head>
  <title>
</title>
<meta http-equiv="Content-Type" content="text/html;charset=utf-8" />
  <meta name='ocr-system' content='tesseract 3.04.00' />
  <meta name='ocr-capabilities' content='ocr_page ocr_carea ocr_par ocr_line ocrx_word'/>
</head>
<body>
  <div class='ocr_page' id='page_1' title='image "./magyardiplomacz01wenzgoog_0183.png"; bbox 0 0 3134 5252; ppageno 0'>
   <div class='ocr_carea' id='block_1_1' title="bbox 570 321 1173 396">
    <p class='ocr_par' dir='ltr' id='par_1_1' title="bbox 570 321 1173 396">
     <span class='ocr_line' id='line_1_1' title="bbox 570 321 1173 396; baseline 0 -4"><span class='ocrx_word' id='word_1_1' title='bbox 570 327 664 396; x_wconf 79' lang='lat'>1346.</span> <span class='ocrx_word' id='word_1_2' title='bbox 1110 321 1173 392; x_wconf 76' lang='lat'>147</span> 
     </span>
    </p>
   </div>
   <div class='ocr_carea' id='block_1_2' title="bbox 6 496 1284 3391">
    <p class='ocr_par' dir='ltr' id='par_1_2' title="bbox 6 496 1174 1018">
     <span class='ocr_line' id='line_1_2' title="bbox 6 496 1172 594; baseline 0.005 -29"><span class='ocrx_word' id='word_1_3' title='bbox 6 591 7 594; x_wconf 8' lang='grc' dir='ltr'><strong>Ἴ</strong></span> <span class='ocrx_word' id='word_1_4' title='bbox 65 496 227 567; x_wconf 77' lang='lat' dir='ltr'><strong>nominante</strong></span> <span class='ocrx_word' id='word_1_5' title='bbox 243 503 327 570; x_wconf 89' lang='lat' dir='ltr'>iuter</span> <span class='ocrx_word' id='word_1_6' title='bbox 338 506 422 571; x_wconf 89' lang='lat' dir='ltr'>alios</span> <span class='ocrx_word' id='word_1_7' title='bbox 438 505 642 587; x_wconf 85' lang='lat' dir='ltr'>ipsiusnecis</span> <span class='ocrx_word' id='word_1_8' title='bbox 659 506 798 588; x_wconf 86' lang='lat' dir='ltr'>prescios</span> <span class='ocrx_word' id='word_1_9' title='bbox 809 526 867 570; x_wconf 91' lang='lat' dir='ltr'>seu</span> <span class='ocrx_word' id='word_1_10' title='bbox 884 509 1050 590; x_wconf 89' lang='lat' dir='ltr'>suspectos</span> <span class='ocrx_word' id='word_1_11' title='bbox 1067 505 1172 570; x_wconf 86' lang='lat' dir='ltr'>virum</span> 
     </span>
     <span class='ocr_line' id='line_1_3' title="bbox 6 597 1174 695; baseline 0.004 -24"><span class='ocrx_word' id='word_1_12' title='bbox 6 597 7 600; x_wconf 26' lang='lat'>¹</span> <span class='ocrx_word' id='word_1_13' title='bbox 65 607 186 672; x_wconf 89' lang='lat' dir='ltr'>nobilem</span> <span class='ocrx_word' id='word_1_14' title='bbox 210 608 343 676; x_wconf 86' lang='lat' dir='ltr'>Sassum</span> <span class='ocrx_word' id='word_1_15' title='bbox 370 612 410 678; x_wconf 90' lang='lat' dir='ltr'>de</span> <span class='ocrx_word' id='word_1_16' title='bbox 426 612 597 678; x_wconf 88' lang='lat' dir='ltr'>Diuisiaco</span> <span class='ocrx_word' id='word_1_17' title='bbox 617 611 747 695; x_wconf 83' lang='lat' dir='ltr'>Terlitij</span> <span class='ocrx_word' id='word_1_18' title='bbox 766 611 929 678; x_wconf 82' lang='lat' dir='ltr'>Comitem</span> <span class='ocrx_word' id='word_1_19' title='bbox 945 635 983 679; x_wconf 88' lang='lat' dir='ltr'>ao</span> <span class='ocrx_word' id='word_1_20' title='bbox 999 613 1106 695; x_wconf 85' lang='lat' dir='ltr'><strong>Regni</strong></span> <span class='ocrx_word' id='word_1_21' title='bbox 1123 612 1174 678; x_wconf 86' lang='lat' dir='ltr'>Si-</span> 
     </span>
     <span class='ocr_line' id='line_1_4' title="bbox 6 715 1173 801; baseline 0.008 -21"><span class='ocrx_word' id='word_1_22' title='bbox 6 793 8 800; x_wconf 19' lang='lat'>,</span> <span class='ocrx_word' id='word_1_23' title='bbox 65 715 124 780; x_wconf 83' lang='lat' dir='ltr'>cibe</span> <span class='ocrx_word' id='word_1_24' title='bbox 138 717 567 801; x_wconf 85' lang='lat' dir='ltr'>Marescallunn,Rober·tum</span> <span class='ocrx_word' id='word_1_25' title='bbox 577 721 617 785; x_wconf 89' lang='lat' dir='ltr'>de</span> <span class='ocrx_word' id='word_1_26' title='bbox 629 719 795 786; x_wconf 90' lang='lat' dir='ltr'>Cabannis</span> <span class='ocrx_word' id='word_1_27' title='bbox 813 719 976 786; x_wconf 79' lang='lat' dir='ltr'>Comitem</span> <span class='ocrx_word' id='word_1_28' title='bbox 986 721 1085 786; x_wconf 82' lang='lat' dir='ltr'>Eboli</span> <span class='ocrx_word' id='word_1_29' title='bbox 1101 722 1173 789; x_wconf 90' lang='lat' dir='ltr'>Ma·</span> 
     </span>
     <span class='ocr_line' id='line_1_5' title="bbox 6 822 1172 912; baseline 0.007 -26"><span class='ocrx_word' id='word_1_30' title='bbox 6 841 8 912; x_wconf 72' lang='lat' dir='ltr'><em>J</em></span> <span class='ocrx_word' id='word_1_31' title='bbox 64 843 145 905; x_wconf 82' lang='lat' dir='ltr'>gnum</span> <span class='ocrx_word' id='word_1_32' title='bbox 159 822 263 908; x_wconf 83' lang='lat' dir='ltr'>Regni</span> <span class='ocrx_word' id='word_1_33' title='bbox 272 823 387 892; x_wconf 83' lang='lat' dir='ltr'>Sicilie</span> <span class='ocrx_word' id='word_1_34' title='bbox 404 825 634 909; x_wconf 84' lang='lat' dir='ltr'>Senescallum,</span> <span class='ocrx_word' id='word_1_35' title='bbox 644 826 725 892; x_wconf 87' lang='lat' dir='ltr'>Illos</span> <span class='ocrx_word' id='word_1_36' title='bbox 737 827 776 890; x_wconf 90' lang='lat' dir='ltr'>de</span> <span class='ocrx_word' id='word_1_37' title='bbox 787 827 980 911; x_wconf 62' lang='lat' dir='ltr'>lingonissa,</span> <span class='ocrx_word' id='word_1_38' title='bbox 998 827 1172 894; x_wconf 76' lang='lat' dir='ltr'>Nicolaum</span> 
     </span>
     <span class='ocr_line' id='line_1_6' title="bbox 6 929 1172 1018; baseline 0.009 -26"><span class='ocrx_word' id='word_1_39' title='bbox 6 943 8 954; x_wconf 59' lang='lat'><em>³</em></span> <span class='ocrx_word' id='word_1_40' title='bbox 63 929 96 993; x_wconf 87' lang='lat' dir='ltr'>de</span> <span class='ocrx_word' id='word_1_41' title='bbox 109 929 280 997; x_wconf 87' lang='lat' dir='ltr'>Milaozano</span> <span class='ocrx_word' id='word_1_42' title='bbox 297 932 506 1016; x_wconf 81' lang='lat' dir='ltr'><strong>hostiarium,</strong></span> <span class='ocrx_word' id='word_1_43' title='bbox 522 934 713 1018; x_wconf 80' lang='lat' dir='ltr'>Philippum</span> <span class='ocrx_word' id='word_1_44' title='bbox 729 931 769 999; x_wconf 90' lang='lat' dir='ltr'>de</span> <span class='ocrx_word' id='word_1_45' title='bbox 785 933 952 1000; x_wconf 76' lang='lat' dir='ltr'>Cothonis</span> <span class='ocrx_word' id='word_1_46' title='bbox 968 937 1172 1018; x_wconf 81' lang='lat' dir='ltr'>magistram,</span> 
     </span>
    </p>

    <p class='ocr_par' dir='ltr' id='par_1_3' title="bbox 63 1037 1171 1110">
     <span class='ocr_line' id='line_1_7' title="bbox 63 1037 1171 1110; baseline 0.008 -9"><span class='ocrx_word' id='word_1_47' title='bbox 63 1043 89 1102; x_wconf 88' lang='lat' dir='ltr'>ct</span> <span class='ocrx_word' id='word_1_48' title='bbox 101 1037 255 1104; x_wconf 89' lang='lat' dir='ltr'>mulierem</span> <span class='ocrx_word' id='word_1_49' title='bbox 282 1041 427 1108; x_wconf 91' lang='lat' dir='ltr'>nobilem</span> <span class='ocrx_word' id='word_1_50' title='bbox 453 1041 618 1108; x_wconf 85' lang='lat' dir='ltr'>Sanctiam</span> <span class='ocrx_word' id='word_1_51' title='bbox 634 1042 674 1107; x_wconf 89' lang='lat' dir='ltr'>de</span> <span class='ocrx_word' id='word_1_52' title='bbox 692 1039 857 1107; x_wconf 86' lang='lat' dir='ltr'>Cabannis</span> <span class='ocrx_word' id='word_1_53' title='bbox 875 1039 1081 1108; x_wconf 78' lang='lat' dir='ltr'>Conritissruu</span> <span class='ocrx_word' id='word_1_54' title='bbox 1099 1045 1171 1110; x_wconf 88' lang='lat' dir='ltr'>Mu-</span> 
     </span>
    </p>

    <p class='ocr_par' dir='ltr' id='par_1_4' title="bbox 6 1146 1284 3391">
     <span class='ocr_line' id='line_1_8' title="bbox 62 1146 1171 1233; baseline 0.009 -27"><span class='ocrx_word' id='word_1_55' title='bbox 62 1146 144 1228; x_wconf 87' lang='lat' dir='ltr'>reoni,</span> <span class='ocrx_word' id='word_1_56' title='bbox 165 1149 282 1213; x_wconf 88' lang='lat' dir='ltr'>sociam</span> <span class='ocrx_word' id='word_1_57' title='bbox 309 1156 343 1215; x_wconf 93' lang='lat' dir='ltr'>et</span> <span class='ocrx_word' id='word_1_58' title='bbox 359 1148 554 1217; x_wconf 83' lang='lat' dir='ltr'>familiarem</span> <span class='ocrx_word' id='word_1_59' title='bbox 571 1155 724 1230; x_wconf 89' lang='lat' dir='ltr'>nostram,</span> <span class='ocrx_word' id='word_1_60' title='bbox 742 1151 798 1233; x_wconf 89' lang='lat' dir='ltr'>qui</span> <span class='ocrx_word' id='word_1_61' title='bbox 820 1149 985 1215; x_wconf 90' lang='lat' dir='ltr'>nobiscum</span> <span class='ocrx_word' id='word_1_62' title='bbox 1002 1151 1034 1214; x_wconf 91' lang='lat' dir='ltr'>in</span> <span class='ocrx_word' id='word_1_63' title='bbox 1051 1149 1171 1218; x_wconf 84' lang='lat' dir='ltr'>Castro</span> 
     </span>
     <span class='ocr_line' id='line_1_9' title="bbox 6 1250 1284 1342; baseline 0.009 -25"><span class='ocrx_word' id='word_1_64' title='bbox 6 1311 8 1326; x_wconf 84' lang='lat'><strong><em>‚</em></strong></span> <span class='ocrx_word' id='word_1_65' title='bbox 62 1250 137 1320; x_wconf 83' lang='lat' dir='ltr'>Novo</span> <span class='ocrx_word' id='word_1_66' title='bbox 158 1256 382 1339; x_wconf 86' lang='lat' dir='ltr'>morabantur,</span> <span class='ocrx_word' id='word_1_67' title='bbox 408 1259 503 1341; x_wconf 87' lang='lat' dir='ltr'>quive</span> <span class='ocrx_word' id='word_1_68' title='bbox 529 1279 717 1341; x_wconf 81' lang='lat' dir='ltr'>processum</span> <span class='ocrx_word' id='word_1_69' title='bbox 733 1258 954 1342; x_wconf 90' lang='lat' dir='ltr'>inquisitionis</span> <span class='ocrx_word' id='word_1_70' title='bbox 967 1259 1116 1326; x_wconf 89' lang='lat' dir='ltr'>faciende</span> <span class='ocrx_word' id='word_1_71' title='bbox 1131 1263 1172 1328; x_wconf 90' lang='lat' dir='ltr'>de</span> <span class='ocrx_word' id='word_1_72' title='bbox 1281 1281 1284 1289; x_wconf 86' lang='lat'>·</span> 
     </span>
     <span class='ocr_line' id='line_1_10' title="bbox 62 1360 1172 1451; baseline 0.008 -26.568"><span class='ocrx_word' id='word_1_73' title='bbox 62 1381 124 1426; x_wconf 86' lang='lat' dir='ltr'>nece</span> <span class='ocrx_word' id='word_1_74' title='bbox 147 1360 245 1446; x_wconf 86' lang='lat' dir='ltr'>Regis</span> <span class='ocrx_word' id='word_1_75' title='bbox 271 1365 458 1448; x_wconf 77' lang='lat' dir='ltr'>supradicti</span> <span class='ocrx_word' id='word_1_76' title='bbox 478 1365 672 1430; x_wconf 80' lang='lat' dir='ltr'>dicebantur</span> <span class='ocrx_word' id='word_1_77' title='bbox 687 1366 775 1450; x_wconf 89' lang='lat' dir='ltr'>apud</span> <span class='ocrx_word' id='word_1_78' title='bbox 792 1387 850 1430; x_wconf 90' lang='lat' dir='ltr'>nos</span> <span class='ocrx_word' id='word_1_79' title='bbox 874 1367 1098 1451; x_wconf 87' lang='lat' dir='ltr'>multipliciter</span> <span class='ocrx_word' id='word_1_80' title='bbox 1114 1370 1172 1434; x_wconf 90' lang='lat' dir='ltr'>im-</span> 
     </span>
     <span class='ocr_line' id='line_1_11' title="bbox 61 1469 1173 1560; baseline 0.007 -26.623"><span class='ocrx_word' id='word_1_81' title='bbox 61 1469 333 1552; x_wconf 87' lang='lat' dir='ltr'>pedire;fuitadec</span> <span class='ocrx_word' id='word_1_82' title='bbox 350 1476 494 1556; x_wconf 82' lang='lat' dir='ltr'>grauiter</span> <span class='ocrx_word' id='word_1_83' title='bbox 511 1496 550 1539; x_wconf 86' lang='lat' dir='ltr'>ex</span> <span class='ocrx_word' id='word_1_84' title='bbox 567 1473 627 1539; x_wconf 92' lang='lat' dir='ltr'>hoc</span> <span class='ocrx_word' id='word_1_85' title='bbox 644 1475 749 1540; x_wconf 89' lang='lat' dir='ltr'>dictus</span> <span class='ocrx_word' id='word_1_86' title='bbox 766 1474 1007 1558; x_wconf 88' lang='lat' dir='ltr'>Neapolitanus</span> <span class='ocrx_word' id='word_1_87' title='bbox 1024 1477 1173 1560; x_wconf 88' lang='lat' dir='ltr'>populus,</span> 
     </span>
     <span class='ocr_line' id='line_1_12' title="bbox 63 1577 1171 1666; baseline 0.006 -26.658"><span class='ocrx_word' id='word_1_88' title='bbox 63 1597 109 1641; x_wconf 89' lang='lat' dir='ltr'>nec</span> <span class='ocrx_word' id='word_1_89' title='bbox 128 1577 285 1661; x_wconf 81' lang='lat' dir='ltr'>inmerito,</span> <span class='ocrx_word' id='word_1_90' title='bbox 312 1581 504 1663; x_wconf 86' lang='lat' dir='ltr'>concitatus,</span> <span class='ocrx_word' id='word_1_91' title='bbox 530 1581 618 1666; x_wconf 90' lang='lat' dir='ltr'>quod</span> <span class='ocrx_word' id='word_1_92' title='bbox 644 1605 742 1646; x_wconf 90' lang='lat' dir='ltr'>manu</span> <span class='ocrx_word' id='word_1_93' title='bbox 768 1588 897 1648; x_wconf 86' lang='lat' dir='ltr'>armata</span> <span class='ocrx_word' id='word_1_94' title='bbox 922 1605 994 1647; x_wconf 90' lang='lat' dir='ltr'>curu</span> <span class='ocrx_word' id='word_1_95' title='bbox 1014 1583 1171 1648; x_wconf 81' lang='lat' dir='ltr'>seditione</span> 
     </span>
     <span class='ocr_line' id='line_1_13' title="bbox 6 1688 1172 1774; baseline 0.005 -25"><span class='ocrx_word' id='word_1_96' title='bbox 6 1707 8 1764; x_wconf 68' lang='lat'>3</span> <span class='ocrx_word' id='word_1_97' title='bbox 61 1692 86 1750; x_wconf 85' lang='lat' dir='ltr'>et</span> <span class='ocrx_word' id='word_1_98' title='bbox 98 1688 235 1768; x_wconf 88' lang='lat' dir='ltr'>tumultu,</span> <span class='ocrx_word' id='word_1_99' title='bbox 251 1711 319 1754; x_wconf 83' lang='lat' dir='ltr'>vna</span> <span class='ocrx_word' id='word_1_100' title='bbox 337 1711 410 1754; x_wconf 90' lang='lat' dir='ltr'>cum</span> <span class='ocrx_word' id='word_1_101' title='bbox 426 1689 523 1755; x_wconf 89' lang='lat' dir='ltr'>certis</span> <span class='ocrx_word' id='word_1_102' title='bbox 543 1689 619 1774; x_wconf 87' lang='lat' dir='ltr'>alijs</span> <span class='ocrx_word' id='word_1_103' title='bbox 637 1689 856 1755; x_wconf 78' lang='lat' dir='ltr'>familiaribus</span> <span class='ocrx_word' id='word_1_104' title='bbox 873 1697 906 1756; x_wconf 89' lang='lat' dir='ltr'>et</span> <span class='ocrx_word' id='word_1_105' title='bbox 923 1692 1093 1772; x_wconf 78' lang='lat' dir='ltr'>crinigeris</span> <span class='ocrx_word' id='word_1_106' title='bbox 1110 1691 1172 1756; x_wconf 89' lang='lat' dir='ltr'>dic·</span> 
     </span>
     <span class='ocr_line' id='line_1_14' title="bbox 6 1794 1173 1882; baseline 0.006 -24"><span class='ocrx_word' id='word_1_107' title='bbox 6 1855 8 1864; x_wconf 40' lang='lat'>,</span> <span class='ocrx_word' id='word_1_108' title='bbox 61 1800 150 1860; x_wconf 84' lang='lat' dir='ltr'>torum</span> <span class='ocrx_word' id='word_1_109' title='bbox 173 1794 316 1862; x_wconf 89' lang='lat' dir='ltr'>fratrum</span> <span class='ocrx_word' id='word_1_110' title='bbox 343 1805 529 1864; x_wconf 89' lang='lat' dir='ltr'>nostrorum</span> <span class='ocrx_word' id='word_1_111' title='bbox 555 1820 657 1882; x_wconf 90' lang='lat' dir='ltr'>usque</span> <span class='ocrx_word' id='word_1_112' title='bbox 674 1799 716 1864; x_wconf 88' lang='lat' dir='ltr'>ad</span> <span class='ocrx_word' id='word_1_113' title='bbox 732 1799 877 1864; x_wconf 89' lang='lat' dir='ltr'>hostium</span> <span class='ocrx_word' id='word_1_114' title='bbox 894 1798 974 1864; x_wconf 89' lang='lat' dir='ltr'>dicti</span> <span class='ocrx_word' id='word_1_115' title='bbox 990 1799 1101 1865; x_wconf 77' lang='lat' dir='ltr'>Crnstri</span> <span class='ocrx_word' id='word_1_116' title='bbox 1117 1821 1173 1865; x_wconf 92' lang='lat' dir='ltr'>no·</span> 
     </span>
     <span class='ocr_line' id='line_1_15' title="bbox 6 1901 1174 2010; baseline 0.005 -44"><span class='ocrx_word' id='word_1_117' title='bbox 6 1923 16 2010; x_wconf 30' lang='grc' dir='ltr'>ᾗ,</span> <span class='ocrx_word' id='word_1_118' title='bbox 60 1904 109 1967; x_wconf 88' lang='lat' dir='ltr'>otri</span> <span class='ocrx_word' id='word_1_119' title='bbox 121 1901 200 1970; x_wconf 78' lang='lat' dir='ltr'>Nori</span> <span class='ocrx_word' id='word_1_120' title='bbox 214 1906 349 1972; x_wconf 87' lang='lat' dir='ltr'>iteratis</span> <span class='ocrx_word' id='word_1_121' title='bbox 364 1907 487 1975; x_wconf 86' lang='lat' dir='ltr'>vicibus</span> <span class='ocrx_word' id='word_1_122' title='bbox 502 1908 679 1986; x_wconf 77' lang='lat' dir='ltr'>vernentes,</span> <span class='ocrx_word' id='word_1_123' title='bbox 695 1913 727 1971; x_wconf 91' lang='lat' dir='ltr'>et</span> <span class='ocrx_word' id='word_1_124' title='bbox 742 1908 1087 1991; x_wconf 83' lang='lat' dir='ltr'>petentes‘nominatos</span> <span class='ocrx_word' id='word_1_125' title='bbox 1103 1929 1174 1972; x_wconf 90' lang='lat' dir='ltr'>eos·</span> 
     </span>
     <span class='ocr_line' id='line_1_16' title="bbox 60 2007 1174 2098; baseline 0.006 -24.676"><span class='ocrx_word' id='word_1_126' title='bbox 60 2007 118 2075; x_wconf 88' lang='lat' dir='ltr'>dem</span> <span class='ocrx_word' id='word_1_127' title='bbox 139 2012 198 2078; x_wconf 86' lang='lat' dir='ltr'>sibi</span> <span class='ocrx_word' id='word_1_128' title='bbox 223 2013 299 2079; x_wconf 89' lang='lat' dir='ltr'>dari</span> <span class='ocrx_word' id='word_1_129' title='bbox 320 2013 422 2080; x_wconf 90' lang='lat' dir='ltr'>veluti</span> <span class='ocrx_word' id='word_1_130' title='bbox 438 2013 635 2098; x_wconf 90' lang='lat' dir='ltr'>proditores.</span> <span class='ocrx_word' id='word_1_131' title='bbox 652 2012 741 2079; x_wconf 89' lang='lat' dir='ltr'>Dum</span> <span class='ocrx_word' id='word_1_132' title='bbox 757 2014 832 2080; x_wconf 89' lang='lat' dir='ltr'>illos</span> <span class='ocrx_word' id='word_1_133' title='bbox 849 2015 895 2078; x_wconf 91' lang='lat' dir='ltr'>sic</span> <span class='ocrx_word' id='word_1_134' title='bbox 911 2013 1007 2080; x_wconf 85' lang='lat' dir='ltr'>facile</span> <span class='ocrx_word' id='word_1_135' title='bbox 1025 2014 1103 2080; x_wconf 85' lang='lat' dir='ltr'>dare</span> <span class='ocrx_word' id='word_1_136' title='bbox 1121 2035 1174 2080; x_wconf 87' lang='lat' dir='ltr'>ue-</span> 
     </span>
     <span class='ocr_line' id='line_1_17' title="bbox 59 2117 1172 2204; baseline 0.005 -22.727"><span class='ocrx_word' id='word_1_137' title='bbox 59 2117 201 2198; x_wconf 89' lang='lat' dir='ltr'>qniremus</span> <span class='ocrx_word' id='word_1_138' title='bbox 226 2119 362 2204; x_wconf 86' lang='lat' dir='ltr'>eisdem,</span> <span class='ocrx_word' id='word_1_139' title='bbox 387 2121 559 2187; x_wconf 90' lang='lat' dir='ltr'>indictum</span> <span class='ocrx_word' id='word_1_140' title='bbox 576 2127 719 2186; x_wconf 86' lang='lat' dir='ltr'>castrum</span> <span class='ocrx_word' id='word_1_141' title='bbox 737 2122 942 2188; x_wconf 88' lang='lat' dir='ltr'>acerbissimo</span> <span class='ocrx_word' id='word_1_142' title='bbox 959 2121 1172 2204; x_wconf 68' lang='lat' dir='ltr'>inculcarunt,</span> 
     </span>
     <span class='ocr_line' id='line_1_18' title="bbox 6 2223 1174 2313; baseline 0.003 -22"><span class='ocrx_word' id='word_1_143' title='bbox 6 2227 12 2308; x_wconf 78' lang='lat' dir='ltr'>j·</span> <span class='ocrx_word' id='word_1_144' title='bbox 57 2223 254 2308; x_wconf 89' lang='lat' dir='ltr'>probicientes</span> <span class='ocrx_word' id='word_1_145' title='bbox 281 2235 400 2294; x_wconf 90' lang='lat' dir='ltr'>contra</span> <span class='ocrx_word' id='word_1_146' title='bbox 425 2234 567 2294; x_wconf 86' lang='lat' dir='ltr'>castrum</span> <span class='ocrx_word' id='word_1_147' title='bbox 584 2229 698 2313; x_wconf 89' lang='lat' dir='ltr'>ipsum,</span> <span class='ocrx_word' id='word_1_148' title='bbox 715 2235 748 2294; x_wconf 89' lang='lat' dir='ltr'>et</span> <span class='ocrx_word' id='word_1_149' title='bbox 763 2229 906 2294; x_wconf 88' lang='lat' dir='ltr'>homines</span> <span class='ocrx_word' id='word_1_150' title='bbox 924 2231 1098 2294; x_wconf 84' lang='lat' dir='ltr'>existentes</span> <span class='ocrx_word' id='word_1_151' title='bbox 1115 2229 1174 2295; x_wconf 94' lang='lat' dir='ltr'>ibi·</span> 
     </span>
     <span class='ocr_line' id='line_1_19' title="bbox 6 2315 1174 2421; baseline 0.003 -23"><span class='ocrx_word' id='word_1_152' title='bbox 6 2315 8 2390; x_wconf 84' lang='lat' dir='ltr'>l</span> <span class='ocrx_word' id='word_1_153' title='bbox 59 2335 127 2416; x_wconf 82' lang='lat' dir='ltr'>dem,</span> <span class='ocrx_word' id='word_1_154' title='bbox 141 2336 277 2420; x_wconf 83' lang='lat' dir='ltr'>lapidee,</span> <span class='ocrx_word' id='word_1_155' title='bbox 304 2337 448 2415; x_wconf 81' lang='lat' dir='ltr'>lanceas,</span> <span class='ocrx_word' id='word_1_156' title='bbox 476 2343 508 2400; x_wconf 88' lang='lat' dir='ltr'>et</span> <span class='ocrx_word' id='word_1_157' title='bbox 534 2336 724 2419; x_wconf 83' lang='lat' dir='ltr'>quadrellos</span> <span class='ocrx_word' id='word_1_158' title='bbox 750 2359 822 2402; x_wconf 89' lang='lat' dir='ltr'>oum</span> <span class='ocrx_word' id='word_1_159' title='bbox 849 2338 985 2402; x_wconf 82' lang='lat' dir='ltr'>diversis</span> <span class='ocrx_word' id='word_1_160' title='bbox 1001 2337 1174 2421; x_wconf 85' lang='lat' dir='ltr'>generibus</span> 
     </span>
     <span class='ocr_line' id='line_1_20' title="bbox 6 2442 1174 2531; baseline 0.003 -24"><span class='ocrx_word' id='word_1_161' title='bbox 6 2445 8 2492; x_wconf 61' lang='grc' dir='ltr'>ἕ</span> <span class='ocrx_word' id='word_1_162' title='bbox 57 2442 262 2531; x_wconf 87' lang='lat' dir='ltr'>balistrarum,</span> <span class='ocrx_word' id='word_1_163' title='bbox 286 2467 329 2511; x_wconf 88' lang='lat' dir='ltr'>ac</span> <span class='ocrx_word' id='word_1_164' title='bbox 352 2445 495 2510; x_wconf 86' lang='lat' dir='ltr'>hostium</span> <span class='ocrx_word' id='word_1_165' title='bbox 512 2447 653 2529; x_wconf 89' lang='lat' dir='ltr'>primum</span> <span class='ocrx_word' id='word_1_166' title='bbox 669 2446 779 2527; x_wconf 88' lang='lat' dir='ltr'>pontis</span> <span class='ocrx_word' id='word_1_167' title='bbox 796 2447 896 2510; x_wconf 86' lang='lat' dir='ltr'>castri</span> <span class='ocrx_word' id='word_1_168' title='bbox 921 2445 1064 2511; x_wconf 87' lang='lat' dir='ltr'>eiusdem</span> <span class='ocrx_word' id='word_1_169' title='bbox 1089 2445 1174 2528; x_wconf 77' lang='lat' dir='ltr'>ignis</span> 
     </span>
     <span class='ocr_line' id='line_1_21' title="bbox 6 2549 1175 2636; baseline 0.003 -23"><span class='ocrx_word' id='word_1_170' title='bbox 6 2559 8 2634; x_wconf 72' lang='grc' dir='ltr'>ξ</span> <span class='ocrx_word' id='word_1_171' title='bbox 57 2549 187 2619; x_wconf 89' lang='lat' dir='ltr'>incendio</span> <span class='ocrx_word' id='word_1_172' title='bbox 212 2560 469 2633; x_wconf 74' lang='lat' dir='ltr'>concremantes</span> <span class='ocrx_word' id='word_1_173' title='bbox 487 2560 518 2618; x_wconf 90' lang='lat' dir='ltr'>et</span> <span class='ocrx_word' id='word_1_174' title='bbox 534 2553 661 2618; x_wconf 87' lang='lat' dir='ltr'>tamdiu</span> <span class='ocrx_word' id='word_1_175' title='bbox 686 2552 843 2636; x_wconf 86' lang='lat' dir='ltr'>predictis</span> <span class='ocrx_word' id='word_1_176' title='bbox 859 2552 1033 2618; x_wconf 88' lang='lat' dir='ltr'>insultibus</span> <span class='ocrx_word' id='word_1_177' title='bbox 1050 2555 1175 2618; x_wconf 88' lang='lat' dir='ltr'>instite-</span> 
     </span>
     <span class='ocr_line' id='line_1_22' title="bbox 57 2659 1174 2744; baseline 0.003 -20.869"><span class='ocrx_word' id='word_1_178' title='bbox 57 2667 127 2739; x_wconf 85' lang='lat' dir='ltr'>runt,</span> <span class='ocrx_word' id='word_1_179' title='bbox 138 2681 311 2743; x_wconf 88' lang='lat' dir='ltr'>quousque</span> <span class='ocrx_word' id='word_1_180' title='bbox 329 2659 451 2744; x_wconf 86' lang='lat' dir='ltr'>prefati</span> <span class='ocrx_word' id='word_1_181' title='bbox 462 2659 603 2726; x_wconf 79' lang='lat' dir='ltr'>Comites</span> <span class='ocrx_word' id='word_1_182' title='bbox 619 2661 824 2726; x_wconf 88' lang='lat' dir='ltr'>eto.fue1·unt</span> <span class='ocrx_word' id='word_1_183' title='bbox 840 2660 936 2724; x_wconf 90' lang='lat' dir='ltr'>dictis</span> <span class='ocrx_word' id='word_1_184' title='bbox 947 2659 1105 2726; x_wconf 86' lang='lat' dir='ltr'>fratribus</span> <span class='ocrx_word' id='word_1_185' title='bbox 1121 2683 1174 2726; x_wconf 92' lang='lat' dir='ltr'>uo·</span> 
     </span>
     <span class='ocr_line' id='line_1_23' title="bbox 57 2767 1174 2852; baseline -0.001 -20.044"><span class='ocrx_word' id='word_1_186' title='bbox 57 2767 128 2847; x_wconf 83' lang='lat' dir='ltr'>stris,</span> <span class='ocrx_word' id='word_1_187' title='bbox 143 2789 198 2834; x_wconf 85' lang='lat' dir='ltr'>seu</span> <span class='ocrx_word' id='word_1_188' title='bbox 215 2769 354 2835; x_wconf 87' lang='lat' dir='ltr'>statutis</span> <span class='ocrx_word' id='word_1_189' title='bbox 380 2769 669 2852; x_wconf 88' lang='lat' dir='ltr'>eor·un1,dictoque</span> <span class='ocrx_word' id='word_1_190' title='bbox 695 2767 916 2852; x_wconf 85' lang='lat' dir='ltr'>Neapolitano</span> <span class='ocrx_word' id='word_1_191' title='bbox 937 2768 1057 2850; x_wconf 93' lang='lat' dir='ltr'>populo</span> <span class='ocrx_word' id='word_1_192' title='bbox 1074 2769 1174 2852; x_wconf 83' lang='lat' dir='ltr'>assig-</span> 
     </span>
     <span class='ocr_line' id='line_1_24' title="bbox 6 2837 1175 2980; baseline 0.001 -42"><span class='ocrx_word' id='word_1_193' title='bbox 6 2837 10 2980; x_wconf 46' lang='grc' dir='ltr'>ἑ</span> <span class='ocrx_word' id='word_1_194' title='bbox 56 2875 112 2938; x_wconf 85' lang='lat' dir='ltr'>nati</span> <span class='ocrx_word' id='word_1_195' title='bbox 127 2877 245 2960; x_wconf 82' lang='lat' dir='ltr'>captivi</span> <span class='ocrx_word' id='word_1_196' title='bbox 263 2881 326 2941; x_wconf 89' lang='lat' dir='ltr'>etc.</span> <span class='ocrx_word' id='word_1_197' title='bbox 338 2875 479 2943; x_wconf 86' lang='lat' dir='ltr'>etcNos</span> <span class='ocrx_word' id='word_1_198' title='bbox 495 2882 605 2941; x_wconf 85' lang='lat' dir='ltr'>autern</span> <span class='ocrx_word' id='word_1_199' title='bbox 622 2883 681 2940; x_wconf 89' lang='lat' dir='ltr'>etc.</span> <span class='ocrx_word' id='word_1_200' title='bbox 693 2884 752 2940; x_wconf 87' lang='lat' dir='ltr'>eto.</span> <span class='ocrx_word' id='word_1_201' title='bbox 768 2881 964 2939; x_wconf 88' lang='lat' dir='ltr'>memoratos</span> <span class='ocrx_word' id='word_1_202' title='bbox 981 2873 1100 2938; x_wconf 88' lang='lat' dir='ltr'>fratres</span> <span class='ocrx_word' id='word_1_203' title='bbox 1118 2897 1175 2939; x_wconf 89' lang='lat' dir='ltr'>no-</span> 
     </span>
     <span class='ocr_line' id='line_1_25' title="bbox 6 2981 1175 3067; baseline 0.002 -23"><span class='ocrx_word' id='word_1_204' title='bbox 6 2987 8 3032; x_wconf 77' lang='lat'>!</span> <span class='ocrx_word' id='word_1_205' title='bbox 59 2985 139 3065; x_wconf 80' lang='lat' dir='ltr'>efres,</span> <span class='ocrx_word' id='word_1_206' title='bbox 149 3005 333 3067; x_wconf 88' lang='lat' dir='ltr'>eorumque</span> <span class='ocrx_word' id='word_1_207' title='bbox 344 2983 524 3064; x_wconf 87' lang='lat' dir='ltr'>Ministros,</span> <span class='ocrx_word' id='word_1_208' title='bbox 535 2981 688 3063; x_wconf 86' lang='lat' dir='ltr'>Comites,</span> <span class='ocrx_word' id='word_1_209' title='bbox 704 2981 854 3047; x_wconf 82' lang='lat' dir='ltr'>Berones</span> <span class='ocrx_word' id='word_1_210' title='bbox 871 2990 929 3047; x_wconf 85' lang='lat' dir='ltr'>etc.</span> <span class='ocrx_word' id='word_1_211' title='bbox 941 2988 999 3046; x_wconf 89' lang='lat' dir='ltr'>etc.</span> <span class='ocrx_word' id='word_1_212' title='bbox 1012 3003 1175 3065; x_wconf 86' lang='lat' dir='ltr'>sequaces,</span> 
     </span>
     <span class='ocr_line' id='line_1_26' title="bbox 6 3035 1173 3174; baseline 0.003 -24"><span class='ocrx_word' id='word_1_213' title='bbox 6 3035 8 3130; x_wconf 79' lang='lat' dir='ltr'>l</span> <span class='ocrx_word' id='word_1_214' title='bbox 58 3090 226 3172; x_wconf 88' lang='lat' dir='ltr'>complices,</span> <span class='ocrx_word' id='word_1_215' title='bbox 236 3113 301 3157; x_wconf 91' lang='lat' dir='ltr'>nec</span> <span class='ocrx_word' id='word_1_216' title='bbox 311 3113 376 3157; x_wconf 89' lang='lat' dir='ltr'>non</span> <span class='ocrx_word' id='word_1_217' title='bbox 387 3091 491 3157; x_wconf 91' lang='lat' dir='ltr'>dictos</span> <span class='ocrx_word' id='word_1_218' title='bbox 508 3088 632 3156; x_wconf 91' lang='lat' dir='ltr'>nobiles</span> <span class='ocrx_word' id='word_1_219' title='bbox 642 3089 890 3174; x_wconf 87' lang='lat' dir='ltr'>Neapolitanos,</span> <span class='ocrx_word' id='word_1_220' title='bbox 900 3096 933 3154; x_wconf 91' lang='lat' dir='ltr'>ot</span> <span class='ocrx_word' id='word_1_221' title='bbox 950 3088 1173 3154; x_wconf 86' lang='lat' dir='ltr'>Salernitauos</span> 
     </span>
     <span class='ocr_line' id='line_1_27' title="bbox 57 3195 1175 3288; baseline 0.004 -29"><span class='ocrx_word' id='word_1_222' title='bbox 57 3195 136 3282; x_wconf 77' lang='lat' dir='ltr'>ciros,</span> <span class='ocrx_word' id='word_1_223' title='bbox 150 3219 189 3265; x_wconf 87' lang='lat' dir='ltr'>ac</span> <span class='ocrx_word' id='word_1_224' title='bbox 202 3198 369 3282; x_wconf 87' lang='lat' dir='ltr'>prefatum</span> <span class='ocrx_word' id='word_1_225' title='bbox 388 3197 645 3284; x_wconf 86' lang='lat' dir='ltr'>Neapolitanum</span> <span class='ocrx_word' id='word_1_226' title='bbox 661 3197 816 3281; x_wconf 89' lang='lat' dir='ltr'>populum</span> <span class='ocrx_word' id='word_1_227' title='bbox 834 3205 893 3263; x_wconf 87' lang='lat' dir='ltr'>otc.</span> <span class='ocrx_word' id='word_1_228' title='bbox 910 3199 951 3288; x_wconf 86' lang='lat' dir='ltr'>ab</span> <span class='ocrx_word' id='word_1_229' title='bbox 968 3199 1055 3264; x_wconf 89' lang='lat' dir='ltr'>omui</span> <span class='ocrx_word' id='word_1_230' title='bbox 1071 3196 1175 3281; x_wconf 87' lang='lat' dir='ltr'>culpa,</span> 
     </span>
     <span class='ocr_line' id='line_1_28' title="bbox 6 3305 1175 3391; baseline 0.002 -23"><span class='ocrx_word' id='word_1_231' title='bbox 6 3327 12 3368; x_wconf 78' lang='lat' dir='ltr'>r</span> <span class='ocrx_word' id='word_1_232' title='bbox 56 3323 126 3384; x_wconf 86' lang='lat' dir='ltr'>pena</span> <span class='ocrx_word' id='word_1_233' title='bbox 140 3308 189 3374; x_wconf 84' lang='lat' dir='ltr'>vel</span> <span class='ocrx_word' id='word_1_234' title='bbox 206 3315 298 3391; x_wconf 84' lang='lat' dir='ltr'>nota,</span> <span class='ocrx_word' id='word_1_235' title='bbox 324 3329 389 3390; x_wconf 91' lang='lat' dir='ltr'>qua</span> <span class='ocrx_word' id='word_1_236' title='bbox 405 3305 543 3373; x_wconf 83' lang='lat' dir='ltr'>forsitan</span> <span class='ocrx_word' id='word_1_237' title='bbox 560 3306 675 3372; x_wconf 87' lang='lat' dir='ltr'>exindo</span> <span class='ocrx_word' id='word_1_238' title='bbox 692 3313 879 3372; x_wconf 88' lang='lat' dir='ltr'>tenerentur·</span> <span class='ocrx_word' id='word_1_239' title='bbox 896 3307 947 3370; x_wconf 86' lang='lat' dir='ltr'>uel</span> <span class='ocrx_word' id='word_1_240' title='bbox 965 3307 1071 3372; x_wconf 86' lang='lat' dir='ltr'>forent</span> <span class='ocrx_word' id='word_1_241' title='bbox 1088 3308 1175 3370; x_wconf 83' lang='lat' dir='ltr'>oxin-</span> 
     </span>
    </p>
   </div>
   <div class='ocr_carea' id='block_1_3' title="bbox 6 3371 1175 3498">
    <p class='ocr_par' dir='ltr' id='par_1_5' title="bbox 6 3371 1175 3498">
     <span class='ocr_line' id='line_1_29' title="bbox 6 3371 1175 3498; baseline -0.008 -12"><span class='ocrx_word' id='word_1_242' title='bbox 6 3371 10 3486; x_wconf 85' lang='lat' dir='ltr'>l</span> <span class='ocrx_word' id='word_1_243' title='bbox 57 3409 88 3476; x_wconf 81' lang='lat' dir='ltr'>do</span> <span class='ocrx_word' id='word_1_244' title='bbox 101 3415 265 3496; x_wconf 88' lang='lat' dir='ltr'>maculati,</span> <span class='ocrx_word' id='word_1_245' title='bbox 285 3414 469 3498; x_wconf 86' lang='lat' dir='ltr'>accusandi,</span> <span class='ocrx_word' id='word_1_246' title='bbox 485 3413 714 3497; x_wconf 85' lang='lat' dir='ltr'>denunciandi,</span> <span class='ocrx_word' id='word_1_247' title='bbox 739 3414 887 3494; x_wconf 82' lang='lat' dir='ltr'>vexandi,</span> <span class='ocrx_word' id='word_1_248' title='bbox 906 3413 1099 3478; x_wconf 87' lang='lat' dir='ltr'>molestandi</span> <span class='ocrx_word' id='word_1_249' title='bbox 1125 3413 1175 3477; x_wconf 81' lang='lat' dir='ltr'>rel</span> 
     </span>
    </p>
   </div>
   <div class='ocr_carea' id='block_1_4' title="bbox 6 3509 1177 3820">
    <p class='ocr_par' dir='ltr' id='par_1_6' title="bbox 6 3509 1177 3820">
     <span class='ocr_line' id='line_1_30' title="bbox 6 3509 1177 3608; baseline 0 -25"><span class='ocrx_word' id='word_1_250' title='bbox 6 3509 8 3608; x_wconf 74' lang='grc' dir='ltr'>ξ</span> <span class='ocrx_word' id='word_1_251' title='bbox 57 3520 143 3587; x_wconf 87' lang='lat' dir='ltr'>etiam</span> <span class='ocrx_word' id='word_1_252' title='bbox 158 3522 351 3608; x_wconf 86' lang='lat' dir='ltr'>impetendi,</span> <span class='ocrx_word' id='word_1_253' title='bbox 360 3529 418 3588; x_wconf 91' lang='lat' dir='ltr'>aut</span> <span class='ocrx_word' id='word_1_254' title='bbox 432 3521 571 3588; x_wconf 84' lang='lat' dir='ltr'>forsitan</span> <span class='ocrx_word' id='word_1_255' title='bbox 587 3522 742 3606; x_wconf 88' lang='lat' dir='ltr'>puuieudi</span> <span class='ocrx_word' id='word_1_256' title='bbox 758 3522 930 3606; x_wconf 88' lang='lat' dir='ltr'>ordinarie,</span> <span class='ocrx_word' id='word_1_257' title='bbox 940 3521 989 3586; x_wconf 90' lang='lat' dir='ltr'>vel</span> <span class='ocrx_word' id='word_1_258' title='bbox 1007 3543 1045 3585; x_wconf 87' lang='lat' dir='ltr'>ex</span> <span class='ocrx_word' id='word_1_259' title='bbox 1063 3520 1177 3602; x_wconf 86' lang='lat' dir='ltr'>officio,</span> 
     </span>
     <span class='ocr_line' id='line_1_31' title="bbox 6 3611 1175 3738; baseline 0.003 -49"><span class='ocrx_word' id='word_1_260' title='bbox 6 3611 8 3738; x_wconf 61' lang='grc' dir='ltr'>Ξ</span> <span class='ocrx_word' id='word_1_261' title='bbox 56 3630 207 3696; x_wconf 82' lang='lat' dir='ltr'>natalias</span> <span class='ocrx_word' id='word_1_262' title='bbox 242 3631 471 3714; x_wconf 90' lang='lat' dir='ltr'>quoquomodo</span> <span class='ocrx_word' id='word_1_263' title='bbox 504 3630 649 3695; x_wconf 88' lang='lat' dir='ltr'>decerta</span> <span class='ocrx_word' id='word_1_264' title='bbox 681 3635 795 3693; x_wconf 88' lang='lat' dir='ltr'>nostra</span> <span class='ocrx_word' id='word_1_265' title='bbox 819 3629 955 3693; x_wconf 88' lang='lat' dir='ltr'>scientia</span> <span class='ocrx_word' id='word_1_266' title='bbox 980 3637 1012 3692; x_wconf 86' lang='lat' dir='ltr'>ot</span> <span class='ocrx_word' id='word_1_267' title='bbox 1044 3627 1175 3712; x_wconf 87' lang='lat' dir='ltr'>speciali</span> 
     </span>
     <span class='ocr_line' id='line_1_32' title="bbox 6 3737 1175 3820; baseline -0.002 -20"><span class='ocrx_word' id='word_1_268' title='bbox 6 3741 8 3808; x_wconf 73' lang='lat' dir='ltr'>i</span> <span class='ocrx_word' id='word_1_269' title='bbox 54 3738 148 3817; x_wconf 82' lang='lat' dir='ltr'>gratia</span> <span class='ocrx_word' id='word_1_270' title='bbox 183 3739 373 3820; x_wconf 85' lang='lat' dir='ltr'>liberamus,</span> <span class='ocrx_word' id='word_1_271' title='bbox 407 3737 606 3804; x_wconf 86' lang='lat' dir='ltr'>absolvimus</span> <span class='ocrx_word' id='word_1_272' title='bbox 638 3743 671 3801; x_wconf 91' lang='lat' dir='ltr'>et</span> <span class='ocrx_word' id='word_1_273' title='bbox 702 3743 857 3820; x_wconf 87' lang='lat' dir='ltr'>perpetuo</span> <span class='ocrx_word' id='word_1_274' title='bbox 892 3737 1082 3818; x_wconf 82' lang='lat' dir='ltr'>quictamus.</span> <span class='ocrx_word' id='word_1_275' title='bbox 1115 3745 1175 3801; x_wconf 85' lang='lat' dir='ltr'>eto.</span> 
     </span>
    </p>
   </div>
   <div class='ocr_carea' id='block_1_5' title="bbox 55 3843 1176 3926">
    <p class='ocr_par' dir='ltr' id='par_1_7' title="bbox 6 3831 1176 3926">
     <span class='ocr_line' id='line_1_33' title="bbox 55 3843 1176 3926; baseline -0.002 -19.084"><span class='ocrx_word' id='word_1_276' title='bbox 55 3849 103 3908; x_wconf 84' lang='lat' dir='ltr'>etc.</span> <span class='ocrx_word' id='word_1_277' title='bbox 119 3851 177 3911; x_wconf 85' lang='lat' dir='ltr'>etc.</span> <span class='ocrx_word' id='word_1_278' title='bbox 206 3845 249 3910; x_wconf 93' lang='lat' dir='ltr'>In</span> <span class='ocrx_word' id='word_1_279' title='bbox 268 3846 359 3910; x_wconf 89' lang='lat' dir='ltr'>cuius</span> <span class='ocrx_word' id='word_1_280' title='bbox 385 3846 434 3911; x_wconf 90' lang='lat' dir='ltr'>rei</span> <span class='ocrx_word' id='word_1_281' title='bbox 465 3845 686 3910; x_wconf 84' lang='lat' dir='ltr'>testimonium</span> <span class='ocrx_word' id='word_1_282' title='bbox 712 3851 770 3909; x_wconf 89' lang='lat' dir='ltr'>etc.</span> <span class='ocrx_word' id='word_1_283' title='bbox 797 3850 857 3908; x_wconf 90' lang='lat' dir='ltr'>eto.</span> <span class='ocrx_word' id='word_1_284' title='bbox 883 3843 1008 3910; x_wconf 87' lang='lat' dir='ltr'>Datum</span> <span class='ocrx_word' id='word_1_285' title='bbox 1033 3843 1176 3926; x_wconf 85' lang='lat' dir='ltr'>Neapoli</span> 
     </span>
    </p>
   </div>
   <div class='ocr_carea' id='block_1_6' title="bbox 55 3947 630 4039">
    <p class='ocr_par' dir='ltr' id='par_1_8' title="bbox 6 3939 630 4064">
     <span class='ocr_line' id='line_1_34' title="bbox 55 3947 630 4039; baseline 0.005 -23.764"><span class='ocrx_word' id='word_1_286' title='bbox 55 3947 302 4022; x_wconf 82' lang='lat' dir='ltr'>MOCOXLVI.</span> <span class='ocrx_word' id='word_1_287' title='bbox 320 3953 372 4020; x_wconf 86' lang='lat' dir='ltr'>die</span> <span class='ocrx_word' id='word_1_288' title='bbox 388 3952 480 4022; x_wconf 89' lang='lat' dir='ltr'>XIV</span> <span class='ocrx_word' id='word_1_289' title='bbox 504 3953 630 4039; x_wconf 89' lang='lat' dir='ltr'>Martij.</span> 
     </span>
    </p>
   </div>
   <div class='ocr_carea' id='block_1_7' title="bbox 6 4103 1177 4271">
    <p class='ocr_par' dir='ltr' id='par_1_9' title="bbox 6 4103 1177 4271">
     <span class='ocr_line' id='line_1_35' title="bbox 150 4103 1177 4183; baseline -0.003 -15"><span class='ocrx_word' id='word_1_290' title='bbox 150 4117 188 4168; x_wconf 74' lang='lat' dir='ltr'>(A</span> <span class='ocrx_word' id='word_1_291' title='bbox 213 4103 352 4183; x_wconf 76' lang='lat' dir='ltr'>»Regiatni</span> <span class='ocrx_word' id='word_1_292' title='bbox 372 4115 523 4181; x_wconf 80' lang='lat' dir='ltr'>Angioini«</span> <span class='ocrx_word' id='word_1_293' title='bbox 547 4116 576 4168; x_wconf 88' lang='lat' dir='ltr'>B.</span> <span class='ocrx_word' id='word_1_294' title='bbox 592 4119 651 4168; x_wconf 85' lang='grc'><strong>348.</strong></span> <span class='ocrx_word' id='word_1_295' title='bbox 666 4133 703 4168; x_wconf 78' lang='lat' dir='ltr'>sz,</span> <span class='ocrx_word' id='word_1_296' title='bbox 716 4133 741 4168; x_wconf 86' lang='lat' dir='ltr'>a.</span> <span class='ocrx_word' id='word_1_297' title='bbox 755 4117 822 4182; x_wconf 83' lang='lat' dir='ltr'>Reg.</span> <span class='ocrx_word' id='word_1_298' title='bbox 837 4117 982 4168; x_wconf 81' lang='lat' dir='ltr'>dolrannae</span> <span class='ocrx_word' id='word_1_299' title='bbox 993 4116 1014 4167; x_wconf 93' lang='lat' dir='ltr'>I.</span> <span class='ocrx_word' id='word_1_300' title='bbox 1026 4113 1177 4167; x_wconf 73' lang='lat' dir='ltr'>uooetebol.</span> 
     </span>
     <span class='ocr_line' id='line_1_36' title="bbox 6 4205 166 4271; baseline -0.025 -13"><span class='ocrx_word' id='word_1_301' title='bbox 6 4233 7 4258; x_wconf 78' lang='lat'>1</span> <span class='ocrx_word' id='word_1_302' title='bbox 56 4207 91 4255; x_wconf 71' lang='lat' dir='ltr'>tl.</span> <span class='ocrx_word' id='word_1_303' title='bbox 105 4205 166 4271; x_wconf 85' lang='lat' dir='ltr'>lev.)</span> 
     </span>
    </p>
   </div>
   <div class='ocr_carea' id='block_1_8' title="bbox 0 0 1572 5252">
    <p class='ocr_par' dir='ltr' id='par_1_10' title="bbox 0 0 1572 5252">
     <span class='ocr_line' id='line_1_37' title="bbox 0 0 1572 5252; baseline 0 2"><span class='ocrx_word' id='word_1_304' title='bbox 0 0 1572 5252; x_wconf 95' lang='lat' dir='ltr'> </span> 
     </span>
    </p>
   </div>
  </div>
 </body>
</html>
