3220 5248
618 322 713 383 1359.
1168 321 1231 381 539
1322 369 1325 375 ,

210 487 382 562 Commisit
397 496 545 563 dominus
561 498 677 565 Banus
694 495 782 561 dicto
798 497 823 564 J
826 495 927 562 aeobo
945 493 1060 561 Subuk
1073 495 1232 579 advisato,

92 608 132 668 ut
159 603 287 670 faceret
309 604 477 688 justiciam
503 605 683 672 seeundiim
707 604 860 671 ordinum
883 600 1000 684 «latire,
1023 603 1101 690 quia
1125 606 1232 691 tangit

94 731 172 776 eum
189 720 325 796 propter
342 713 509 780 offensam.

207 821 295 886 Item
320 822 443 906 petitur
469 823 558 907 quod
583 823 798 890 restituantur
823 843 876 888 ser
900 823 1057 888 Baneieio
1082 821 1166 908 Sory
1192 825 1232 891 de

93 927 254 996 Veneeiis
281 951 359 996 vasa
384 931 510 1002 scilieet
534 932 605 1014 olei,
631 937 664 998 et
689 953 789 997 unum
814 931 891 1016 sini,
910 933 1077 1016 quiscum
1092 949 1158 999 una
1173 955 1233 999 sua

93 1038 263 1104 conducta
278 1039 531 1124 naufragauerit
545 1042 579 1106 in
596 1041 682 1107 mari
699 1041 785 1107 eirca
800 1038 928 1107 Soltam
945 1037 1106 1124 Sybeniei,
1122 1047 1156 1106 et
1172 1064 1233 1125 per

92 1144 226 1212 Zanem
243 1148 283 1212 de
299 1147 475 1214 Zenabelis
492 1155 713 1215 transeuntem
730 1145 844 1214 exinde
862 1146 994 1213 luerunt
1002 1154 1135 1232 recepta
1145 1137 1233 1216 dieta

94 1274 180 1320 vasa
197 1260 231 1320 et
246 1262 388 1339 accepts.
404 1256 490 1322 Item
515 1258 640 1342 petitur
664 1255 752 1342 qnod
778 1259 887 1322 nantis
913 1253 1040 1338 dentur,
1056 1263 1090 1322 ct
1105 1276 1234 1324 conser-

93 1367 196 1427 vetur
213 1362 247 1426 in
263 1361 390 1430 iuribus
407 1365 483 1446 suis,
499 1370 533 1431 et
547 1363 765 1430 restituantur
780 1363 843 1430 sibi
860 1363 973 1431 ablata
989 1361 1142 1429 indebite.

211 1469 305 1536 Dicit
320 1471 471 1538 dominns
487 1469 611 1554 Banus,
628 1472 714 1556 quod
729 1471 847 1556 placet,
859 1471 989 1557 etquod
1002 1476 1232 1539 conserventur

93 1579 128 1643 in
147 1577 278 1644 iuribus
294 1579 371 1645 suis.

210 1687 258 1752 Et
272 1688 357 1770 lieet,
383 1687 512 1753 domine
538 1689 643 1770 Bane,
668 1687 713 1754 sie
730 1721 1131 1737 -------
1146 1693 1233 1754 utet

93 1796 136 1861 de
153 1804 264 1862 vestro
280 1797 438 1863 mandato
455 1802 488 1862 et
503 1797 634 1881 seriptis
650 1797 832 1864 seduxerim
849 1823 856 1862 :
873 1803 982 1863 tamen
998 1795 1143 1882 supplico
1159 1796 1232 1862 Ma·

93 1904 290 1987 gnificencie
304 1925 377 1972 eum
393 1905 481 1970 omni
497 1906 693 1986 reverencia,
721 1905 812 1989 quod
829 1907 857 1971 si
874 1905 1040 1971 adomnia
1066 1906 1232 1990 principa·

20 2061 23 2066 .
92 2012 174 2078 liter
186 2013 356 2080 attendere
366 2035 431 2079 non
440 2015 596 2098 potestis,
613 2013 730 2080 saltem
741 2013 917 2081 intendatis
929 2014 972 2080 ad
987 2014 1229 2081 ordinaeionem

92 2121 269 2187 serendam
284 2121 509 2187 extimationis
537 2121 776 2206 possessionum
802 2119 1004 2190 Venetorum
1020 2121 1231 2188 existeneinm

93 2231 129 2293 in
147 2227 184 2294 N
186 2250 250 2294 ona
265 2235 299 2294 ct
313 2229 473 2313 Jadra,et
483 2229 527 2296 ad
537 2229 780 2297 restitucionem
791 2231 1032 2314 possessionum
1043 2249 1095 2297 ser
1106 2228 1231 2294 Marini

96 2336 139 2401 dc
157 2336 348 2417 Comasuto,
365 2342 397 2402 et
413 2375 456 2385 —
473 2375 515 2386 -
532 2374 576 2386 —-
593 2327 635 2385 ’-
653 2375 696 2386 -
712 2337 835 2420 Pinnio,
850 2337 891 2402 dc
909 2336 1026 2420 quibus
1036 2359 1095 2422 pro
1106 2338 1231 2403 honore

94 2446 299 2512 sacramenti
309 2445 414 2529 Regis
425 2445 613 2512 Maiestatis
630 2452 664 2512 et
679 2447 778 2512 vestri
795 2446 960 2512 vobiscum
976 2447 1126 2512 iurarunt
1141 2444 1231 2512 nulla

94 2557 147 2618 cst
165 2552 313 2618 condicio
329 2552 370 2618 de
388 2553 461 2618 aliie
475 2574 540 2619 non
556 2553 666 2635 dietis,
684 2553 786 2620 deotis
803 2553 950 2620 ordinem
966 2553 1051 2620 sieut
1066 2551 1169 2619 decet.

212 2696 249 2761 (A
263 2699 403 2750 velenezei
415 2713 452 2750 sa.
466 2699 549 2750 Mark
562 2699 778 2764 lrdnyvttrtnak
792 2697 977 2752 ktzirataibdl
1000 2697 1064 2749 cod.
1076 2697 1169 2748 LXXI
1191 2697 1230 2750 01.

94 2789 324 2854 xlv.,me1ynek
337 2787 488 2840 mtsolattt
500 2789 574 2854 birjs
586 2804 604 2841 a
617 2803 732 2856 magyar
744 2789 804 2840 tud.
811 2789 968 2840 Akademia
977 2787 1135 2855 ktnyvttrs
1145 2791 1187 2838 27.
1198 2788 1230 2853 1.)

96 2982 142 3070 (l)
195 2983 503 3070 Ugyanannak
550 2985 809 3068 megbintsa
856 2982 1229 3072 kiterjesntetili.

626 3097 712 3160 1359

209 3221 273 3286 Die
298 3220 422 3287 decimo
449 3218 611 3287 Oetubris
638 3219 762 3306 Capta:
788 3219 886 3305 Quod
902 3242 1000 3306 super
1024 3219 1110 3286 facto
1135 3218 1230 3284 istius

96 3327 271 3394 Francisci
295 3328 335 3394 de
360 3327 548 3395 Mediolano
576 3336 609 3395 et
623 3328 742 3395 Zanini
759 3329 799 3394 de
816 3328 932 3412 Jadre,
948 3349 1008 3412 pro
1024 3349 1089 3413 qno
1115 3326 1231 3393 scribit

97 3437 213 3503 Banus
238 3435 420 3522 Sclavenie,
445 3437 667 3504 committatur
690 3437 925 3503 Bartholomeo
954 3437 1052 3503 Ursie
1087 3435 1229 3502 Notarie

97 3550 223 3626 nostre,
247 3545 336 3630 quod
361 3543 510 3612 faciendo
535 3545 622 3611 viam
639 3543 818 3627 Seleucum,
835 3547 919 3612 sient
936 3545 1033 3612 debet
1048 3545 1155 3610 lacere
1171 3565 1230 3628 pro

97 3653 175 3721 aliis
190 3651 286 3718 iactis
302 3653 363 3720 sibi
381 3653 566 3736 commissis,
583 3651 703 3720 debeat
718 3676 790 3719 oum
805 3653 1112 3736 illainformatione‚
1130 3673 1227 3736 quam

96 3763 184 3828 alias
211 3759 327 3828 habuit
342 3767 376 3827 et
390 3764 534 3846 portavit
547 3764 573 3830 J
575 3762 720 3828 ohannes
736 3762 928 3829 Bernardus
944 3761 1102 3828 Notarius
1118 3765 1229 3828 noster

90 3870 140 3942 ,de
168 3869 325 3953 Tergeste
341 3876 374 3935 et
389 3870 529 3953 aliunde,
543 3868 652 3936 faeere
669 3872 911 3955 responsionem
929 3869 1062 3936 domino
1078 3868 1172 3933 Bane
1195 3873 1229 3933 et

97 3977 186 4058 eliis,
211 3976 267 4042 ubi
293 3977 433 4061 expedit,
457 3983 490 4044 et
502 3977 680 4045 iustificare
696 3979 742 4062 id,
759 3978 845 4062 quod
860 4000 920 4062 per
940 3999 997 4044 nos
1023 3983 1074 4043 est
1097 3977 1228 4042 laetum.

101 4088 146 4152 Et
162 4087 191 4151 si
207 4083 321 4152 Banus
335 4089 528 4153 remanserit
543 4094 714 4154 contentus
731 4088 772 4155 de
789 4095 901 4154 nostra
911 4087 1129 4171 responsione,
1145 4087 1227 4152 bene

99 4193 251 4278 quidem;
277 4194 327 4258 sin
353 4201 470 4276 autem,
496 4193 585 4260 dieat
608 4197 695 4280 quod
721 4196 920 4262 intendimus
950 4194 990 4260 de
1024 4195 1084 4260 hoc
1117 4193 1228 4260 lacere

55 4323 61 4366 ,·
99 4301 265 4368 consciam
290 4302 420 4368 domino
445 4301 540 4386 Regi.
556 4302 599 4368 Et
614 4305 682 4388 ipse
698 4303 948 4370 Bartholomeus
964 4303 1084 4368 radens
1099 4301 1141 4368 ad
1156 4322 1228 4386 pre·

98 4412 237 4477 sentiam
264 4409 374 4496 Regis,
399 4416 511 4477 narret
535 4413 654 4480 seriose
671 4412 792 4477 dietum
808 4413 974 4496 negotium
990 4411 1119 4477 domino
1135 4409 1228 4493 Regi,

99 4526 134 4584 et
157 4517 314 4604 justificet
336 4517 425 4584 faeta
450 4539 509 4602 per
524 4541 593 4604 nos,
608 4525 643 4584 et
657 4518 815 4600 requirat,
831 4518 917 4603 quod
942 4518 1074 4602 placeat
1099 4515 1227 4584 domino
