3214 5260
381 288 448 354 474
733 309 968 356 onnoncznu
984 299 1150 360 suttune„

381 463 451 532 sine
474 467 608 534 lieentia
623 465 886 551 Dominationis;
910 479 944 536 et
968 473 995 536 si
1019 471 1217 556 eligerentur
1234 469 1277 536 sd
1293 471 1434 555 regimen
1447 464 1495 532 rel

380 572 423 638 ad
439 574 538 655 aliud,
555 575 621 640 sint
636 581 730 642 extra
746 579 930 661 quindecim
945 579 1061 646 diebus
1077 587 1160 660 ante,
1176 602 1274 664 quam
1290 582 1337 644 ire
1353 576 1496 645 debeant.

486 719 522 784 (Λ
538 720 646 772 ›nisu‹
662 721 753 774 czimti
765 725 904 776 velencaei
917 726 1098 791 sllsmkdnyv
1110 725 1223 777 XXVII.
1237 723 1397 790 recteest.)

863 867 1022 880 *a—-u

910 1037 983 1098 378.

405 1190 460 1254 Vl.
486 1191 576 1257 Incze
599 1199 692 1280 pcipe
718 1196 746 1260 Ι.
764 1197 1019 1297 ΙΔῙωιπιαρραν
1033 1197 1160 1284 kiro‘dyt
1177 1193 1475 1262 amboeoetoa'reieel

438 1300 607 1366 Durazwi
622 1305 722 1389 Lajoe
737 1306 769 1368 c's
785 1305 945 1370 Roterud
961 1305 1138 1370 litationi
1154 1305 1314 1392 iqyeksail·
1331 1304 1426 1372 1356.

481 1459 693 1528 Innocentius
722 1465 905 1548 Episcopus
936 1472 995 1530 etc
1025 1467 1192 1531 carissimo
1217 1466 1251 1530 in
1276 1463 1409 1530 Christo
1431 1463 1497 1528 tilio

375 1565 541 1634 honorico
566 1568 649 1652 Regi
675 1569 821 1654 Vngerie
846 1573 969 1638 illustri
995 1574 1133 1640 salntem
1149 1583 1207 1639 etc.
1225 1574 1325 1654 Licet,
1341 1571 1387 1637 fili
1403 1573 1497 1636 caris-

375 1676 462 1754 sime,
478 1675 611 1742 fraudes
627 1686 658 1742 et
674 1679 766 1744 dolos
782 1678 927 1748 Ssthane
942 1682 1061 1748 multos
1077 1705 1146 1750 esse
1162 1703 1242 1766 pene
1253 1680 1418 1747 Christols
1433 1699 1498 1742 om·

374 1803 430 1848 nes
447 1784 577 1865 norint;
593 1788 688 1868 pauci
708 1793 815 1852 tamen
833 1794 918 1870 sunt,
934 1790 989 1873 qui
1007 1790 1160 1856 adversus
1176 1788 1312 1856 astutias
1329 1790 1397 1853 eius
1413 1785 1498 1850 tueri

374 1911 407 1952 se
432 1889 570 1970 valeant,
595 1899 627 1958 et
653 1896 708 1976 qui
734 1893 861 1961 falaciis
885 1897 951 1962 suis
977 1919 1053 1981 sepe
1077 1919 1139 1964 uon
1165 1899 1338 1982 capiantur
1370 1895 1497 1960 incauti

373 1996 492 2061 Molles
517 1999 676 2081 siquidem
702 2007 735 2066 et
759 2003 880 2070 debiles
906 2004 1064 2087 illaqueat
1079 2005 1183 2086 facile,
1214 2026 1252 2070 ac
1268 2003 1419 2069 robustos
1435 2001 1496 2064 ior-

373 2109 485 2187 tesque
516 2107 601 2172 viros
632 2111 826 2192 aggrediens
857 2114 972 2189 acrius,
997 2119 1049 2179 tot
1073 2112 1148 2179 illos
1174 2113 1267 2178 bellis
1297 2111 1435 2194 impetit,
1450 2115 1496 2173 tot

370 2216 510 2293 temptat
534 2212 669 2296 insidiis,
694 2221 745 2283 tot
768 2225 898 2284 exercet
924 2221 1059 2300 artibus,
1075 2229 1126 2286 tot
1142 2218 1257 2286 studiis
1273 2217 1445 2300 defatigat,
1460 2223 1494 2280 ut

371 2317 534 2400 fragilitas
550 2320 692 2388 humana
707 2325 818 2390 laxata
834 2327 1006 2393 insultanti
1029 2329 1091 2394 sibi
1103 2329 1291 2412 plerumque
1308 2323 1494 2392 succumbat

371 2432 403 2489 et
428 2428 550 2494 credat.
581 2429 655 2515 Hic,
680 2433 839 2517 Princeps
864 2435 985 2516 inclite,
1010 2434 1119 2502 David
1144 2437 1266 2519 Regem
1284 2443 1317 2500 et
1346 2433 1495 2498 eximium

370 2531 573 2618 Prophetsm
599 2540 796 2606 mirabiliter
821 2544 958 2612 electum
984 2566 1022 2610 ac
1039 2543 1189 2610 dilectum
1207 2565 1227 2608 a
1244 2541 1317 2609 Deo
1333 2539 1495 2607 adulterio

369 2641 495 2724 polluit,
520 2644 695 2712 homicidio
720 2651 902 2715 maculavit
926 2650 993 2718 Hic
1017 2654 1196 2736 sapientem
1219 2649 1427 2717 Salomonem
1451 2647 1495 2712 sic

254 2793 258 2798 -
369 2750 468 2832 impie
493 2753 711 2837 circumvenit,
738 2763 776 2822 ut
801 2758 991 2841 alienigenis
1016 2761 1203 2825 misceretur
1218 2757 1354 2838 seminis,
1369 2763 1405 2822 et
1419 2759 1494 2820 ante

369 2856 621 2927 abominationis
645 2861 743 2944 ydola
768 2886 875 2947 genua
900 2867 1126 2932 incurvaverit
1151 2865 1218 2932 Hic
1234 2864 1495 2948 quamplurimos,

367 2985 505 3048 quorum
531 2974 580 3034 est
602 2972 760 3034 memoria
785 2973 930 3052 celebris,
962 2980 995 3038 et
1010 2995 1146 3057 quorum
1162 2973 1308 3057 exempla
1324 2971 1494 3036 brevitatis

367 3073 474 3154 gratia
491 3075 697 3158 subticemus,
723 3080 835 3144 mersit
859 3081 893 3145 in
924 3079 1093 3163 lubricum,
1109 3086 1142 3145 et
1158 3077 1364 3164 precipitavit
1379 3079 1412 3143 in
1429 3077 1494 3143 cul·

366 3201 451 3262 pam.
468 3181 534 3248 Hic
551 3189 649 3266 certe,
665 3185 749 3250 siout
775 3208 837 3251 non
864 3187 1067 3270 ambigimus
1082 3188 1146 3253 imo
1162 3188 1246 3253 sicut
1261 3185 1393 3252 indubie
1407 3191 1492 3248 certe

366 3287 492 3368 scimus,
509 3296 541 3356 te
558 3313 598 3356 ac
622 3313 686 3372 eos,
703 3291 821 3376 quibus
837 3293 1030 3360 coniunctus
1055 3316 1089 3360 es
1105 3297 1270 3377 sanguine,
1286 3291 1492 3376 dampnanda
1597 3363 1599 3390 ἐ

365 3395 504 3461 scissure
520 3398 692 3482 dispendio
708 3399 903 3468 adinvicem
928 3405 1098 3485 separavit,
1115 3409 1147 3467 et
1162 3403 1247 3482 iecit,
1262 3408 1300 3467 ut
1315 3401 1372 3485 qni
1388 3423 1427 3465 ex
1441 3419 1491 3463 ea·

364 3502 439 3567 dem
465 3504 574 3571 radice
601 3507 799 3590 prodeuntes
825 3529 938 3574 amare
964 3530 1020 3574 vos
1046 3514 1157 3574 mutuo
1174 3507 1352 3590 debebatis,
1367 3505 1490 3572 diffide·
1543 3505 1544 3510 ’
1596 3499 1598 3600 ξ

364 3612 443 3676 retis
460 3613 607 3695 invicem,
633 3623 665 3679 et
689 3617 723 3681 in
740 3616 903 3682 discordia
928 3622 1036 3682 vestra
1050 3623 1100 3683 tot
1114 3615 1375 3682 Christianorum
1390 3614 1491 3680 millia
1596 3635 1598 3706 3

361 3727 567 3806 ¹consumeret
594 3723 733 3803 gladius,
758 3731 807 3789 tot
834 3725 910 3790 olim
928 3725 1132 3791 abundantes
1156 3724 1331 3790 necessitas
1363 3727 1491 3804 cogeret
1596 3731 1598 3784 ἶ

362 3826 555 3894 mendicare.
574 3828 646 3914 Que
662 3832 725 3897 tibi
741 3831 818 3930 licet
835 3833 894 3897 sub
922 3833 1120 3916 compendio,
1148 3832 1235 3917 quia,
1251 3833 1336 3896 sicut
1350 3831 1489 3896 letanter

361 3935 552 4014 audivimus,
568 3938 656 4002 volut
673 3937 835 4022 Princeps
851 3940 1041 4006 Catholicus
1057 3939 1162 4004 Deum
1178 3941 1283 4018 times,
1293 3936 1490 4003 confidenter

362 4043 583 4123 describimus,
615 4053 648 4110 et
678 4047 719 4112 ad
752 4069 865 4130 pacem
891 4067 962 4112 cnm
989 4047 1116 4112 dilectis
1140 4047 1216 4111 filiis
1233 4044 1397 4112 nobilibus
1415 4044 1487 4108 viris
1596 4119 1598 4124 .

361 4149 527 4216 Irudouieo
545 4159 578 4217 et
594 4152 744 4219 Roberto
762 4153 802 4218 de
819 4155 963 4220 Duracio
979 4153 1145 4235 fratribus,
1169 4161 1262 4218 tanta
1278 4151 1338 4218 tibi
1356 4173 1487 4217 censan-

359 4257 521 4338 guinitate
548 4261 735 4340 coniunctis,
761 4284 799 4327 eo
826 4269 917 4328 tuam
942 4261 1067 4328 adimus
1084 4261 1227 4327 securius
1241 4261 1408 4346 pietatem,
1424 4279 1485 4343 quo
1595 4285 1597 4356 ᾗ

359 4365 393 4427 in
408 4370 466 4428 tue
490 4371 524 4429 et
540 4385 649 4432 eorum
669 4368 832 4434 discordia
848 4369 983 4435 insidias
999 4369 1119 4434 inimici
1130 4369 1268 4434 hominis
1283 4367 1483 4450 recognosci·
1595 4365 1597 4416 l

359 4491 439 4556 mus,
455 4493 519 4560 qno
535 4493 586 4538 res
602 4475 642 4540 de
658 4475 748 4546 sacili
764 4479 808 4544 ad
824 4484 976 4544 naturam
993 4499 1084 4545 suam
1096 4477 1281 4556 reuertitur,
1292 4481 1325 4542 et
1341 4498 1405 4562 quo
1415 4475 1484 4540 rixa
1596 4505 1597 4510 ¹
