3108 5246
378 353 441 426 tdd
732 365 964 424 lantoniensi
981 351 1151 422 currisset.

376 539 419 605 ad
443 536 626 606 faciendum
651 537 684 604 in
699 543 732 603 et
747 559 806 621 pro
830 537 984 623 predictis
1001 545 1034 604 et
1050 537 1199 620 quolibet
1214 534 1425 620 predictorum
1434 552 1488 601 om·

375 667 450 712 nem
474 647 730 732 promissionem,
755 647 988 727 remissionem,
1012 645 1107 710 finem
1134 651 1168 710 et
1192 644 1423 724 liberationem,
1443 645 1490 728 qni

375 757 421 821 eis
447 756 497 820 vel
512 776 624 822 eorum
641 751 745 842 [alteri
763 753 979 832 ridebuntur3
997 761 1029 817 et
1045 753 1086 818 ed
1102 752 1318 837 obligandum
1332 754 1430 836 ipsum
1445 751 1491 817 do-

373 863 495 956 minum
519 863 643 929 Ducem
668 868 701 926 et
725 860 903 927 Commune
919 861 1135 932 Vcnetiarum
1151 881 1191 925 ac
1208 881 1285 926 suos
1301 881 1482 925 successores

374 978 408 1036 et
432 991 543 1038 corum
569 971 654 1038 bona
678 993 738 1054 pro
764 968 980 1054 adimplendis
997 975 1030 1033 et
1047 968 1213 1034 servandis
1230 968 1376 1034 omnibus
1393 976 1423 1033 et
1436 969 1487 1031 sin-

373 1078 468 1162 gulis,
484 1099 547 1164 que
564 1079 643 1145 dicti
660 1076 788 1144 Sindici
803 1080 983 1161 seleorum
1000 1078 1085 1142 alter
1101 1078 1315 1162 promiserint
1331 1085 1363 1143 ct
1375 1077 1493 1142 fecerint-

374 1189 414 1252 de
439 1168 597 1270 predictis
623 1195 656 1252 et
682 1187 829 1270 quolibet
846 1185 1046 1269 eorumdem,
1064 1208 1137 1252 cnm
1153 1185 1306 1252 omnibns
1323 1193 1356 1250 et
1371 1184 1491 1266 singulis

376 1294 647 1379 solemnitatibus
664 1293 939 1378 stipulationibus
955 1293 1220 1376 obligationibus,
1235 1293 1408 1376 renunciis,
1420 1291 1492 1358 iura

375 1403 501 1487 mentis,
522 1424 682 1487 penarum
698 1401 935 1467 adiectionibus
952 1408 985 1466 et
1000 1401 1074 1466 aliis
1091 1400 1248 1467 clausulis
1265 1400 1491 1484 quibuscunque

373 1512 536 1578 consuetis
562 1509 613 1576 vel
638 1510 849 1594 opportunis;
875 1517 908 1576 et
934 1509 977 1575 ad
993 1509 1217 1593 recipiendum
1234 1529 1255 1574 a
1270 1509 1359 1574 dicto
1375 1506 1489 1573 domino

373 1616 466 1702 Rege
492 1638 549 1683 seu
565 1617 751 1683 constitutis
776 1616 827 1682 vel
844 1617 1080 1682 constituendis
1096 1616 1138 1682 ab
1155 1636 1193 1682 eo
1210 1636 1269 1700 pro
1288 1617 1360 1699 ipso
1377 1615 1490 1680 domino

372 1724 464 1810 Rege
490 1731 523 1792 et
549 1725 786 1792 successoribus
812 1726 879 1789 suis
905 1724 1154 1808 inperpetuum
1170 1725 1302 1790 nomine
1319 1722 1492 1789 transactio-

372 1834 423 1898 nis
449 1831 501 1897 vel
527 1852 719 1916 quocunque
745 1831 810 1900 alio
836 1831 966 1897 nomine
992 1832 1098 1914 datas,
1114 1831 1323 1914 traditiones,
1339 1831 1492 1910 cessiones,

372 1942 606 2024 concessiones
640 1941 881 2026 promissiones,
914 1939 1004 2021 fines,
1038 1941 1265 2024 quietationes,
1290 1938 1492 2020 liberationes

372 2051 577 2117 remissiones
593 2057 626 2116 et
642 2048 861 2133 obligationes
885 2068 1097 2132 quascunque
1114 2069 1211 2132 super
1227 2049 1378 2114 omnibus
1393 2052 1424 2112 et
1438 2049 1490 2112 sin-

372 2158 458 2224 dulis
474 2156 742 2238 solemnitatibus,
759 2154 1035 2240 stipulationibus,
1051 2155 1316 2241 obligationibus,
1334 2155 1491 2240 renunciis,

371 2265 570 2346 iuramentis,
604 2286 765 2350 penarum
798 2263 1044 2346 adiectionibus,
1078 2263 1351 2346 promissionibus
1375 2271 1407 2328 et
1428 2261 1489 2326 aliis

371 2375 526 2441 clausulis
551 2375 795 2460 quibuscunque
819 2375 980 2438 consuetis
1003 2373 1055 2438 rel
1079 2374 1290 2457 opportunis;
1314 2379 1350 2438 et
1363 2371 1404 2437 ad
1418 2389 1488 2437 com·

370 2483 627 2566 promittendum
654 2488 687 2547 et
710 2481 967 2565 conpromissum
991 2480 1176 2547 faciendum
1201 2480 1306 2546 semel
1329 2487 1362 2545 et
1384 2477 1489 2564 pluries

370 2590 412 2656 de
437 2597 470 2656 et
495 2611 591 2675 super
616 2589 773 2675 predictis
798 2589 947 2655 omnibus
969 2596 1003 2655 et
1016 2588 1154 2672 singulis
1170 2589 1318 2674 ipsorum
1335 2595 1369 2655 et
1384 2587 1486 2670 depen-

370 2696 525 2764 dentibus
549 2703 584 2762 et
609 2698 762 2764 connexis
788 2696 830 2763 ab
856 2698 977 2764 eisdem
1003 2703 1036 2762 et
1051 2718 1165 2764 eorum
1181 2696 1332 2781 quolibet
1347 2717 1416 2763 cum
1430 2694 1488 2778 ipso

371 2805 501 2873 domino
525 2803 618 2888 Rege
645 2826 702 2871 seu
728 2804 925 2888 deputandis
949 2805 991 2870 ab
1017 2826 1055 2870 eo
1080 2827 1140 2889 pro
1159 2827 1193 2871 se
1218 2812 1252 2871 et
1268 2801 1488 2871 successoribus

370 2914 435 2980 suis
451 2913 486 2978 in
501 2921 713 2998 perpetuum
729 2921 763 2979 et
779 2913 822 2979 ad
839 2913 1026 2998 eligendum
1049 2935 1149 2979 unum
1165 2912 1216 2978 rel
1232 2913 1347 2997 plures
1362 2911 1488 2977 arbitros

370 3027 404 3087 et
427 3023 653 3104 arbitratores,
668 3024 856 3088 commissos
871 3023 923 3087 rel
939 3022 1130 3087 amicabiles
1147 3023 1391 3106 compositores,
1406 3023 1489 3103 prout

369 3130 417 3195 eis
442 3136 476 3198 et
492 3151 604 3196 eorum
619 3130 755 3196 cuilibet
768 3129 932 3196 ridebitur
946 3135 980 3195 et
994 3127 1147 3214 placebit,
1165 3149 1238 3194 cum
1256 3128 1488 3211 quibuscunque

372 3234 621 3318 conditionibus,
646 3238 752 3320 pactis
768 3242 802 3302 et
817 3235 930 3303 formis
947 3243 980 3303 et
995 3237 1111 3321 modis,
1126 3237 1333 3317 iuramentis
1349 3253 1489 3320 penarum

370 3343 608 3410 adiectionibus
624 3350 695 3427 etc,
710 3354 743 3410 et
758 3344 803 3410 ad
826 3339 1076 3430 omologandum
1093 3351 1126 3410 et
1142 3344 1415 3427 emologationem
1427 3360 1488 3426 pro

369 3451 563 3519 mittendum
588 3457 621 3518 et
645 3452 831 3520 faciendum
856 3454 1030 3520 cuiuslibet
1054 3453 1223 3519 sentendie
1247 3451 1350 3534 laudi,
1366 3449 1490 3525 arbitrii,

368 3561 605 3646 arbitramenti,
620 3560 802 3628 amicabilis
818 3563 1070 3646 compositionis,
1087 3582 1150 3646 que
1165 3581 1224 3646 per
1241 3559 1347 3626 dictos
1364 3558 1490 3624 arbitros

368 3673 401 3734 ct
426 3669 615 3736 amicabiles
641 3669 875 3753 compositores
900 3669 1106 3737 concorditer
1122 3670 1193 3736 lata
1208 3669 1259 3735 rel
1275 3668 1380 3735 latum
1396 3647 1490 3744 fuerit,

368 3783 402 3844 et
427 3779 626 3864 generaliter
651 3780 695 3847 ad
719 3779 869 3864 predicta
894 3785 927 3844 et
953 3780 1063 3846 omnia
1081 3779 1149 3846 alia
1163 3787 1197 3844 et
1213 3777 1348 3862 singula
1363 3781 1490 3844 tractan-

368 3886 454 3971 dum,
479 3887 682 3968 firmandum,
705 3886 899 3972 faciendum,
923 3888 1183 3972 promittendum
1207 3894 1242 3952 et
1265 3883 1490 3970 complendum,

368 4015 430 4078 que
447 3997 494 4064 eis
510 3997 560 4062 vel
576 4018 689 4063 eorum
704 3996 801 4062 alteri
817 4017 877 4081 pro
895 3996 981 4064 bono
1004 3997 1097 4080 pacis
1114 4002 1148 4062 et
1164 3995 1341 4062 concordie
1358 3991 1488 4060 conseri·

368 4104 464 4186 entia,
487 4105 584 4173 utilia
608 4127 666 4171 seu
690 4105 876 4172 necessaria
901 4104 1107 4190 ridebuntur,
1126 4104 1226 4170 etiam
1243 4103 1273 4167 si
1287 4103 1373 4168 talia
1388 4100 1488 4180 forent,

368 4231 430 4292 que
446 4215 636 4282 mandatum
651 4217 821 4303 exigerent
837 4215 986 4299 speciale.
1002 4213 1132 4282 Dentes
1148 4221 1181 4280 et
1197 4213 1412 4281 concedentes
1425 4227 1485 4294 pre·

367 4315 454 4385 latus
479 4321 627 4389 dominus
651 4322 730 4388 Dux
745 4332 778 4390 et
796 4321 944 4391 Consilia
962 4325 1155 4410 supradicta
1170 4323 1292 4390 eisdem
1310 4323 1377 4388 suis
1393 4315 1484 4387 Sindi·

368 4424 414 4490 cie
439 4433 473 4494 et
496 4427 778 4514 Procuratoribus,
804 4439 837 4498 et
863 4432 998 4499 cuilibet
1014 4453 1137 4513 eornm,
1152 4430 1296 4516 plenam,
1312 4429 1443 4496 liberam
1456 4428 1482 4487 et

367 4535 549 4618 generalem
565 4535 882 4608 administrationem
899 4547 933 4606 et
948 4539 1142 4606 mandatum
1159 4535 1338 4621 tractandi,
1354 4530 1481 4612 sedendi,
