3220 5248
380 389 446 450 584
732 405 967 450 orenourczrrr
985 392 1152 452 aurnuns.

375 564 513 630 lenciam
542 585 695 648 pugnans
722 563 881 646 potencie,
905 586 925 628 a
952 563 1009 628 lite
1026 565 1199 630 revertitur
1215 584 1290 647 sepe
1306 563 1418 628 flendo.
1432 559 1490 626 Ad·

375 672 487 737 mirari
504 671 665 756 siquidem
681 693 746 736 non
763 670 952 752 sufficimus,
978 671 1064 738 unde
1079 672 1142 738 tibi
1160 676 1230 737 tem
1246 671 1368 737 stolida
1388 673 1490 736 mentis
1588 753 1590 766 ,

377 779 584 862 protervitas,
600 777 685 843 unde
701 783 768 843 tam
784 783 937 862 proterva
959 778 1142 859 stoliditas3
1166 778 1242 844 dum
1258 778 1312 844 rix
1327 777 1491 844 membrum

375 884 554 952 nominaris
579 885 695 969 debile,
721 885 822 969 capiti
847 887 1008 969 presumis
1034 887 1212 971 insurgere,
1237 907 1299 952 nos
1326 885 1381 968 qui
1405 893 1492 969 capnt

375 993 486 1058 mundi
503 1014 614 1058 sumus
629 999 663 1058 et
679 991 825 1074 dicimur,
842 993 885 1058 ad
901 994 1113 1078 negaoionem
1123 994 1366 1061 morumvolens
1376 991 1490 1072 ducere,

378 1100 551 1166 verborum
576 1100 708 1166 minime
731 1099 853 1166 sufficit
868 1100 1021 1183 perfinire
1038 1099 1128 1187 (tgy).
1146 1101 1211 1167 Dic
1226 1122 1315 1185 ergo,
1331 1123 1424 1185 quem
1439 1121 1489 1167 nos

376 1207 604 1290 prorepens,
630 1213 667 1272 ut
691 1207 898 1274 miseriorum
917 1227 1083 1293 nunquam
1099 1231 1239 1292 pennam
1255 1209 1337 1275 flatu
1353 1208 1491 1275 mobilem
1588 1235 1590 1274 ι

377 1320 435 1380 aut
449 1314 593 1398 leporem
618 1316 714 1398 pulsu
739 1317 944 1400 clamoreque
968 1315 1147 1399 fugabilem
1164 1316 1258 1402 (tgy).
1276 1315 1421 1401 Quiesce,
1434 1322 1492 1380 tnr-
1588 1295 1590 1372 i

376 1425 438 1488 rim
454 1445 513 1488 nos
529 1426 655 1508 reperis
672 1423 967 1508 inexpugnabilem,
984 1447 1005 1491 a
1020 1446 1085 1508 qna
1109 1425 1317 1492 retrocedant
1343 1425 1493 1492 hostiliter

375 1531 547 1612 intuentes,
575 1529 701 1596 leonem
727 1552 783 1596 nos
818 1531 971 1612 invenies,
1002 1534 1197 1598 acerrImum
1228 1553 1328 1616 opere
1358 1539 1490 1616 nutuque

377 1637 568 1717 sevientem3
590 1637 764 1720 perpende,
791 1657 887 1720 quem
912 1640 1123 1723 consequitur
1148 1639 1360 1723 triumphum,
1377 1639 1492 1721 qualern
1588 1647 1590 1656 ⁴

377 1741 554 1824 victoriam,
571 1749 728 1826 qnantum
744 1745 943 1827 preconium,
961 1745 1037 1811 dum
1054 1746 1146 1812 miles
1156 1747 1297 1828 insurgit
1306 1745 1400 1828 Regi,
1415 1745 1492 1810 filius
1588 1745 1590 1760 '

376 1852 474 1935 patri,
490 1872 602 1918 servus
618 1852 769 1930 Domino,
786 1851 969 1935 discipulus
985 1853 1159 1937 Magistro,
1177 1861 1329 1919 creatura
1347 1855 1496 1937 peritura·

377 1979 439 2042 qne
455 1960 604 2024 creatori.
621 1957 737 2024 Nescis
755 1966 912 2040 quantem
929 1964 1129 2044 potestatem
1146 1962 1304 2028 babemus
1319 1968 1352 2027 te
1367 1968 1495 2043 tuosque
1557 2009 1561 2016 .

376 2067 409 2132 in
426 2066 531 2134 celum
547 2066 674 2132 elevare
701 2073 734 2133 et
759 2068 792 2133 in
818 2069 985 2152 pulverem
1002 2067 1226 2136 commutare?
1250 2069 1429 2136 Hortamur
1441 2068 1496 2150 igi-

376 2181 432 2240 tur
445 2180 657 2257 protervum:
682 2174 881 2258 obtempera,
907 2175 1050 2241 animum
1074 2177 1205 2258 domita,
1224 2177 1431 2261 linguamque
1444 2196 1490 2238 re
1588 2171 1590 2190 ²

376 2280 477 2361 irena,
494 2282 614 2346 minari
631 2281 753 2362 desine,
768 2282 914 2366 graciam
930 2284 1061 2365 penitus
1078 2288 1209 2349 maturo
1224 2279 1497 2368 querasternpore'
1588 2267 1590 2274 ξ

377 2387 494 2454 Parati
520 2389 606 2453 enim
632 2410 741 2454 snmus
767 2410 806 2454 ex
827 2389 942 2455 innata
958 2389 1052 2454 nobis
1070 2390 1252 2472 clementia,
1267 2398 1301 2456 te
1318 2391 1496 2474 quemlibet·
1589 2469 1590 2474 γ

378 2517 440 2581 que
456 2495 713 2581 resipiscentem,
736 2495 799 2582 (et)
824 2499 951 2562 veniam
975 2503 1141 2581 petentem
1159 2500 1269 2584 gracie
1284 2500 1423 2565 brachis
1437 2519 1497 2562 em·

378 2604 522 2688 plexeri3
546 2625 611 2687 quo
628 2604 776 2688 neglecto
793 2605 901 2671 verbis
918 2603 1092 2671 abscituris
1109 2605 1171 2690 (et)
1187 2607 1357 2674 verberum
1368 2604 1497 2672 fulmini-

378 2712 440 2778 bus
459 2711 517 2779 tibi
533 2713 665 2796 tuisque
680 2713 862 2780 durissimis
877 2713 1064 2779 intonemus
1081 2712 1173 2801 (igy).

847 2859 891 2921 (U.
906 2874 930 2910 o.
947 2861 1006 2910 136.
1021 2859 1050 2923 l.)

911 3163 985 3226 424.

379 3327 451 3412 qu
468 3326 853 3392 Olaezboobaobarczotd
863 3349 1006 3411 mappas·
1017 3325 1333 3410 csapctnokoeze'rei
1341 3324 1498 3412 foqadjdt

379 3457 401 3496 a
417 3432 573 3520 florenczi
597 3433 836 3519 bormcioyoak,
853 3435 934 3520 boyy
961 3457 1030 3497 nem
1054 3434 1172 3520 foyjdk
1196 3434 1334 3498 bristout
1349 3459 1369 3498 a
1387 3435 1499 3498 bdztdr·

647 3547 745 3628 corrig
762 3541 901 3605 birtokcit
918 3542 950 3606 te
966 3541 1122 3606 embereit.
1141 3542 1235 3605 1362.
1588 3527 1590 3540 ¹

488 3699 666 3766 Promissio
690 3697 781 3766 facta
805 3721 865 3783 per
890 3699 1057 3766 dominum
1073 3699 1269 3766 Nicholanm
1290 3699 1499 3785 capitaneum
1588 3689 1590 3784 i

379 3809 588 3892 Ungnrorum
606 3807 645 3873 de
662 3829 727 3872 non
744 3807 935 3874 offendendo
951 3807 1130 3875 Commune
1147 3809 1326 3876 Florentio.
1589 3795 1590 3800 ἵ

486 3917 525 3982 In
553 3915 678 3982 Christi
704 3917 834 3981 nomine
856 3915 973 3981 Amen.
990 3915 1090 3982 Anno
1109 3915 1350 3982 incarnationis
1366 3917 1498 3984 eiusdem

379 4026 551 4092 millesimo
567 4021 663 4090 CCC.
680 4021 776 4088 LXI.
807 4023 987 4089 indictione
1019 4023 1261 4106 quintadecima
1292 4024 1344 4089 die
1377 4023 1499 4092 XVIII.
1589 4027 1590 4070 ἕ

380 4134 499 4200 mensis
515 4131 541 4198 J
542 4130 680 4196 aunarii.

487 4239 558 4305 Nos
585 4237 742 4303 Nicolaus
762 4237 849 4302 filius
868 4238 990 4302 domini
1004 4239 1029 4304 J
1031 4238 1170 4304 ohannis
1187 4237 1227 4304 de
1244 4235 1377 4305 Achiua
1392 4236 1499 4304 Comes

380 4355 414 4414 et
439 4345 642 4429 Capitaneus
659 4345 879 4430 Ungerorum,
900 4352 933 4410 et
948 4365 1058 4411 omnes
1084 4345 1140 4411 alii
1166 4343 1295 4429 Ungari
1321 4345 1499 4412 Conestabi-

380 4457 438 4537 les,
472 4477 611 4538 quorum
642 4454 774 4520 nomina
806 4453 1062 4534 subscribentur,
1093 4461 1126 4519 et
1156 4455 1266 4540 sigilla
1304 4455 1498 4539 presentibus

381 4571 594 4650 apponentur,
620 4585 705 4629 nnnc
729 4563 973 4646 presentialiter
998 4563 1032 4628 in
1058 4559 1204 4630 Ciuitate
1236 4563 1403 4629 Florentie
1433 4583 1497 4629 cum
