3134 5252
573 384 667 453 1346.
1124 391 1187 454 205

69 565 158 633 irdtus
173 567 327 652 presidio,
342 565 477 634 liberius
493 591 586 634 suum
603 567 635 633 in
651 568 713 633 bac
729 573 823 650 parte
841 565 986 632 debitum
998 577 1188 649 exequatur,

71 681 101 737 el
113 681 233 740 remoto
249 675 413 758 pestilenti
431 675 471 741 de
487 675 605 756 medio,
621 683 653 740 et
670 673 816 758 qualibet
838 674 1028 741 turbatione
1048 675 1188 757 sublata,

69 783 169 864 probis
185 782 274 847 salus
284 782 452 864 adueniat,
468 788 501 848 et
517 781 668 865 Regnum
680 787 827 847 nostrum
838 789 1005 848 remaneat
1021 783 1054 847 in
1072 783 1189 866 quiete.

66 885 109 954 Vt
131 895 238 954 autem
262 911 397 973 presens
422 890 564 956 edictum
590 897 735 955 nostrum
763 891 796 953 in
819 910 1021 955 communem
1038 890 1190 956 deueniat

67 997 208 1062 notitiam
224 999 434 1082 singulorum,
451 1006 483 1064 et
499 999 540 1064 de
556 1000 626 1064 cius
643 999 728 1065 serie
744 1021 764 1063 a
781 1001 908 1064 nemine
919 999 1189 1084 ignorantiapre·

69 1105 220 1184 tendatur,
246 1107 395 1172 diuersas
420 1112 538 1190 cartas,
555 1129 611 1172 seu
626 1105 834 1172 membranas
850 1106 937 1173 illius
954 1108 1070 1172 seriem
1087 1107 1190 1173 conti·

68 1219 168 1278 nentes
192 1213 273 1296 fieri,
298 1221 332 1279 et
357 1215 513 1298 pendenti
538 1213 722 1281 Maiestatis
748 1215 871 1281 Nostre
897 1215 1006 1300 sigillo
1037 1215 1189 1280 iussimus

69 1323 255 1387 communiri.
273 1319 364 1405 Quas
380 1323 500 1388 tamin
517 1322 696 1406 porticibus
724 1323 825 1388 castri
844 1322 949 1389 nostri
966 1323 1044 1388 noui
1059 1321 1190 1406 Neapo-

68 1429 102 1492 lis
116 1435 146 1493 et
161 1430 248 1496 dicte
264 1429 388 1514 Magne
412 1429 511 1496 Ourie
539 1430 689 1515 appendi,
714 1452 813 1514 quam
829 1431 863 1494 in
880 1429 1018 1497 diuersis
1040 1427 1192 1496 Ciuitati-

69 1536 127 1617 bus,
142 1538 216 1622 alijs
233 1539 315 1603 locis
332 1538 489 1624 legendas
505 1538 546 1606 ab
563 1539 721 1618 omuibus,
738 1559 777 1604 ac
793 1541 892 1603 etiam
909 1539 943 1603 in
960 1537 1099 1604 diuersis
1108 1537 1191 1604 Pro·

70 1646 171 1712 uinciis
185 1646 351 1729 publicari
373 1644 516 1727 lecimus,
532 1667 597 1728 qne
613 1646 757 1712 eiusdem
772 1644 870 1711 edicti
888 1647 1006 1711 seriem
1023 1666 1081 1712 suo
1095 1646 1190 1730 quasi

1 1745 2 1766 ¹
70 1773 173 1820 sonoro
188 1755 355 1837 preconio,
371 1760 406 1818 et
420 1755 535 1837 patulo
551 1755 667 1820 inditio
684 1753 915 1838 publicabuot3
933 1775 997 1819 uon
1014 1755 1061 1821 sic
1076 1755 1191 1820 uerisi-

1 1871 2 1876 ’
70 1862 135 1925 mile
149 1863 371 1927 uniuersalem
387 1863 490 1928 latere
506 1863 666 1947 notitiam,
684 1861 771 1946 quod
789 1869 858 1928 tam
874 1869 1024 1946 patenter
1040 1862 1190 1929 omnibus

70 1969 281 2053 perscribitur,
307 1977 340 2035 et
364 1968 493 2054 publice
518 1969 718 2053 diuulgatur.
745 1971 786 2036 In
802 1970 892 2036 cuins
907 1971 954 2035 rei
970 1971 1190 2035 testimonium

1 2121 2 2144 2
70 2097 188 2159 presens
205 2078 353 2144 edictum
369 2079 529 2160 scriptum
545 2077 626 2162 fieri,
642 2083 676 2142 et
692 2077 847 2161 pendenti
863 2077 1051 2144 Maiestatis
1067 2075 1191 2144 Nostra

1 2186 2 2242 ἲ
70 2183 166 2266 sigillo
183 2184 339 2250 iussimus
356 2185 557 2250 communiri.
582 2183 708 2250 Datum
732 2185 883 2269 Neapoli,
897 2205 955 2270 per
971 2205 1085 2250 manus
1102 2182 1191 2249 Ade-

1 2285 2 2364 ᾖ
71 2290 172 2374 nulphi
188 2289 331 2357 Cumani
349 2291 388 2358 de
404 2291 547 2376 Neapoli
564 2293 658 2358 duris
674 2290 788 2358 Civilis
814 2293 1046 2372 Professorem,
1061 2291 1190 2360 Vicem·

1 2429 2 2448 κ
72 2419 125 2480 que
136 2397 760 2484 ProthonotariumReguiSicilie‚ann0
770 2399 904 2466 Domini
915 2398 1190 2468 Mecuxnvl.

1 2502 3 2555 l
72 2505 117 2570 die
146 2506 224 2576 VII.
257 2505 420 2589 Octobris,
453 2507 531 2574 XV.
556 2508 751 2590 indictionis,
783 2507 972 2592 Regnorum
1004 2513 1190 2574 nostrorum

1 2678 2 2700 ,
72 2633 146 2678 anno
162 2621 295 2696 quarto.

166 2765 202 2824 (A
226 2763 370 2827 »Registri
393 2763 540 2826 Angicini«
566 2763 595 2814 G.
619 2767 677 2814 353.
701 2778 739 2813 sz.
762 2763 830 2828 Reg.
854 2762 999 2812 Johonnae
1013 2763 1034 2810 I.
1048 2760 1190 2810 klttetebul

78 3445 268 3514 dedeucaea'
283 3449 558 3538 kormdnylaodce
572 3452 605 3515 dr
621 3447 805 3516 Geuuduak
822 3473 843 3515 α
859 3471 1001 3537 mappae
1024 3447 1193 3534 leirdlylroz

442 3558 567 3626 audate
583 3560 695 3625 lavate
721 3560 817 3624 1346.

171 3717 272 3784 Anno
288 3715 548 3790 MOOOXLVI.
574 3719 626 3786 die
652 3717 700 3785 X.
723 3714 885 3786 Octobris.
911 3716 1071 3801 Capta:
1095 3713 1192 3800 Quod

4 3823 5 3828 ’
78 3827 302 3908 respondeatur
326 3825 456 3894 domino
480 3827 602 3894 Brucio
627 3827 803 3913 Preposito
827 3825 946 3910 Jauue,
969 3827 1026 3910 qui
1043 3823 1134 3891 vadit
1149 3823 1192 3889 ad

75 3939 175 4011 partes
205 3935 322 4003 Ytalie
346 3958 406 4021 pro
431 3937 607 4004 ambaxata
630 3937 755 4002 domini
780 3937 883 4019 Regis
915 3933 1073 4017 Vagaric,
1105 3931 1192 4015 quod

78 4046 231 4127 cupientes
245 4050 276 4113 ei
291 4048 325 4112 in
342 4046 501 4130 omnibns,
525 4067 588 4131 quc
604 4069 662 4131 per
686 4067 744 4112 nos
770 4043 936 4112 commode
954 4043 1023 4108 fieri
1048 4049 1195 4126 possunt,

5 4181 6 4186 ¹
80 4151 212 4233 plenarie
237 4155 451 4240 complacere,
474 4154 695 4221 ordinavimus
720 4152 791 4218 fieri
815 4159 947 4218 nostras
973 4152 1127 4235 patentes
1142 4149 1195 4214 lit·

5 4309 6 4330 t
80 4264 156 4328 teras
179 4265 378 4332 Rectoribus
408 4266 541 4346 nostris,
564 4262 759 4330 mandantes
791 4261 848 4340 eis,
881 4259 968 4344 quod
992 4279 1052 4344 per
1083 4277 1194 4323 omnes

5 4375 7 4404 ²
81 4375 198 4438 nostros
213 4371 395 4440 Districtus
409 4373 511 4439 libere
536 4378 571 4438 et
586 4392 699 4439 secure
725 4376 759 4436 et
775 4369 844 4436 siue
871 4365 1104 4451 impedimento
1121 4387 1196 4450 ape·

83 4477 198 4548 dtioms
212 4482 406 4564 litterarum,
429 4503 511 4566 quas
537 4503 646 4547 secum
670 4479 778 4560 babet,
801 4479 843 4544 iri
869 4482 903 4542 et
927 4473 1036 4540 redire
1062 4475 1195 4558 permit·

6 4645 8 4674 ,
84 4589 147 4652 tant
160 4610 229 4656 eum
244 4592 314 4656 eius
330 4588 457 4656 familia
473 4596 508 4655 et
524 4591 687 4660 comitiva.
712 4588 774 4654 stb.
