3166 5256
663 663 714 726 57.

1 834 2 900 l
121 822 185 887 Pdl
201 825 235 888 e'e
249 823 386 890 Mladin
413 824 530 889 elisaei
542 823 729 911 grdfokcak
745 825 904 912 kivetse'gc
924 826 1137 890 Velencze'ben.
1154 828 1250 892 1344.

1 920 2 966 t

227 980 326 1049 Auno
341 981 599 1051 MOOOXLIV.
616 983 668 1048 die
685 982 862 1050 XXVIII.
878 982 1030 1068 Augusti.
1049 983 1134 1048 XII.
1150 983 1251 1048 indic·

119 1089 219 1154 tione.
245 1089 405 1174 Capta:
422 1087 549 1156 Audito
574 1089 679 1155 fratre
705 1087 875 1174 Gregorio,
900 1087 1127 1158 Ambaxatore
1144 1090 1251 1157 (lomi-

1 1206 3 1286 t
114 1203 185 1260 tum
201 1195 298 1264 Pauli
314 1202 348 1262 et
362 1196 516 1277 blladini,
533 1203 566 1262 et
591 1218 702 1263 eorum
714 1215 718 1222 '
730 1198 906 1264 ambaxata
931 1198 1058 1282 plenius
1074 1199 1250 1278 intellecta,

1 1290 2 1383 l
116 1305 294 1370 consulunt
323 1305 529 1371 concorditer
561 1304 732 1388 sapientes,
758 1305 847 1387 quod
871 1304 960 1370 dieto
976 1305 1183 1371 ambaxatori
1199 1325 1249 1370 re·

114 1411 333 1495 spondeatur:
359 1417 392 1477 et
416 1413 522 1494 prime
547 1410 590 1476 ad
614 1409 754 1493 primum
771 1411 958 1496 capitulum,
973 1434 1031 1496 per
1047 1411 1133 1495 quod
1149 1415 1242 1497 petit,

113 1517 296 1585 subsidium
311 1517 408 1584 dictis
425 1517 604 1584 Comitibus
620 1518 693 1583 dari
717 1540 776 1601 per
801 1524 905 1584 terras
922 1525 1051 1584 nostras
1065 1518 1136 1598 'etc;
1162 1518 1248 1601 qued

1 1600 2 1670 l
113 1624 155 1689 de
172 1625 330 1691 molestiis
344 1626 490 1709 ipsorum
508 1624 683 1706 Comitum,
712 1631 881 1708 tamquam
906 1624 1023 1690 civium
1048 1625 1248 1707 dilectorum,

1 1717 2 1724 ἵ
112 1732 340 1798 turbationem
365 1734 560 1817 recipimus,
576 1738 610 1796 et
626 1731 713 1815 quod
739 1731 921 1798 Comitibus
947 1733 1067 1798 nostris
1094 1731 1247 1814 Sibenici,

1 1846 2 1851 ’
111 1839 270 1924 Tragurii
285 1845 317 1904 et
332 1838 462 1924 Spalati
485 1839 673 1920 scribemus,
697 1847 734 1904 ut
749 1860 809 1923 pro
832 1839 942 1905 farore
958 1841 1118 1907 dictorum
1134 1837 1241 1905 Comi·

1 2007 2 2017 .
110 1954 180 2013 tum
198 1948 377 2018 viderimus
393 1949 572 2014 convenire.

1 2119 2 2143 2
222 2051 348 2140 Capta:
365 2056 452 2138 quod
468 2055 556 2121 dicto
572 2053 791 2122 Ambaxatori
801 2055 1038 2139 respondeatur
1049 2055 1092 2120 ad
1103 2055 1146 2138 id,
1156 2055 1243 2140 quod

109 2168 266 2229 oretenus
283 2171 356 2248 post
373 2163 484 2230 datam
515 2165 585 2229 eius
615 2163 823 2230 ambaxatam
852 2164 887 2228 in
912 2164 1044 2247 scriptis
1061 2163 1245 2248 explicavit,

1 2261 2 2348 l
109 2271 274 2350 videlicet,
289 2271 377 2355 quod
395 2274 422 2336 si
439 2270 555 2337 Comes
570 2270 761 2338 Maladiuus
776 2273 811 2339 iu
826 2269 996 2338 Scardona
1021 2271 1244 2354 assidiaretur‚

109 2381 138 2445 si
155 2380 264 2444 eidem
280 2380 519 2445 contuleremus
543 2379 699 2444 auxilium
725 2386 758 2445 et
772 2380 933 2461 favorem3
965 2379 1052 2462 quod
1069 2379 1096 2443 si
1113 2378 1155 2445 ad
1171 2385 1243 2444 tan·

1 2496 2 2504 ’
108 2491 181 2552 tum
197 2487 391 2570 perveniret,
408 2486 496 2570 quod
512 2485 602 2551 Deus
629 2493 765 2568 avertat,
781 2488 867 2572 quod
893 2509 967 2551 cum
983 2487 1094 2568 aliquo
1111 2492 1243 2570 pactum

1 2583 2 2648 l
109 2595 246 2659 minime
262 2599 391 2678 tractet,
407 2593 463 2660 sed
480 2601 572 2660 curet
587 2595 680 2661 nobis
697 2595 822 2661 solicite
853 2595 1019 2676 denotare,
1039 2615 1076 2659 eo
1093 2597 1170 2678 quia
1189 2616 1243 2660 cu·

1 2699 2 2768 5
105 2701 258 2766 rabimus
273 2701 455 2786 providere,
472 2703 556 2768 sicut
570 2725 630 2786 pro
646 2704 716 2768 eius
747 2703 820 2768 utili
845 2709 879 2768 et
895 2703 1139 2769 conservatione
1155 2702 1241 2768 vide·

1 2868 2 2905 ,
105 2809 213 2873 rimus
243 2814 417 2892 opportere
448 2831 520 2874 cum
551 2807 673 2874 honore
704 2815 818 2875 nostro
844 2816 877 2874 et
901 2809 987 2874 bono
1003 2817 1188 2876 nostrorum
1203 2809 1240 2874 fi-

1 2975 2 3007 ,
107 2914 242 2981 delium.

1 3011 2 3028 ¹
218 3021 342 3108 Capta:
368 3022 412 3088 ad
437 3022 612 3088 secundum
636 3025 824 3107 capitulum,
841 3046 900 3108 per
917 3027 1004 3110 quod
1020 3026 1104 3108 petit
1128 3046 1241 3106 arma;

106 3131 249 3211 dicatur,
265 3133 352 3215 quod
368 3153 460 3196 arma
476 3131 640 3215 equestria
655 3155 720 3198 non
736 3132 901 3215 habemus,
918 3133 975 3199 sed
992 3134 1020 3198 si
1035 3135 1123 3199 volet
1146 3133 1240 3216 pede-

107 3241 206 3320 stria,
224 3261 283 3323 pro
314 3238 498 3305 hominibus
530 3238 599 3328 XL
631 3239 692 3306 sibi
717 3241 997 3326 complacebimus,
1014 3241 1121 3308 dando
1137 3241 1242 3326 pleza·

1 3344 2 3379 l
103 3348 198 3429 riam,
217 3347 301 3412 sicut
315 3347 462 3413 continet
482 3347 665 3413 ambracia.

216 3453 340 3538 Capta:
357 3476 455 3538 super
470 3455 573 3520 tercio
589 3455 742 3542 capitulo,
758 3478 816 3540 per
833 3456 920 3539 quod
936 3457 1027 3540 petit,
1054 3456 1141 3541 quod
1158 3457 1239 3522 dare

1 3585 2 3648 ξ
99 3562 243 3628 velimus
259 3564 430 3648 pignoram
463 3583 561 3646 super
576 3563 823 3647 Minosclavum,
855 3565 911 3648 qui
936 3563 1082 3631 homiues
1099 3561 1238 3630 Comitis

100 3669 272 3736 Maladini
285 3670 456 3736 derobarit
472 3678 531 3735 etc.
542 3670 673 3735 dicatur
689 3677 721 3736 et
731 3671 983 3755 respondeatur,
1006 3674 1094 3756 quod
1111 3673 1233 3738 dictum

97 3779 229 3845 iactum
244 3777 337 3844 nobis
353 3780 557 3862 incognitum
575 3784 632 3860 est,
649 3784 681 3845 et
697 3778 783 3864 quod
798 3781 831 3846 in
848 3781 918 3864 ipso
935 3781 1091 3846 iaciemus
1118 3783 1237 3847 exami-

1 3887 2 3907 ¹
97 3889 285 3968 necionem,
303 3893 334 3952 et
352 3888 566 3972 procedemus
582 3887 757 3953 secundum
782 3888 870 3972 quod
896 3887 935 3952 dc
961 3889 1031 3954 iure
1058 3888 1237 3972 poterimus
1365 3889 1369 3894 ’

1 3995 2 4087 ᾖ
98 4005 134 4064 et
151 3996 334 4062 videbimus
351 4016 421 4062 esse
437 3996 567 4061 iustum.
811 4075 815 4083 ι

1 4098 2 4182 J
212 4101 319 4188 Super
336 4104 425 4169 dieto
442 4105 588 4188 capitulo
605 4103 799 4192 (sapientes)
815 4106 930 4171 volunt
946 4103 995 4190 (et
1011 4105 1134 4192 capta),
1150 4107 1237 4191 quod

94 4211 354 4297 respondeatur,
387 4213 476 4294 quod
506 4234 570 4279 non
596 4213 725 4280 ridetur
749 4214 851 4296 nobis,
877 4215 963 4299 quod
994 4215 1235 4280 rationabiliter

93 4321 332 4406 constringere
349 4322 510 4406 possimus
526 4321 686 4390 Ciuitates
702 4328 830 4389 nostras
845 4323 889 4387 ad
905 4325 1077 4407 pignoram
1093 4323 1235 4388 dandam

96 4451 204 4516 super
220 4428 384 4514 aliquem3
409 4427 497 4514 quod
522 4429 551 4496 si
576 4430 617 4497 de
642 4430 712 4497 iure
736 4428 808 4497 fieri
822 4436 941 4516 posset,
957 4429 1096 4499 libenter
1111 4429 1152 4498 ob
1168 4433 1239 4504 eius

92 4560 243 4608 amorem
259 4538 295 4606 id
311 4540 499 4626 egissemus.
