<?xml version="1.0" encoding="UTF-8"?>
<!DOCTYPE html PUBLIC "-//W3C//DTD XHTML 1.0 Transitional//EN"
    "http://www.w3.org/TR/xhtml1/DTD/xhtml1-transitional.dtd">
<html xmlns="http://www.w3.org/1999/xhtml" xml:lang="en" lang="en">
 <head>
  <title>
</title>
<meta http-equiv="Content-Type" content="text/html;charset=utf-8" />
  <meta name='ocr-system' content='tesseract 3.04.00' />
  <meta name='ocr-capabilities' content='ocr_page ocr_carea ocr_par ocr_line ocrx_word'/>
</head>
<body>
  <div class='ocr_page' id='page_1' title='image "./magyardiplomacz01wenzgoog_0448.png"; bbox 0 0 3108 5246; ppageno 0'>
   <div class='ocr_carea' id='block_1_1' title="bbox 387 322 1162 388">
    <p class='ocr_par' dir='ltr' id='par_1_1' title="bbox 387 322 1162 388">
     <span class='ocr_line' id='line_1_1' title="bbox 387 322 1162 388; baseline -0.004 0"><span class='ocrx_word' id='word_1_1' title='bbox 387 322 453 388; x_wconf 81' lang='lat'>412</span> <span class='ocrx_word' id='word_1_2' title='bbox 737 340 970 388; x_wconf 74' lang='lat' dir='ltr'>nrnrouaczrar</span> <span class='ocrx_word' id='word_1_3' title='bbox 995 325 1162 386; x_wconf 72' lang='lat' dir='ltr'>ruthuna.</span> 
     </span>
    </p>
   </div>
   <div class='ocr_carea' id='block_1_2' title="bbox 386 500 1503 696">
    <p class='ocr_par' dir='ltr' id='par_1_2' title="bbox 386 500 1503 696">
     <span class='ocr_line' id='line_1_2' title="bbox 386 500 1501 588; baseline -0.002 -20"><span class='ocrx_word' id='word_1_4' title='bbox 386 502 545 586; x_wconf 79' lang='lat' dir='ltr'><strong>formasti,</strong></span> <span class='ocrx_word' id='word_1_5' title='bbox 571 525 609 568; x_wconf 90' lang='lat' dir='ltr'>eo</span> <span class='ocrx_word' id='word_1_6' title='bbox 625 501 829 588; x_wconf 80' lang='lat' dir='ltr'>plenioribus</span> <span class='ocrx_word' id='word_1_7' title='bbox 854 508 888 568; x_wconf 90' lang='lat' dir='ltr'>et</span> <span class='ocrx_word' id='word_1_8' title='bbox 910 501 1118 567; x_wconf 83' lang='lat' dir='ltr'>uberioribus</span> <span class='ocrx_word' id='word_1_9' title='bbox 1134 503 1362 585; x_wconf 86' lang='lat' dir='ltr'>prosequimur</span> <span class='ocrx_word' id='word_1_10' title='bbox 1378 500 1501 566; x_wconf 87' lang='lat' dir='ltr'>actioni·</span> 
     </span>
     <span class='ocr_line' id='line_1_3' title="bbox 388 609 1503 696; baseline 0 -20"><span class='ocrx_word' id='word_1_11' title='bbox 388 617 446 679; x_wconf 88' lang='lat' dir='ltr'>bus</span> <span class='ocrx_word' id='word_1_12' title='bbox 457 612 645 696; x_wconf 77' lang='lat' dir='ltr'>gratiarum,</span> <span class='ocrx_word' id='word_1_13' title='bbox 663 632 725 694; x_wconf 91' lang='lat' dir='ltr'>quo</span> <span class='ocrx_word' id='word_1_14' title='bbox 742 611 989 694; x_wconf 88' lang='lat' dir='ltr'>progenitorum</span> <span class='ocrx_word' id='word_1_15' title='bbox 1004 617 1135 676; x_wconf 90' lang='lat' dir='ltr'>tuorum</span> <span class='ocrx_word' id='word_1_16' title='bbox 1150 611 1358 676; x_wconf 88' lang='lat' dir='ltr'>deuotionem</span> <span class='ocrx_word' id='word_1_17' title='bbox 1369 616 1400 675; x_wconf 90' lang='lat' dir='ltr'>et</span> <span class='ocrx_word' id='word_1_18' title='bbox 1415 609 1503 677; x_wconf 86' lang='lat' dir='ltr'>fidem</span> 
     </span>
    </p>
   </div>
   <div class='ocr_carea' id='block_1_3' title="bbox 279 716 1506 800">
    <p class='ocr_par' dir='ltr' id='par_1_3' title="bbox 279 716 1506 800">
     <span class='ocr_line' id='line_1_4' title="bbox 279 716 1506 800; baseline -0.002 -16"><span class='ocrx_word' id='word_1_19' title='bbox 279 723 283 730; x_wconf 88' lang='lat'>&#39;</span> <span class='ocrx_word' id='word_1_20' title='bbox 385 720 428 785; x_wconf 88' lang='lat' dir='ltr'>ad</span> <span class='ocrx_word' id='word_1_21' title='bbox 445 719 628 786; x_wconf 80' lang='lat' dir='ltr'><strong>Romanam</strong></span> <span class='ocrx_word' id='word_1_22' title='bbox 643 719 828 787; x_wconf 81' lang='lat' dir='ltr'><strong>Ecclesiam</strong></span> <span class='ocrx_word' id='word_1_23' title='bbox 844 720 989 785; x_wconf 88' lang='lat' dir='ltr'>Matrem</span> <span class='ocrx_word' id='word_1_24' title='bbox 1006 725 1096 784; x_wconf 91' lang='lat' dir='ltr'>tuam</span> <span class='ocrx_word' id='word_1_25' title='bbox 1112 716 1345 783; x_wconf 89' lang='lat' dir='ltr'>inviolabiliter</span> <span class='ocrx_word' id='word_1_26' title='bbox 1360 717 1506 800; x_wconf 81' lang='lat' dir='ltr'>habitam,</span> 
     </span>
    </p>
   </div>
   <div class='ocr_carea' id='block_1_4' title="bbox 381 823 1506 2210">
    <p class='ocr_par' dir='ltr' id='par_1_4' title="bbox 381 823 1506 2210">
     <span class='ocr_line' id='line_1_5' title="bbox 385 823 1506 912; baseline -0.003 -20"><span class='ocrx_word' id='word_1_27' title='bbox 385 827 419 892; x_wconf 90' lang='lat' dir='ltr'>in</span> <span class='ocrx_word' id='word_1_28' title='bbox 443 835 475 893; x_wconf 92' lang='lat' dir='ltr'>te</span> <span class='ocrx_word' id='word_1_29' title='bbox 500 829 737 912; x_wconf 77' lang='lat' dir='ltr'>propagatione</span> <span class='ocrx_word' id='word_1_30' title='bbox 762 826 921 892; x_wconf 81' lang='lat' dir='ltr'>laudabili</span> <span class='ocrx_word' id='word_1_31' title='bbox 947 827 1135 905; x_wconf 89' lang='lat' dir='ltr'>derivatam,</span> <span class='ocrx_word' id='word_1_32' title='bbox 1160 832 1196 892; x_wconf 89' lang='lat' dir='ltr'>et</span> <span class='ocrx_word' id='word_1_33' title='bbox 1219 825 1375 892; x_wconf 89' lang='lat' dir='ltr'>sentimus</span> <span class='ocrx_word' id='word_1_34' title='bbox 1388 823 1506 906; x_wconf 82' lang='lat' dir='ltr'>aflectu,</span> 
     </span>
     <span class='ocr_line' id='line_1_6' title="bbox 385 933 1504 1020; baseline -0.005 -19"><span class='ocrx_word' id='word_1_35' title='bbox 385 941 418 1001; x_wconf 89' lang='lat' dir='ltr'>et</span> <span class='ocrx_word' id='word_1_36' title='bbox 441 935 559 1002; x_wconf 85' lang='lat' dir='ltr'>ellectu</span> <span class='ocrx_word' id='word_1_37' title='bbox 584 936 774 1019; x_wconf 83' lang='lat' dir='ltr'>palpamus3</span> <span class='ocrx_word' id='word_1_38' title='bbox 789 933 876 1017; x_wconf 85' lang='lat' dir='ltr'>Regi</span> <span class='ocrx_word' id='word_1_39' title='bbox 892 934 1031 1018; x_wconf 89' lang='lat' dir='ltr'>Regum,</span> <span class='ocrx_word' id='word_1_40' title='bbox 1047 956 1106 1020; x_wconf 90' lang='lat' dir='ltr'>per</span> <span class='ocrx_word' id='word_1_41' title='bbox 1122 954 1219 1017; x_wconf 90' lang='lat' dir='ltr'>quem</span> <span class='ocrx_word' id='word_1_42' title='bbox 1239 933 1324 997; x_wconf 86' lang='lat' dir='ltr'>vinis</span> <span class='ocrx_word' id='word_1_43' title='bbox 1340 939 1372 998; x_wconf 90' lang='lat' dir='ltr'>et</span> <span class='ocrx_word' id='word_1_44' title='bbox 1388 952 1504 1014; x_wconf 64' lang='lat' dir='ltr'>regnas,</span> 
     </span>
     <span class='ocr_line' id='line_1_7' title="bbox 384 1037 1503 1129; baseline -0.008 -18"><span class='ocrx_word' id='word_1_45' title='bbox 384 1064 496 1129; x_wconf 88' lang='lat' dir='ltr'>preces</span> <span class='ocrx_word' id='word_1_46' title='bbox 521 1042 659 1108; x_wconf 90' lang='lat' dir='ltr'>denotas</span> <span class='ocrx_word' id='word_1_47' title='bbox 684 1047 717 1107; x_wconf 89' lang='lat' dir='ltr'>et</span> <span class='ocrx_word' id='word_1_48' title='bbox 742 1042 879 1108; x_wconf 89' lang='lat' dir='ltr'>humiles</span> <span class='ocrx_word' id='word_1_49' title='bbox 905 1042 1098 1121; x_wconf 57' lang='lat' dir='ltr'>offerentem</span> <span class='ocrx_word' id='word_1_50' title='bbox 1123 1045 1158 1106; x_wconf 90' lang='lat' dir='ltr'>vt</span> <span class='ocrx_word' id='word_1_51' title='bbox 1183 1043 1262 1124; x_wconf 89' lang='lat' dir='ltr'>ipse,</span> <span class='ocrx_word' id='word_1_52' title='bbox 1279 1040 1338 1124; x_wconf 93' lang='lat' dir='ltr'>qui</span> <span class='ocrx_word' id='word_1_53' title='bbox 1354 1037 1503 1106; x_wconf 88' lang='lat' dir='ltr'>hunctibi</span> 
     </span>
     <span class='ocr_line' id='line_1_8' title="bbox 383 1147 1504 1234; baseline -0.005 -16"><span class='ocrx_word' id='word_1_54' title='bbox 383 1151 504 1218; x_wconf 87' lang='lat' dir='ltr'>infudit</span> <span class='ocrx_word' id='word_1_55' title='bbox 518 1151 669 1232; x_wconf 88' lang='lat' dir='ltr'>animum,</span> <span class='ocrx_word' id='word_1_56' title='bbox 686 1157 718 1215; x_wconf 91' lang='lat' dir='ltr'>te</span> <span class='ocrx_word' id='word_1_57' title='bbox 734 1153 767 1217; x_wconf 96' lang='lat' dir='ltr'>in</span> <span class='ocrx_word' id='word_1_58' title='bbox 783 1151 845 1216; x_wconf 87' lang='lat' dir='ltr'>hac</span> <span class='ocrx_word' id='word_1_59' title='bbox 861 1149 923 1216; x_wconf 90' lang='lat' dir='ltr'>zeli</span> <span class='ocrx_word' id='word_1_60' title='bbox 938 1149 1140 1232; x_wconf 88' lang='lat' dir='ltr'>rectitudine,</span> <span class='ocrx_word' id='word_1_61' title='bbox 1151 1150 1185 1214; x_wconf 94' lang='lat' dir='ltr'>in</span> <span class='ocrx_word' id='word_1_62' title='bbox 1200 1149 1264 1214; x_wconf 88' lang='lat' dir='ltr'>hac</span> <span class='ocrx_word' id='word_1_63' title='bbox 1278 1148 1356 1216; x_wconf 90' lang='lat' dir='ltr'>fidei</span> <span class='ocrx_word' id='word_1_64' title='bbox 1371 1147 1504 1234; x_wconf 86' lang='lat' dir='ltr'>puritate</span> 
     </span>
     <span class='ocr_line' id='line_1_9' title="bbox 383 1257 1504 1342; baseline -0.004 -16"><span class='ocrx_word' id='word_1_65' title='bbox 383 1265 559 1341; x_wconf 90' lang='lat' dir='ltr'>conseruet,</span> <span class='ocrx_word' id='word_1_66' title='bbox 583 1279 622 1323; x_wconf 90' lang='lat' dir='ltr'>ac</span> <span class='ocrx_word' id='word_1_67' title='bbox 646 1265 678 1324; x_wconf 90' lang='lat' dir='ltr'>te</span> <span class='ocrx_word' id='word_1_68' title='bbox 701 1257 917 1342; x_wconf 86' lang='lat' dir='ltr'>Regnumque</span> <span class='ocrx_word' id='word_1_69' title='bbox 933 1265 1025 1323; x_wconf 88' lang='lat' dir='ltr'>tunm</span> <span class='ocrx_word' id='word_1_70' title='bbox 1041 1263 1209 1341; x_wconf 80' lang='lat' dir='ltr'>preserret</span> <span class='ocrx_word' id='word_1_71' title='bbox 1225 1279 1245 1320; x_wconf 89' lang='lat' dir='ltr'>a</span> <span class='ocrx_word' id='word_1_72' title='bbox 1261 1257 1375 1338; x_wconf 81' lang='lat' dir='ltr'>noxiis,</span> <span class='ocrx_word' id='word_1_73' title='bbox 1390 1276 1504 1322; x_wconf 86' lang='lat' dir='ltr'>succes·</span> 
     </span>
     <span class='ocr_line' id='line_1_10' title="bbox 384 1365 1503 1450; baseline -0.003 -17"><span class='ocrx_word' id='word_1_74' title='bbox 384 1367 472 1433; x_wconf 91' lang='lat' dir='ltr'>sibus</span> <span class='ocrx_word' id='word_1_75' title='bbox 487 1367 638 1434; x_wconf 89' lang='lat' dir='ltr'>felicibus</span> <span class='ocrx_word' id='word_1_76' title='bbox 654 1375 783 1450; x_wconf 87' lang='lat' dir='ltr'>augeat,</span> <span class='ocrx_word' id='word_1_77' title='bbox 807 1375 840 1434; x_wconf 91' lang='lat' dir='ltr'>et</span> <span class='ocrx_word' id='word_1_78' title='bbox 855 1367 1009 1432; x_wconf 80' lang='lat' dir='ltr'>thronum</span> <span class='ocrx_word' id='word_1_79' title='bbox 1025 1365 1165 1450; x_wconf 86' lang='lat' dir='ltr'>Regium</span> <span class='ocrx_word' id='word_1_80' title='bbox 1180 1365 1301 1431; x_wconf 88' lang='lat' dir='ltr'>fortius</span> <span class='ocrx_word' id='word_1_81' title='bbox 1317 1366 1456 1444; x_wconf 84' lang='lat' dir='ltr'>roboret,</span> <span class='ocrx_word' id='word_1_82' title='bbox 1469 1386 1503 1431; x_wconf 85' lang='lat' dir='ltr'>ac</span> 
     </span>
     <span class='ocr_line' id='line_1_11' title="bbox 382 1473 1501 1560; baseline -0.004 -19"><span class='ocrx_word' id='word_1_83' title='bbox 382 1482 539 1560; x_wconf 89' lang='lat' dir='ltr'>perpetua</span> <span class='ocrx_word' id='word_1_84' title='bbox 554 1476 731 1542; x_wconf 76' lang='lat' dir='ltr'>stabilitate</span> <span class='ocrx_word' id='word_1_85' title='bbox 754 1475 931 1542; x_wconf 90' lang='lat' dir='ltr'>confirmet.</span> <span class='ocrx_word' id='word_1_86' title='bbox 948 1473 1016 1541; x_wconf 84' lang='lat' dir='ltr'>Sed</span> <span class='ocrx_word' id='word_1_87' title='bbox 1031 1476 1191 1559; x_wconf 90' lang='lat' dir='ltr'>quamuis,</span> <span class='ocrx_word' id='word_1_88' title='bbox 1206 1475 1375 1540; x_wconf 85' lang='lat' dir='ltr'>carissime</span> <span class='ocrx_word' id='word_1_89' title='bbox 1389 1475 1443 1555; x_wconf 89' lang='lat' dir='ltr'>fili,</span> <span class='ocrx_word' id='word_1_90' title='bbox 1458 1496 1501 1538; x_wconf 88' lang='lat' dir='ltr'>sn-</span> 
     </span>
     <span class='ocr_line' id='line_1_12' title="bbox 382 1583 1500 1669; baseline -0.003 -20"><span class='ocrx_word' id='word_1_91' title='bbox 382 1606 443 1668; x_wconf 91' lang='lat' dir='ltr'>per</span> <span class='ocrx_word' id='word_1_92' title='bbox 465 1585 528 1650; x_wconf 91' lang='lat' dir='ltr'>hiis</span> <span class='ocrx_word' id='word_1_93' title='bbox 552 1591 692 1652; x_wconf 90' lang='lat' dir='ltr'>mentem</span> <span class='ocrx_word' id='word_1_94' title='bbox 717 1585 821 1669; x_wconf 90' lang='lat' dir='ltr'>patris</span> <span class='ocrx_word' id='word_1_95' title='bbox 845 1591 901 1649; x_wconf 88' lang='lat' dir='ltr'>tue</span> <span class='ocrx_word' id='word_1_96' title='bbox 925 1585 1054 1669; x_wconf 84' lang='lat' dir='ltr'>puritas</span> <span class='ocrx_word' id='word_1_97' title='bbox 1079 1584 1263 1650; x_wconf 90' lang='lat' dir='ltr'>deuotionis</span> <span class='ocrx_word' id='word_1_98' title='bbox 1293 1583 1500 1660; x_wconf 63' lang='lat' dir='ltr'>exhilarabat</span> 
     </span>
     <span class='ocr_line' id='line_1_13' title="bbox 382 1690 1500 1775; baseline -0.002 -17"><span class='ocrx_word' id='word_1_99' title='bbox 382 1713 516 1775; x_wconf 89' lang='lat' dir='ltr'>operum</span> <span class='ocrx_word' id='word_1_100' title='bbox 531 1699 661 1760; x_wconf 90' lang='lat' dir='ltr'>tuorum</span> <span class='ocrx_word' id='word_1_101' title='bbox 676 1691 809 1760; x_wconf 79' lang='lat' dir='ltr'>effectus</span> <span class='ocrx_word' id='word_1_102' title='bbox 820 1693 863 1758; x_wconf 91' lang='lat' dir='ltr'>ad</span> <span class='ocrx_word' id='word_1_103' title='bbox 872 1699 931 1758; x_wconf 91' lang='lat' dir='ltr'>tua</span> <span class='ocrx_word' id='word_1_104' title='bbox 941 1693 1111 1758; x_wconf 91' lang='lat' dir='ltr'>commoda</span> <span class='ocrx_word' id='word_1_105' title='bbox 1127 1698 1162 1758; x_wconf 91' lang='lat' dir='ltr'>et</span> <span class='ocrx_word' id='word_1_106' title='bbox 1176 1693 1316 1757; x_wconf 90' lang='lat' dir='ltr'>honores</span> <span class='ocrx_word' id='word_1_107' title='bbox 1328 1690 1500 1758; x_wconf 85' lang='lat' dir='ltr'>extollenda</span> 
     </span>
     <span class='ocr_line' id='line_1_14' title="bbox 382 1800 1500 1885; baseline -0.003 -19"><span class='ocrx_word' id='word_1_108' title='bbox 382 1821 441 1866; x_wconf 90' lang='lat' dir='ltr'>nos</span> <span class='ocrx_word' id='word_1_109' title='bbox 467 1800 619 1883; x_wconf 86' lang='lat' dir='ltr'>excitent,</span> <span class='ocrx_word' id='word_1_110' title='bbox 644 1808 678 1866; x_wconf 87' lang='lat' dir='ltr'>et</span> <span class='ocrx_word' id='word_1_111' title='bbox 693 1801 836 1884; x_wconf 88' lang='lat' dir='ltr'>quadam</span> <span class='ocrx_word' id='word_1_112' title='bbox 852 1801 1054 1885; x_wconf 84' lang='lat' dir='ltr'>propensiori</span> <span class='ocrx_word' id='word_1_113' title='bbox 1071 1823 1150 1867; x_wconf 86' lang='lat' dir='ltr'>cura</span> <span class='ocrx_word' id='word_1_114' title='bbox 1166 1801 1370 1868; x_wconf 85' lang='lat' dir='ltr'>constituant</span> <span class='ocrx_word' id='word_1_115' title='bbox 1385 1819 1500 1883; x_wconf 91' lang='lat' dir='ltr'>promp-</span> 
     </span>
     <span class='ocr_line' id='line_1_15' title="bbox 381 1897 1498 1992; baseline 0.001 -20"><span class='ocrx_word' id='word_1_116' title='bbox 381 1909 499 1974; x_wconf 88' lang='lat' dir='ltr'>tiorem</span> <span class='ocrx_word' id='word_1_117' title='bbox 509 1933 517 1975; x_wconf 77' lang='grc' dir='ltr'><strong><em>ε</em></strong></span> <span class='ocrx_word' id='word_1_118' title='bbox 527 1909 604 1992; x_wconf 90' lang='lat' dir='ltr'>quia</span> <span class='ocrx_word' id='word_1_119' title='bbox 620 1914 732 1974; x_wconf 87' lang='lat' dir='ltr'>tamen</span> <span class='ocrx_word' id='word_1_120' title='bbox 748 1911 782 1975; x_wconf 93' lang='lat' dir='ltr'>in</span> <span class='ocrx_word' id='word_1_121' title='bbox 798 1897 959 1975; x_wconf 84' lang='lat' dir='ltr'>carissimi</span> <span class='ocrx_word' id='word_1_122' title='bbox 973 1911 1007 1973; x_wconf 91' lang='lat' dir='ltr'>in</span> <span class='ocrx_word' id='word_1_123' title='bbox 1024 1907 1157 1974; x_wconf 84' lang='lat' dir='ltr'>Christo</span> <span class='ocrx_word' id='word_1_124' title='bbox 1172 1909 1233 1974; x_wconf 94' lang='lat' dir='ltr'>filii</span> <span class='ocrx_word' id='word_1_125' title='bbox 1247 1908 1389 1976; x_wconf 87' lang='lat' dir='ltr'>Roberti</span> <span class='ocrx_word' id='word_1_126' title='bbox 1404 1908 1498 1990; x_wconf 81' lang='lat' dir='ltr'>Impe·</span> 
     </span>
     <span class='ocr_line' id='line_1_16' title="bbox 382 2013 1496 2101; baseline -0.004 -20"><span class='ocrx_word' id='word_1_127' title='bbox 382 2016 503 2082; x_wconf 87' lang='lat' dir='ltr'>ratoris</span> <span class='ocrx_word' id='word_1_128' title='bbox 520 2015 882 2100; x_wconf 80' lang='lat' dir='ltr'>Constantinopolitani</span> <span class='ocrx_word' id='word_1_129' title='bbox 897 2017 1044 2101; x_wconf 77' lang='lat' dir='ltr'>illustria,</span> <span class='ocrx_word' id='word_1_130' title='bbox 1059 2023 1094 2082; x_wconf 91' lang='lat' dir='ltr'>et</span> <span class='ocrx_word' id='word_1_131' title='bbox 1109 2017 1221 2084; x_wconf 87' lang='lat' dir='ltr'>dilecti</span> <span class='ocrx_word' id='word_1_132' title='bbox 1237 2017 1295 2101; x_wconf 91' lang='lat' dir='ltr'>filij</span> <span class='ocrx_word' id='word_1_133' title='bbox 1313 2017 1430 2083; x_wconf 86' lang='lat' dir='ltr'>nobilis</span> <span class='ocrx_word' id='word_1_134' title='bbox 1445 2013 1496 2078; x_wconf 76' lang='lat' dir='ltr'>u&#39;n‘</span> 
     </span>
     <span class='ocr_line' id='line_1_17' title="bbox 382 2122 1496 2210; baseline -0.002 -22"><span class='ocrx_word' id='word_1_135' title='bbox 382 2122 529 2207; x_wconf 88' lang='lat' dir='ltr'>Philippi</span> <span class='ocrx_word' id='word_1_136' title='bbox 546 2123 588 2190; x_wconf 91' lang='lat' dir='ltr'>de</span> <span class='ocrx_word' id='word_1_137' title='bbox 604 2123 748 2191; x_wconf 80' lang='lat' dir='ltr'>Tarento</span> <span class='ocrx_word' id='word_1_138' title='bbox 764 2127 912 2209; x_wconf 84' lang='lat' dir='ltr'>germani</span> <span class='ocrx_word' id='word_1_139' title='bbox 932 2127 991 2208; x_wconf 91' lang='lat' dir='ltr'>sui,</span> <span class='ocrx_word' id='word_1_140' title='bbox 1007 2132 1141 2210; x_wconf 89' lang='lat' dir='ltr'>sperata</span> <span class='ocrx_word' id='word_1_141' title='bbox 1155 2126 1353 2192; x_wconf 86' lang='lat' dir='ltr'>liberatione</span> <span class='ocrx_word' id='word_1_142' title='bbox 1363 2130 1435 2190; x_wconf 85' lang='lat' dir='ltr'>vota</span> <span class='ocrx_word' id='word_1_143' title='bbox 1448 2144 1496 2186; x_wconf 93' lang='lat' dir='ltr'>no·</span> 
     </span>
    </p>
   </div>
   <div class='ocr_carea' id='block_1_5' title="bbox 274 2229 1493 2316">
    <p class='ocr_par' dir='ltr' id='par_1_5' title="bbox 274 2229 1493 2316">
     <span class='ocr_line' id='line_1_18' title="bbox 274 2229 1493 2316; baseline -0.002 -21"><span class='ocrx_word' id='word_1_144' title='bbox 274 2261 278 2268; x_wconf 95' lang='lat'><em>·</em></span> <span class='ocrx_word' id='word_1_145' title='bbox 381 2237 451 2296; x_wconf 88' lang='lat' dir='ltr'>stra</span> <span class='ocrx_word' id='word_1_146' title='bbox 477 2252 634 2314; x_wconf 88' lang='lat' dir='ltr'>suspensa</span> <span class='ocrx_word' id='word_1_147' title='bbox 658 2239 744 2316; x_wconf 88' lang='lat' dir='ltr'>sunt,</span> <span class='ocrx_word' id='word_1_148' title='bbox 758 2254 815 2298; x_wconf 91' lang='lat' dir='ltr'>nos</span> <span class='ocrx_word' id='word_1_149' title='bbox 842 2255 954 2300; x_wconf 87' lang='lat' dir='ltr'>eorum</span> <span class='ocrx_word' id='word_1_150' title='bbox 978 2234 1161 2299; x_wconf 91' lang='lat' dir='ltr'>innocentie</span> <span class='ocrx_word' id='word_1_151' title='bbox 1177 2233 1306 2314; x_wconf 91' lang='lat' dir='ltr'>conscii,</span> <span class='ocrx_word' id='word_1_152' title='bbox 1322 2240 1356 2298; x_wconf 90' lang='lat' dir='ltr'>et</span> <span class='ocrx_word' id='word_1_153' title='bbox 1370 2229 1493 2316; x_wconf 89' lang='lat' dir='ltr'>proinde</span> 
     </span>
    </p>
   </div>
   <div class='ocr_carea' id='block_1_6' title="bbox 325 2338 1551 4582">
    <p class='ocr_par' dir='ltr' id='par_1_6' title="bbox 325 2338 1551 4582">
     <span class='ocr_line' id='line_1_19' title="bbox 379 2338 1551 2434; baseline 0 -31"><span class='ocrx_word' id='word_1_154' title='bbox 379 2339 467 2404; x_wconf 86' lang='lat' dir='ltr'>anxii</span> <span class='ocrx_word' id='word_1_155' title='bbox 493 2338 533 2405; x_wconf 90' lang='lat' dir='ltr'>de</span> <span class='ocrx_word' id='word_1_156' title='bbox 558 2340 662 2406; x_wconf 88' lang='lat' dir='ltr'>dilata</span> <span class='ocrx_word' id='word_1_157' title='bbox 686 2363 797 2407; x_wconf 90' lang='lat' dir='ltr'>eorum</span> <span class='ocrx_word' id='word_1_158' title='bbox 823 2341 1059 2408; x_wconf 84' lang='lat' dir='ltr'>deliberatione</span> <span class='ocrx_word' id='word_1_159' title='bbox 1084 2364 1143 2426; x_wconf 91' lang='lat' dir='ltr'>per</span> <span class='ocrx_word' id='word_1_160' title='bbox 1168 2342 1317 2426; x_wconf 88' lang='lat' dir='ltr'>amplius,</span> <span class='ocrx_word' id='word_1_161' title='bbox 1341 2340 1492 2406; x_wconf 87' lang='lat' dir='ltr'>Pietatem</span> <span class='ocrx_word' id='word_1_162' title='bbox 1546 2426 1551 2434; x_wconf 26' lang='grc' dir='ltr'><strong><em>ι</em></strong></span> 
     </span>
     <span class='ocr_line' id='line_1_20' title="bbox 337 2445 1492 2534; baseline -0.001 -23"><span class='ocrx_word' id='word_1_163' title='bbox 337 2480 345 2498; x_wconf 64' lang='lat'><em>1</em></span> <span class='ocrx_word' id='word_1_164' title='bbox 381 2445 487 2516; x_wconf 80' lang='lat' dir='ltr'>Tuam</span> <span class='ocrx_word' id='word_1_165' title='bbox 501 2447 630 2516; x_wconf 88' lang='lat' dir='ltr'>iteratis</span> <span class='ocrx_word' id='word_1_166' title='bbox 646 2450 848 2533; x_wconf 91' lang='lat' dir='ltr'>prouidimus</span> <span class='ocrx_word' id='word_1_167' title='bbox 872 2450 1023 2534; x_wconf 82' lang='lat' dir='ltr'>precibus</span> <span class='ocrx_word' id='word_1_168' title='bbox 1040 2451 1257 2531; x_wconf 89' lang='lat' dir='ltr'>exorandam;</span> <span class='ocrx_word' id='word_1_169' title='bbox 1275 2455 1442 2533; x_wconf 78' lang='lat' dir='ltr'>sperantes</span> <span class='ocrx_word' id='word_1_170' title='bbox 1455 2447 1492 2510; x_wconf 93' lang='lat' dir='ltr'>in·</span> 
     </span>
     <span class='ocr_line' id='line_1_21' title="bbox 325 2548 1491 2641; baseline -0.003 -21"><span class='ocrx_word' id='word_1_171' title='bbox 325 2548 328 2556; x_wconf 67' lang='grc'>’</span> <span class='ocrx_word' id='word_1_172' title='bbox 380 2554 486 2638; x_wconf 90' lang='lat' dir='ltr'>dubie,</span> <span class='ocrx_word' id='word_1_173' title='bbox 513 2556 599 2638; x_wconf 91' lang='lat' dir='ltr'>quod</span> <span class='ocrx_word' id='word_1_174' title='bbox 623 2563 669 2640; x_wconf 90' lang='lat' dir='ltr'>tu,</span> <span class='ocrx_word' id='word_1_175' title='bbox 694 2557 751 2641; x_wconf 92' lang='lat' dir='ltr'>qui</span> <span class='ocrx_word' id='word_1_176' title='bbox 776 2558 923 2641; x_wconf 84' lang='lat' dir='ltr'>paternis</span> <span class='ocrx_word' id='word_1_177' title='bbox 946 2558 1077 2623; x_wconf 90' lang='lat' dir='ltr'>monitis</span> <span class='ocrx_word' id='word_1_178' title='bbox 1110 2565 1143 2623; x_wconf 92' lang='lat' dir='ltr'>et</span> <span class='ocrx_word' id='word_1_179' title='bbox 1169 2557 1444 2624; x_wconf 84' lang='lat' dir='ltr'>exhortationibus</span> <span class='ocrx_word' id='word_1_180' title='bbox 1465 2556 1491 2618; x_wconf 93' lang='lat' dir='ltr'>in</span> 
     </span>
     <span class='ocr_line' id='line_1_22' title="bbox 379 2660 1490 2748; baseline -0.003 -21"><span class='ocrx_word' id='word_1_181' title='bbox 379 2663 556 2730; x_wconf 91' lang='lat' dir='ltr'>maioribus</span> <span class='ocrx_word' id='word_1_182' title='bbox 581 2665 733 2747; x_wconf 88' lang='lat' dir='ltr'>paruisti,</span> <span class='ocrx_word' id='word_1_183' title='bbox 758 2687 817 2730; x_wconf 88' lang='lat' dir='ltr'>nos</span> <span class='ocrx_word' id='word_1_184' title='bbox 842 2667 877 2730; x_wconf 92' lang='lat' dir='ltr'>in</span> <span class='ocrx_word' id='word_1_185' title='bbox 902 2665 1083 2731; x_wconf 91' lang='lat' dir='ltr'>minoribus</span> <span class='ocrx_word' id='word_1_186' title='bbox 1106 2665 1149 2731; x_wconf 90' lang='lat' dir='ltr'>ab</span> <span class='ocrx_word' id='word_1_187' title='bbox 1166 2664 1381 2730; x_wconf 85' lang='lat' dir='ltr'>exauditionis</span> <span class='ocrx_word' id='word_1_188' title='bbox 1396 2660 1490 2748; x_wconf 87' lang='lat' dir='ltr'>gratia</span> 
     </span>
     <span class='ocr_line' id='line_1_23' title="bbox 334 2768 1488 2855; baseline -0.003 -19"><span class='ocrx_word' id='word_1_189' title='bbox 334 2805 340 2815; x_wconf 86' lang='lat'><em>.</em></span> <span class='ocrx_word' id='word_1_190' title='bbox 379 2793 444 2836; x_wconf 91' lang='lat' dir='ltr'>non</span> <span class='ocrx_word' id='word_1_191' title='bbox 469 2771 615 2855; x_wconf 90' lang='lat' dir='ltr'>repelles.</span> <span class='ocrx_word' id='word_1_192' title='bbox 641 2773 686 2838; x_wconf 85' lang='lat' dir='ltr'>Et</span> <span class='ocrx_word' id='word_1_193' title='bbox 710 2771 782 2838; x_wconf 89' lang='lat' dir='ltr'>ideo</span> <span class='ocrx_word' id='word_1_194' title='bbox 809 2771 1027 2839; x_wconf 81' lang='lat' dir='ltr'>Serenitatem</span> <span class='ocrx_word' id='word_1_195' title='bbox 1043 2772 1193 2839; x_wconf 86' lang='lat' dir='ltr'>Eandem</span> <span class='ocrx_word' id='word_1_196' title='bbox 1210 2795 1365 2855; x_wconf 85' lang='lat' dir='ltr'>rogamus</span> <span class='ocrx_word' id='word_1_197' title='bbox 1382 2768 1488 2836; x_wconf 90' lang='lat' dir='ltr'>ethor-</span> 
     </span>
     <span class='ocr_line' id='line_1_24' title="bbox 378 2877 1488 2965; baseline -0.004 -20"><span class='ocrx_word' id='word_1_198' title='bbox 378 2887 488 2945; x_wconf 90' lang='lat' dir='ltr'>tamur</span> <span class='ocrx_word' id='word_1_199' title='bbox 512 2878 678 2960; x_wconf 88' lang='lat' dir='ltr'>attentius,</span> <span class='ocrx_word' id='word_1_200' title='bbox 693 2901 752 2963; x_wconf 91' lang='lat' dir='ltr'>per</span> <span class='ocrx_word' id='word_1_201' title='bbox 766 2881 893 2946; x_wconf 88' lang='lat' dir='ltr'>viscera</span> <span class='ocrx_word' id='word_1_202' title='bbox 907 2880 1127 2946; x_wconf 87' lang='lat' dir='ltr'>misericordie</span> <span class='ocrx_word' id='word_1_203' title='bbox 1144 2881 1218 2964; x_wconf 92' lang='lat' dir='ltr'>Dei,</span> <span class='ocrx_word' id='word_1_204' title='bbox 1233 2903 1274 2946; x_wconf 91' lang='lat' dir='ltr'>ac</span> <span class='ocrx_word' id='word_1_205' title='bbox 1290 2903 1348 2965; x_wconf 91' lang='lat' dir='ltr'>per</span> <span class='ocrx_word' id='word_1_206' title='bbox 1364 2877 1488 2963; x_wconf 85' lang='lat' dir='ltr'>aspersi·</span> 
     </span>
     <span class='ocr_line' id='line_1_25' title="bbox 378 2987 1489 3073; baseline -0.002 -23"><span class='ocrx_word' id='word_1_207' title='bbox 378 3007 472 3050; x_wconf 92' lang='lat' dir='ltr'>onem</span> <span class='ocrx_word' id='word_1_208' title='bbox 489 2989 538 3052; x_wconf 91' lang='lat' dir='ltr'>sui</span> <span class='ocrx_word' id='word_1_209' title='bbox 555 2988 688 3070; x_wconf 87' lang='lat' dir='ltr'>pretiosi</span> <span class='ocrx_word' id='word_1_210' title='bbox 699 2988 869 3073; x_wconf 90' lang='lat' dir='ltr'>sanguinis</span> <span class='ocrx_word' id='word_1_211' title='bbox 885 2987 1094 3054; x_wconf 84' lang='lat' dir='ltr'>affectuosius</span> <span class='ocrx_word' id='word_1_212' title='bbox 1111 2991 1330 3072; x_wconf 70' lang='lat' dir='ltr'>obsecrantes</span> <span class='ocrx_word' id='word_1_213' title='bbox 1347 2993 1489 3072; x_wconf 86' lang='lat' dir='ltr'>qnatenus</span> 
     </span>
     <span class='ocr_line' id='line_1_26' title="bbox 378 3095 1489 3180; baseline -0.002 -21"><span class='ocrx_word' id='word_1_214' title='bbox 378 3095 464 3160; x_wconf 88' lang='lat' dir='ltr'>iutra</span> <span class='ocrx_word' id='word_1_215' title='bbox 489 3095 545 3178; x_wconf 91' lang='lat' dir='ltr'>pia</span> <span class='ocrx_word' id='word_1_216' title='bbox 569 3096 713 3178; x_wconf 88' lang='lat' dir='ltr'>pectoris</span> <span class='ocrx_word' id='word_1_217' title='bbox 738 3097 786 3161; x_wconf 89' lang='lat' dir='ltr'>tui</span> <span class='ocrx_word' id='word_1_218' title='bbox 812 3098 955 3162; x_wconf 87' lang='lat' dir='ltr'>claustra</span> <span class='ocrx_word' id='word_1_219' title='bbox 978 3096 1161 3180; x_wconf 89' lang='lat' dir='ltr'>reuoluens,</span> <span class='ocrx_word' id='word_1_220' title='bbox 1188 3097 1277 3180; x_wconf 89' lang='lat' dir='ltr'>quod</span> <span class='ocrx_word' id='word_1_221' title='bbox 1304 3118 1383 3180; x_wconf 84' lang='lat' dir='ltr'>erga</span> <span class='ocrx_word' id='word_1_222' title='bbox 1396 3095 1489 3161; x_wconf 89' lang='lat' dir='ltr'>dictos</span> 
     </span>
     <span class='ocr_line' id='line_1_27' title="bbox 378 3201 1489 3290; baseline 0 -24"><span class='ocrx_word' id='word_1_223' title='bbox 378 3201 615 3286; x_wconf 88' lang='lat' dir='ltr'>Imperatorem</span> <span class='ocrx_word' id='word_1_224' title='bbox 640 3211 674 3269; x_wconf 92' lang='lat' dir='ltr'>et</span> <span class='ocrx_word' id='word_1_225' title='bbox 698 3204 899 3290; x_wconf 91' lang='lat' dir='ltr'>Philippum,</span> <span class='ocrx_word' id='word_1_226' title='bbox 919 3211 1032 3288; x_wconf 74' lang='lat' dir='ltr'>utpote</span> <span class='ocrx_word' id='word_1_227' title='bbox 1061 3227 1126 3270; x_wconf 81' lang='lat' dir='ltr'>rna</span> <span class='ocrx_word' id='word_1_228' title='bbox 1151 3211 1260 3272; x_wconf 88' lang='lat' dir='ltr'>tecum</span> <span class='ocrx_word' id='word_1_229' title='bbox 1277 3226 1318 3269; x_wconf 86' lang='lat' dir='ltr'>ex</span> <span class='ocrx_word' id='word_1_230' title='bbox 1334 3205 1449 3283; x_wconf 81' lang='lat' dir='ltr'>eodem,</span> <span class='ocrx_word' id='word_1_231' title='bbox 1460 3206 1489 3279; x_wconf 80' lang='lat' dir='ltr'>et</span> 
     </span>
     <span class='ocr_line' id='line_1_28' title="bbox 377 3310 1487 3398; baseline 0.002 -23"><span class='ocrx_word' id='word_1_232' title='bbox 377 3311 448 3393; x_wconf 91' lang='lat' dir='ltr'>ipso</span> <span class='ocrx_word' id='word_1_233' title='bbox 473 3333 601 3395; x_wconf 90' lang='lat' dir='ltr'>quoque</span> <span class='ocrx_word' id='word_1_234' title='bbox 626 3314 810 3397; x_wconf 90' lang='lat' dir='ltr'>propinquo</span> <span class='ocrx_word' id='word_1_235' title='bbox 836 3315 950 3398; x_wconf 89' lang='lat' dir='ltr'>stipite</span> <span class='ocrx_word' id='word_1_236' title='bbox 974 3313 1216 3394; x_wconf 83' lang='lat' dir='ltr'>descendentes,</span> <span class='ocrx_word' id='word_1_237' title='bbox 1233 3314 1327 3381; x_wconf 84' lang='lat' dir='ltr'>decet</span> <span class='ocrx_word' id='word_1_238' title='bbox 1343 3320 1378 3380; x_wconf 89' lang='lat' dir='ltr'>te</span> <span class='ocrx_word' id='word_1_239' title='bbox 1391 3310 1487 3379; x_wconf 82' lang='lat' dir='ltr'>mitius</span> 
     </span>
     <span class='ocr_line' id='line_1_29' title="bbox 377 3419 1486 3504; baseline 0 -20"><span class='ocrx_word' id='word_1_240' title='bbox 377 3424 411 3484; x_wconf 89' lang='lat' dir='ltr'>et</span> <span class='ocrx_word' id='word_1_241' title='bbox 434 3419 612 3500; x_wconf 83' lang='lat' dir='ltr'>gratiosius</span> <span class='ocrx_word' id='word_1_242' title='bbox 637 3443 752 3504; x_wconf 85' lang='lat' dir='ltr'>agere,</span> <span class='ocrx_word' id='word_1_243' title='bbox 777 3443 816 3488; x_wconf 91' lang='lat' dir='ltr'>ac</span> <span class='ocrx_word' id='word_1_244' title='bbox 848 3423 896 3488; x_wconf 88' lang='lat' dir='ltr'>eis</span> <span class='ocrx_word' id='word_1_245' title='bbox 921 3422 1011 3487; x_wconf 84' lang='lat' dir='ltr'>velut</span> <span class='ocrx_word' id='word_1_246' title='bbox 1034 3422 1258 3488; x_wconf 90' lang='lat' dir='ltr'>innocentibus</span> <span class='ocrx_word' id='word_1_247' title='bbox 1283 3421 1486 3494; x_wconf 87' lang='lat' dir='ltr'>clementiam,</span> 
     </span>
     <span class='ocr_line' id='line_1_30' title="bbox 377 3526 1487 3615; baseline 0 -23"><span class='ocrx_word' id='word_1_248' title='bbox 377 3549 476 3610; x_wconf 85' lang='lat' dir='ltr'>quam</span> <span class='ocrx_word' id='word_1_249' title='bbox 499 3529 641 3596; x_wconf 83' lang='lat' dir='ltr'>maxime</span> <span class='ocrx_word' id='word_1_250' title='bbox 661 3529 824 3597; x_wconf 80' lang='lat' dir='ltr'>Catholici</span> <span class='ocrx_word' id='word_1_251' title='bbox 849 3531 1021 3615; x_wconf 87' lang='lat' dir='ltr'>Principes</span> <span class='ocrx_word' id='word_1_252' title='bbox 1045 3532 1135 3597; x_wconf 89' lang='lat' dir='ltr'>velut</span> <span class='ocrx_word' id='word_1_253' title='bbox 1159 3532 1330 3598; x_wconf 89' lang='lat' dir='ltr'>decentem</span> <span class='ocrx_word' id='word_1_254' title='bbox 1362 3551 1412 3596; x_wconf 91' lang='lat' dir='ltr'>eos</span> <span class='ocrx_word' id='word_1_255' title='bbox 1434 3526 1487 3592; x_wconf 80' lang='lat' dir='ltr'>ire·</span> 
     </span>
     <span class='ocr_line' id='line_1_31' title="bbox 377 3637 1485 3724; baseline -0.005 -22"><span class='ocrx_word' id='word_1_256' title='bbox 377 3643 513 3718; x_wconf 81' lang='lat' dir='ltr'>quanter</span> <span class='ocrx_word' id='word_1_257' title='bbox 529 3647 679 3706; x_wconf 85' lang='lat' dir='ltr'>exercent</span> <span class='ocrx_word' id='word_1_258' title='bbox 694 3641 728 3705; x_wconf 94' lang='lat' dir='ltr'>in</span> <span class='ocrx_word' id='word_1_259' title='bbox 744 3641 944 3722; x_wconf 89' lang='lat' dir='ltr'>criminosos,</span> <span class='ocrx_word' id='word_1_260' title='bbox 960 3644 1061 3706; x_wconf 89' lang='lat' dir='ltr'>etiam</span> <span class='ocrx_word' id='word_1_261' title='bbox 1077 3662 1143 3706; x_wconf 93' lang='lat' dir='ltr'>non</span> <span class='ocrx_word' id='word_1_262' title='bbox 1159 3661 1289 3724; x_wconf 85' lang='lat' dir='ltr'>negare,</span> <span class='ocrx_word' id='word_1_263' title='bbox 1305 3647 1341 3705; x_wconf 92' lang='lat' dir='ltr'>vt</span> <span class='ocrx_word' id='word_1_264' title='bbox 1350 3637 1485 3724; x_wconf 75' lang='lat' dir='ltr'>gauffim</span> 
     </span>
     <span class='ocr_line' id='line_1_32' title="bbox 375 3744 1486 3833; baseline -0.004 -24"><span class='ocrx_word' id='word_1_265' title='bbox 375 3752 522 3812; x_wconf 91' lang='lat' dir='ltr'>nostrum</span> <span class='ocrx_word' id='word_1_266' title='bbox 540 3770 579 3812; x_wconf 87' lang='lat' dir='ltr'>ex</span> <span class='ocrx_word' id='word_1_267' title='bbox 595 3749 683 3816; x_wconf 92' lang='lat' dir='ltr'>omni</span> <span class='ocrx_word' id='word_1_268' title='bbox 707 3755 803 3831; x_wconf 87' lang='lat' dir='ltr'>parte</span> <span class='ocrx_word' id='word_1_269' title='bbox 819 3750 882 3814; x_wconf 91' lang='lat' dir='ltr'>tuis</span> <span class='ocrx_word' id='word_1_270' title='bbox 897 3749 1051 3815; x_wconf 86' lang='lat' dir='ltr'>filialibus</span> <span class='ocrx_word' id='word_1_271' title='bbox 1067 3755 1101 3814; x_wconf 90' lang='lat' dir='ltr'>et</span> <span class='ocrx_word' id='word_1_272' title='bbox 1115 3749 1243 3815; x_wconf 90' lang='lat' dir='ltr'>deuotis</span> <span class='ocrx_word' id='word_1_273' title='bbox 1259 3744 1486 3833; x_wconf 85' lang='lat' dir='ltr'>operationibus</span> 
     </span>
     <span class='ocr_line' id='line_1_33' title="bbox 374 3853 1485 3939; baseline -0.002 -21"><span class='ocrx_word' id='word_1_274' title='bbox 374 3854 560 3939; x_wconf 90' lang='lat' dir='ltr'>impleatur,</span> <span class='ocrx_word' id='word_1_275' title='bbox 584 3877 644 3939; x_wconf 90' lang='lat' dir='ltr'>pro</span> <span class='ocrx_word' id='word_1_276' title='bbox 668 3857 790 3921; x_wconf 91' lang='lat' dir='ltr'>Diuine</span> <span class='ocrx_word' id='word_1_277' title='bbox 815 3856 1003 3922; x_wconf 89' lang='lat' dir='ltr'>Maiestatis</span> <span class='ocrx_word' id='word_1_278' title='bbox 1028 3859 1224 3938; x_wconf 89' lang='lat' dir='ltr'>reuerentia,</span> <span class='ocrx_word' id='word_1_279' title='bbox 1239 3859 1290 3923; x_wconf 90' lang='lat' dir='ltr'>tui</span> <span class='ocrx_word' id='word_1_280' title='bbox 1306 3855 1435 3922; x_wconf 89' lang='lat' dir='ltr'>honeris</span> <span class='ocrx_word' id='word_1_281' title='bbox 1448 3853 1485 3915; x_wconf 89' lang='lat' dir='ltr'>in·</span> 
     </span>
     <span class='ocr_line' id='line_1_34' title="bbox 374 3955 1550 4049; baseline -0.002 -23"><span class='ocrx_word' id='word_1_282' title='bbox 374 3963 470 4043; x_wconf 89' lang='lat' dir='ltr'>tuitu,</span> <span class='ocrx_word' id='word_1_283' title='bbox 495 3969 529 4027; x_wconf 88' lang='lat' dir='ltr'>et</span> <span class='ocrx_word' id='word_1_284' title='bbox 553 3971 662 4030; x_wconf 90' lang='lat' dir='ltr'>nostre</span> <span class='ocrx_word' id='word_1_285' title='bbox 677 3965 923 4030; x_wconf 82' lang='lat' dir='ltr'>interventionis</span> <span class='ocrx_word' id='word_1_286' title='bbox 939 3964 1066 4045; x_wconf 88' lang='lat' dir='ltr'>obtutu,</span> <span class='ocrx_word' id='word_1_287' title='bbox 1081 3987 1146 4030; x_wconf 90' lang='lat' dir='ltr'>non</span> <span class='ocrx_word' id='word_1_288' title='bbox 1161 3963 1275 4030; x_wconf 87' lang='lat' dir='ltr'>habito</span> <span class='ocrx_word' id='word_1_289' title='bbox 1291 3971 1439 4049; x_wconf 87' lang='lat' dir='ltr'>respectu</span> <span class='ocrx_word' id='word_1_290' title='bbox 1452 3955 1484 4024; x_wconf 86' lang='lat' dir='ltr'>ad</span> <span class='ocrx_word' id='word_1_291' title='bbox 1549 4036 1550 4039; x_wconf 8' lang='grc' dir='ltr'><strong>Ἴ</strong></span> 
     </span>
     <span class='ocr_line' id='line_1_35' title="bbox 373 4063 1484 4155; baseline -0.001 -21"><span class='ocrx_word' id='word_1_292' title='bbox 373 4069 616 4153; x_wconf 88' lang='lat' dir='ltr'>promissiones,</span> <span class='ocrx_word' id='word_1_293' title='bbox 641 4073 670 4136; x_wconf 91' lang='lat' dir='ltr'>si</span> <span class='ocrx_word' id='word_1_294' title='bbox 694 4093 777 4154; x_wconf 88' lang='lat' dir='ltr'>quas</span> <span class='ocrx_word' id='word_1_295' title='bbox 802 4071 887 4136; x_wconf 92' lang='lat' dir='ltr'>idem</span> <span class='ocrx_word' id='word_1_296' title='bbox 912 4071 1096 4155; x_wconf 88' lang='lat' dir='ltr'>Imperator</span> <span class='ocrx_word' id='word_1_297' title='bbox 1111 4072 1275 4138; x_wconf 89' lang='lat' dir='ltr'>libertatis</span> <span class='ocrx_word' id='word_1_298' title='bbox 1291 4070 1407 4136; x_wconf 87' lang='lat' dir='ltr'>auidus</span> <span class='ocrx_word' id='word_1_299' title='bbox 1423 4063 1484 4131; x_wconf 77' lang='lat' dir='ltr'>Oul-</span> 
     </span>
     <span class='ocr_line' id='line_1_36' title="bbox 373 4173 1485 4264; baseline 0.001 -24"><span class='ocrx_word' id='word_1_300' title='bbox 373 4178 454 4242; x_wconf 90' lang='lat' dir='ltr'>mini</span> <span class='ocrx_word' id='word_1_301' title='bbox 480 4177 551 4243; x_wconf 79' lang='lat' dir='ltr'>Tuo</span> <span class='ocrx_word' id='word_1_302' title='bbox 576 4179 681 4244; x_wconf 89' lang='lat' dir='ltr'>minus</span> <span class='ocrx_word' id='word_1_303' title='bbox 698 4180 837 4263; x_wconf 90' lang='lat' dir='ltr'>pronide</span> <span class='ocrx_word' id='word_1_304' title='bbox 852 4180 1024 4262; x_wconf 91' lang='lat' dir='ltr'>minusque</span> <span class='ocrx_word' id='word_1_305' title='bbox 1047 4181 1192 4246; x_wconf 90' lang='lat' dir='ltr'>consulte</span> <span class='ocrx_word' id='word_1_306' title='bbox 1208 4180 1322 4246; x_wconf 88' lang='lat' dir='ltr'>fecisse</span> <span class='ocrx_word' id='word_1_307' title='bbox 1339 4173 1485 4264; x_wconf 85' lang='lat' dir='ltr'>pretendi·</span> 
     </span>
     <span class='ocr_line' id='line_1_37' title="bbox 373 4286 1483 4371; baseline 0.004 -26"><span class='ocrx_word' id='word_1_308' title='bbox 373 4289 437 4365; x_wconf 90' lang='lat' dir='ltr'>tur,</span> <span class='ocrx_word' id='word_1_309' title='bbox 462 4287 620 4352; x_wconf 88' lang='lat' dir='ltr'>restituas</span> <span class='ocrx_word' id='word_1_310' title='bbox 646 4286 814 4371; x_wconf 82' lang='lat' dir='ltr'>concupita</span> <span class='ocrx_word' id='word_1_311' title='bbox 840 4287 962 4352; x_wconf 88' lang='lat' dir='ltr'>diutins</span> <span class='ocrx_word' id='word_1_312' title='bbox 978 4287 1134 4353; x_wconf 89' lang='lat' dir='ltr'>libertati.</span> <span class='ocrx_word' id='word_1_313' title='bbox 1151 4287 1217 4354; x_wconf 90' lang='lat' dir='ltr'>Per</span> <span class='ocrx_word' id='word_1_314' title='bbox 1232 4289 1295 4354; x_wconf 92' lang='lat' dir='ltr'>hoo</span> <span class='ocrx_word' id='word_1_315' title='bbox 1311 4291 1396 4354; x_wconf 90' lang='lat' dir='ltr'>enim</span> <span class='ocrx_word' id='word_1_316' title='bbox 1411 4288 1483 4352; x_wconf 81' lang='lat' dir='ltr'>lame</span> 
     </span>
     <span class='ocr_line' id='line_1_38' title="bbox 373 4389 1483 4475; baseline 0 -20"><span class='ocrx_word' id='word_1_317' title='bbox 373 4389 477 4455; x_wconf 81' lang='lat' dir='ltr'>titulis·</span> <span class='ocrx_word' id='word_1_318' title='bbox 502 4389 692 4456; x_wconf 85' lang='lat' dir='ltr'>clarioribus</span> <span class='ocrx_word' id='word_1_319' title='bbox 718 4395 967 4475; x_wconf 87' lang='lat' dir='ltr'>corruscaberis,</span> <span class='ocrx_word' id='word_1_320' title='bbox 993 4398 1026 4458; x_wconf 90' lang='lat' dir='ltr'>et</span> <span class='ocrx_word' id='word_1_321' title='bbox 1051 4401 1232 4461; x_wconf 87' lang='lat' dir='ltr'>creatorem</span> <span class='ocrx_word' id='word_1_322' title='bbox 1256 4403 1349 4462; x_wconf 92' lang='lat' dir='ltr'>tuum</span> <span class='ocrx_word' id='word_1_323' title='bbox 1380 4401 1423 4463; x_wconf 92' lang='lat' dir='ltr'>sic</span> <span class='ocrx_word' id='word_1_324' title='bbox 1437 4392 1483 4460; x_wconf 85' lang='lat' dir='ltr'>h&#39;bi</span> 
     </span>
     <span class='ocr_line' id='line_1_39' title="bbox 373 4498 1480 4582; baseline 0.002 -19"><span class='ocrx_word' id='word_1_325' title='bbox 373 4498 550 4563; x_wconf 85' lang='lat' dir='ltr'>constitues</span> <span class='ocrx_word' id='word_1_326' title='bbox 574 4500 752 4582; x_wconf 88' lang='lat' dir='ltr'>propitium</span> <span class='ocrx_word' id='word_1_327' title='bbox 778 4501 936 4582; x_wconf 81' lang='lat' dir='ltr'>amplius,</span> <span class='ocrx_word' id='word_1_328' title='bbox 962 4501 1051 4582; x_wconf 88' lang='lat' dir='ltr'>quod</span> <span class='ocrx_word' id='word_1_329' title='bbox 1086 4503 1173 4570; x_wconf 88' lang='lat' dir='ltr'>sicut</span> <span class='ocrx_word' id='word_1_330' title='bbox 1200 4505 1419 4570; x_wconf 79' lang='lat' dir='ltr'>verisimiliter</span> <span class='ocrx_word' id='word_1_331' title='bbox 1442 4511 1480 4568; x_wconf 86' lang='lat' dir='ltr'>est</span> 
     </span>
    </p>
   </div>
   <div class='ocr_carea' id='block_1_7' title="bbox 0 0 1558 5246">
    <p class='ocr_par' dir='ltr' id='par_1_7' title="bbox 0 0 1558 5246">
     <span class='ocr_line' id='line_1_40' title="bbox 0 0 1558 5246; baseline 0 5"><span class='ocrx_word' id='word_1_332' title='bbox 0 0 1558 5246; x_wconf 95' lang='lat' dir='ltr'> </span> 
     </span>
    </p>
   </div>
  </div>
 </body>
</html>
