3220 5262
380 327 445 391 666
736 338 970 386 nnncnrcmm
986 315 1154 386 unctum.

379 504 542 569 dictorum
567 499 706 582 Judiois,
721 497 921 579 duraturum¹
941 505 974 566 et
998 498 1116 566 ciuium
1141 496 1182 563 de
1202 498 1301 566 verbo
1317 498 1505 566 adverbum
1606 577 1608 592 .

378 609 574 678 transscribi
589 608 733 692 lecimus,
743 613 777 676 et
792 606 923 674 easdem
938 628 977 672 ex
994 612 1084 674 certe
1095 607 1235 675 sciencia
1250 605 1374 674 Nostra
1390 607 1506 673 Maias-

378 720 459 786 tatis
474 719 669 786 auctoritate
684 716 791 802 Regia
806 714 992 784 innouando
1008 715 1247 796 confirmamus,
1261 713 1463 782 ratificamus
1479 721 1509 781 et
1605 693 1608 720 ⁸

379 825 607 910 approbamus,
623 845 688 891 non
704 823 857 890 obstante
873 822 1159 890 consuetudinaria
1181 822 1254 905 lege
1269 820 1380 904 Regni
1397 825 1508 907 nostri,
1606 853 1608 860 v

379 956 442 1018 que
471 933 655 1000 huiusmodi
686 932 814 1000 litteras
845 938 1074 998 extranearum
1104 930 1283 998 Oiuitatum
1317 930 1507 1000 confirmare

379 1045 510 1113 minime
536 1047 713 1114 consueuit.
743 1044 888 1128 Dempto
918 1050 1030 1110 tomen
1059 1049 1093 1109 et
1124 1049 1259 1127 excepto
1283 1065 1345 1109 vno
1370 1043 1507 1110 articulo
1606 1033 1608 1122 j

379 1155 526 1239 superius
542 1175 705 1238 expresso,
720 1153 754 1218 in
769 1173 834 1237 quo
850 1152 970 1218 dicitur
996 1151 1057 1216 »ln
1081 1157 1179 1236 porta
1205 1151 1290 1217 vrbis
1306 1150 1507 1229 Budensis‹;
1606 1187 1608 1196 =

377 1263 526 1328 volumus
551 1262 645 1342 euim,
669 1269 703 1328 et
725 1262 929 1345 presencium
953 1261 1038 1327 serie
1063 1259 1304 1340 committimus,
1328 1265 1363 1323 vt
1385 1259 1507 1326 tributa

378 1370 606 1455 religiosarum
631 1369 837 1436 dominarum
855 1367 1151 1436 sanctimonialium
1165 1366 1205 1433 de
1215 1365 1330 1434 Insula
1345 1365 1507 1451 Leporem
1606 1371 1608 1420 ἰ

275 1516 280 1526 ,
378 1480 412 1546 in
428 1479 577 1563 predicta
592 1484 691 1564 porta
708 1475 859 1546 Ciuitatis
876 1478 1040 1544 Budensis
1058 1477 1144 1561 exigi
1160 1481 1317 1543 consueta
1334 1474 1506 1542 seeundum

379 1589 614 1656 continenciam
631 1593 665 1654 et
680 1593 855 1655 connotata
870 1588 1121 1674 priuilegiorum
1143 1607 1202 1671 per
1217 1587 1288 1670 pios
1304 1584 1507 1669 predecesso·
1606 1615 1608 1670 g

379 1718 432 1762 res
447 1702 577 1765 nostros
592 1697 737 1763 illustres
752 1697 861 1782 Reges
877 1697 1053 1782 Hungarie
1073 1694 1197 1762 eisdem
1221 1694 1385 1778 religiosis
1411 1693 1507 1760 domi·
1604 1687 1608 1766 ἶ

378 1805 482 1872 nabus
497 1825 732 1888 concessorum,
748 1827 807 1890 per
831 1805 999 1890 predictos
1021 1810 1221 1870 mercatores
1243 1807 1276 1870 et
1292 1802 1375 1870 alios
1392 1801 1508 1887 quosli-

378 1909 435 1977 bet
449 1911 667 1997 indempniter
682 1912 920 1998 persoluentur.
930 1911 1189 1990 (immittentes,
1199 1917 1234 1978 vt
1249 1931 1382 1996 presens
1398 1915 1509 1978 nostra
1607 1993 1608 2012 ξ

379 2018 597 2104 confirmacio,
612 2027 645 2086 ct
660 2020 820 2088 exhibitio
831 2021 985 2103 eiusdem,
993 2021 1111 2104 ubique
1125 2041 1185 2104 pro
1202 2017 1376 2085 sufficienti
1392 2017 1508 2085 habea-

379 2133 434 2192 tur
450 2129 653 2213 documento,
669 2130 839 2213 eidemque
854 2137 950 2197 tanta
964 2129 1045 2196 fides
1071 2128 1192 2197 debeat
1217 2131 1252 2195 in
1276 2131 1357 2197 locis
1373 2127 1508 2214 singulis
1606 2121 1608 2190 3

379 2234 537 2321 adhiberi,
552 2259 590 2304 ao
607 2241 636 2304 si
649 2238 798 2322 predicte
822 2237 1000 2323 originales
1024 2238 1134 2304 littere
1158 2239 1261 2322 ipsius
1284 2239 1390 2322 patris
1406 2239 1508 2304 nostri
1606 2267 1608 2290 ‹

378 2346 412 2410 in
428 2346 535 2428 specie
550 2348 782 2416 exhiberentur
797 2370 856 2434 per
871 2355 1072 2414 mercatores
1096 2348 1289 2433 antedictos,
1313 2369 1375 2414 neo
1392 2347 1508 2430 aliquis
1607 2357 1608 2364 ’

379 2453 628 2523 tributariorum
657 2456 743 2523 vltra
774 2457 1004 2553 moderamina,
1025 2455 1174 2541 predicta
1204 2458 1238 2521 in
1267 2456 1350 2540 ipsis
1387 2456 1508 2521 litteris
1606 2469 1608 2502 f

379 2564 484 2646 patris
500 2566 607 2630 nostri
623 2583 776 2648 expressa
791 2567 959 2631 occasione
973 2564 1089 2630 tributi
1106 2565 1235 2631 eosdem
1259 2565 1444 2648 angariare,
1459 2561 1509 2628 vel

378 2693 515 2740 munera
531 2678 590 2738 aut
605 2673 746 2739 honores
761 2672 890 2754 aliquos
907 2679 1018 2756 petere
1034 2672 1103 2739 siue
1117 2675 1261 2757 recipere
1280 2677 1452 2757 prusumat
1467 2669 1508 2736 ab
1607 2697 1608 2700 ¹

379 2781 509 2847 eisdem.
524 2779 686 2848 Volumus
702 2780 806 2846 eciam
823 2786 856 2847 et
872 2781 1074 2864 presencium
1098 2779 1180 2846 serie
1205 2779 1449 2860 committimus,
1474 2785 1509 2844 ut

378 2889 520 2972 predicti
545 2895 741 2956 mercatores
766 2887 1020 2972 Ratisponenses
1044 2888 1225 2956 tricesimas
1257 2896 1387 2956 nostras
1416 2909 1509 2954 ueras

379 3005 413 3064 et
437 2999 479 3064 ab
504 2998 639 3082 antiquo
665 2996 737 3065 dari
761 3002 943 3079 consuetas,
969 3003 1069 3082 prout
1092 2997 1146 3065 alii
1175 3003 1373 3065 mercatores
1404 2997 1507 3063 nostri
1607 3047 1608 3068 2

377 3106 485 3192 Regni
501 3108 700 3191 persolunnt,
715 3106 761 3171 sic
777 3111 810 3172 et
825 3106 889 3191 ipsi
905 3106 1092 3192 persoluere
1115 3111 1298 3172 teneantur.
1321 3105 1369 3171 Et
1384 3111 1423 3170 ut
1438 3124 1508 3188 pre·

379 3238 452 3282 sens
467 3222 582 3283 nostra
596 3215 770 3281 innouacio
786 3219 820 3279 et
836 3213 1042 3280 confirmacio
1066 3214 1169 3281 robur
1185 3213 1335 3280 obtineat
1351 3221 1509 3297 perpetue
1606 3257 1608 3316 ἑ

378 3323 555 3407 firmitatis,
579 3345 639 3389 nec
663 3344 723 3408 per
748 3323 933 3407 quempiam
960 3343 1108 3389 successu
1133 3329 1315 3406 temporum
1341 3321 1452 3387 valeat
1476 3322 1508 3386 in

377 3431 507 3496 irritum
524 3432 682 3515 reuocari,
697 3437 863 3516 presentes
887 3430 1102 3499 concessimus
1116 3431 1245 3497 litteras
1262 3437 1394 3496 nostras
1410 3431 1509 3512 priui-
1606 3425 1608 3492 l

377 3537 513 3624 legiales
528 3540 702 3625 pendentis
719 3548 752 3606 et
769 3540 925 3606 autentici
941 3540 1041 3624 sigilli
1063 3540 1167 3606 nostri
1183 3539 1360 3604 munimine
1376 3539 1510 3605 robora·
1606 3629 1608 3637 Ι

377 3656 439 3715 tas.
454 3649 579 3716 Datum
595 3672 655 3733 per
679 3669 794 3714 manus
822 3648 1027 3717 Venerabilis
1052 3652 1086 3713 in
1103 3647 1234 3714 Christo
1250 3647 1364 3713 Patris
1388 3647 1510 3714 domini
1607 3655 1608 3658 ’

377 3757 509 3826 Nicolai
524 3754 776 3841 Archiepiscopi
791 3756 939 3822 Ecclesie
955 3754 1201 3840 Strigoniensis,
1216 3756 1346 3839 locique
1364 3755 1510 3822 eiusdem
1607 3799 1608 3804 η

378 3865 515 3932 Comitis
541 3863 708 3949 Perpetui,
733 3863 821 3929 Aule
846 3869 958 3930 nostre
983 3861 1183 3931 Cancellarii
1208 3862 1320 3930 dilecti
1345 3869 1381 3929 et
1403 3863 1511 3930 fidelis
1607 3939 1608 3944 ἵ

376 3976 490 4059 nostri,
507 3996 593 4041 anno
604 3976 737 4042 Domini
754 3973 924 4040 millesimo
936 3973 1071 4042 COOL.
1081 3995 1176 4056 nono,
1192 3974 1332 4042 secundo
1347 3974 1511 4043 kalendas
1604 3995 1608 4072 ,ξ

377 4084 496 4149 mensis
522 4081 662 4166 Aprilis
694 4083 801 4166 Regni
831 4089 941 4150 autem
973 4084 1076 4148 nostri
1107 4101 1193 4147 anno
1225 4079 1351 4148 decimo
1382 4091 1510 4151 octauo.
1607 4131 1608 4150 t

376 4189 629 4258 Venerabilibus
644 4192 678 4256 in
694 4189 827 4258 Christo
842 4190 999 4257 Patribus
1016 4199 1049 4256 et
1064 4190 1223 4274 Dominis,
1239 4191 1352 4257 eodem
1368 4190 1511 4258 Nicolso
1607 4183 1608 4186 ¹

378 4299 597 4384 Strigoniensi
611 4301 740 4384 locique
765 4297 909 4366 eiusdem
934 4296 1063 4367 Comite
1088 4298 1265 4384 Perpetuo,
1282 4297 1374 4364 Aule
1399 4306 1511 4366 nostre
1607 4323 1608 4380 j

377 4407 593 4492 Cancellario,
603 4409 731 4475 Thema
739 4406 949 4475 Archieleoto
960 4407 1150 4476 confirmato
1160 4405 1342 4492 Colocensi,
1352 4409 1509 4492 Wgulino

378 4514 570 4607 spalatensi,
595 4517 734 4586 Nicolao
759 4515 926 4604 Jodrcnsi,
950 4523 985 4584 et
1007 4517 1095 4605 Elya
1119 4515 1291 4602 Ragusino
1317 4513 1505 4602 Archiepie
1606 4517 1608 4536 '
