3110 5248
513 341 606 420 lats.
1059 363 1124 423 ees

38 553 133 599 reem
147 533 295 617 poteritis
312 539 498 616 pronastro
515 529 825 600 Communiomnem
840 537 978 619 pecunie
994 536 1124 622 quenti-

39 645 119 717 torn
133 660 189 721 que
203 640 294 708 robis
311 641 496 707 necessaria
512 639 612 708 inerit
628 661 689 725 pro
707 641 823 707 vestris
839 643 990 726 expensis
1006 641 1040 709 in
1059 661 1125 708 am·

46 774 54 797 *1
86 753 129 812 :ta
143 747 293 831 predicta,
304 769 342 814 co
357 747 570 832 promittendi
578 749 707 816 nomine
717 749 821 815 nostri
831 747 1028 830 Communis,
1038 749 1125 834 quod

27 849 112 921 'usam
126 855 252 939 pecunie
269 856 495 940 quantitatem,
521 877 619 938 quam
635 857 1034 942 propterea-eoeiperetis,
1051 856 1124 924 dari

27 1010 39 1040 ‚-
66 963 177 1028 restitui
190 962 346 1028 iaciemus
362 962 577 1030 oreditoribus
593 983 649 1028 seu
673 964 795 1030 nuntiis
820 983 930 1030 eorum
956 965 997 1032 de
1031 985 1125 1050 peon·

43 1100 61 1125 ι
81 1069 172 1136 nostri
200 1069 387 1137 Communis
411 1068 500 1137 inire
525 1070 606 1137 illud
633 1077 760 1155 tempus
787 1079 820 1135 et
837 1072 1019 1153 terminum,
1036 1071 1125 1160 quod

29 1177 71 1240 *n
83 1196 166 1259 quem
181 1197 237 1259 per
253 1197 311 1242 sos
327 1175 429 1243 fuerit
454 1177 648 1258 ordinatum,
673 1200 712 1244 ao
735 1179 975 1262 promissiones,
1000 1177 1124 1264 obliga·

54 1301 118 1363 nes,
132 1284 385 1349 renuntiationes
402 1289 436 1349 et
461 1285 652 1350 securitates
676 1283 819 1351 faciendi
835 1307 946 1352 omnes
972 1291 1003 1351 et
1029 1305 1125 1370 quas·

29 1375 57 1461 ῘΙι
69 1399 97 1469 t,
111 1409 167 1472 que
183 1391 216 1455 in
238 1389 399 1474 predictis
424 1398 458 1456 et
473 1393 558 1456 ciros
574 1388 726 1474 predicte
742 1391 864 1459 fuerint
879 1401 1063 1476 opportuno
1079 1392 1126 1460 Et
1150 1407 1153 1416 ’

45 1497 211 1564 mittimus
236 1497 377 1580 firmum,
401 1505 511 1563 ratum
541 1503 574 1562 et
604 1506 736 1582 gratum
767 1507 925 1587 perpetuo
949 1499 1072 1566 habere
1088 1519 1125 1566 ac

45 1624 127 1669 mare
141 1611 171 1670 et
185 1603 367 1690 adimplere
382 1613 486 1670 totum
511 1603 554 1688 id,
579 1605 667 1688 quod
683 1625 741 1689 per
757 1625 815 1670 vos
840 1604 964 1671 factum
979 1604 1078 1672 fuerit
1094 1615 1127 1674 et

60 1713 189 1778 missum
203 1715 238 1778 in
254 1712 413 1797 predictis
430 1718 463 1777 et
479 1711 625 1796 quolibet
640 1713 873 1797 perdictorum‚
883 1720 916 1780 et
925 1734 991 1779 non
1000 1719 1127 1780 contre·

70 1846 74 1855 ⁴
94 1819 167 1884 ecel
183 1820 293 1885 venire
310 1821 349 1886 de
365 1820 436 1885 iure
454 1821 505 1884 vel
522 1819 563 1885 de
578 1818 666 1886 facto
683 1819 743 1884 sub
760 1819 960 1904 obligatione
968 1821 1127 1886 bonorum

25 1956 59 2004 μ’
72 1928 141 1992 'um
164 1925 354 1996 Communis
378 1927 593 1996 Venetiarurn
608 1929 807 2012 presentium
827 1935 859 1994 et
867 1926 1059 1994 futurorum.
1084 1927 1126 1994 In

45 2034 95 2100 'us
108 2036 151 2100 rei
165 2035 265 2103 fidem*
279 2045 312 2102 et
329 2037 523 2103 evidentiam
538 2036 715 2122 pleniorem
725 2058 858 2120 presens
877 2037 1126 2102 instrumentum

30 2170 53 2236 ἵ·
74 2143 247 2210 'iussimus'
270 2167 329 2228 per
355 2145 545 2212 Nicoiinum
570 2145 610 2210 de
635 2143 845 2229 Fragenesoo
862 2147 963 2210 nostri
980 2140 1127 2208 Ducatns

28 2253 183 2334 poterium,
199 2258 233 2317 et
248 2252 341 2318 bulla
358 2261 472 2318 nostra
487 2251 640 2336 plumbea
657 2252 855 2318 communiri.

30 2369 32 2378 ’
113 2357 161 2441 (Ρ.
177 2358 236 2445 Η.)
250 2359 325 2444 Ego
341 2359 513 2428 Nioolinus
530 2357 570 2423 de
587 2359 796 2444 Fraganesoo
810 2357 1128 2443 Imperialinuctori·

45 2472 81 2531 te
94 2462 245 2534 Notarius
262 2473 298 2533 et
313 2467 461 2534 Donatus
478 2467 693 2533 venetiarum
710 2465 827 2533 Scriba
852 2466 1011 2550 predictis
1029 2465 1127 2530 omni·

50 2575 268 2658 seiungam
284 2573 430 2656 interfui,
447 2581 480 2639 et
497 2575 530 2639 in
546 2571 709 2659 publicam
724 2572 862 2640 formam
878 2573 998 2658 redegi.

161 2719 302 2784 (Eredetie
314 2720 489 2785 borhtrtytn
503 2735 520 2768 s
533 2719 672 2771 velencaei
684 2734 757 2786 napy
772 2719 967 2782 leveltirben.)

484 2875 644 2886 u*-

527 3133 600 3199 251.

162 3292 192 3362 Α
208 3291 360 3364 veienczei
376 3298 501 3364 tonaret
517 3293 641 3364 tonabit
657 3297 830 3362 aminea.
850 3295 944 3361 1348.

27 3515 31 3534 ,
113 3454 210 3523 Anno
225 3453 522 3526 MOOOXLVIII.
537 3454 591 3520 oie
607 3451 689 3522 Vll.
715 3453 840 3520 Martii.
857 3450 1015 3537 Capta:
1032 3451 1129 3540 Quod

29 3571 32 3576 ·
63 3559 132 3628 dicti
145 3564 251 3631 nostri
277 3561 520 3631 Ambaxetores
545 3560 695 3629 obtinere
719 3581 785 3628 non
809 3567 960 3646 prossent
982 3568 1130 3628 nostram

47 3670 224 3738 tentionem
239 3693 299 3756 per
315 3671 457 3756 aliquem
471 3668 634 3737 dictorum
650 3669 827 3736 modorum.
842 3678 875 3736 et
890 3668 977 3754 quod
992 3667 1067 3736 Rex
1083 3668 1130 3734 di-

46 3783 106 3861 ret,
119 3779 207 3862 quod
222 3785 433 3847 contentatur
449 3781 561 3864 pocius
578 3777 617 3843 de
635 3777 753 3844 stando
770 3777 947 3864 cognitioni
963 3786 996 3843 et
1011 3775 1131 3844 indicio

45 3886 186 3968 'quorum
203 3909 246 3955 ex
260 3885 469 3972 Principibus
486 3885 607 3969 mundi,
622 3893 656 3952 et
672 3886 761 3952 ultra
775 3885 974 3968 hoopeteret
984 3882 1131 3968 etrequi·

38 4016 50 4041 v
70 3994 242 4080 etaliquod
266 3992 389 4061 locum:
418 3994 496 4078 quia
520 3993 737 4078 periculosum
761 3999 848 4058 esset
872 3993 919 4058 ita
935 3991 1000 4057 cito
1016 3998 1049 4057 et
1064 3991 1132 4058 eine

40 4097 118 4181 'quo
132 4110 283 4187 respectu
300 4103 343 4169 ad
360 4101 614 4170 submittendum
630 4123 688 4167 nos
704 4101 823 4168 iudicio
839 4100 1033 4184 aliquorum,
1055 4106 1132 4164 tuno

35 4213 90 4281 uoti
111 4207 354 4282 Ambaxatoros
386 4211 563 4294 prudenter
589 4217 621 4274 et
645 4215 749 4288 caute,
775 4211 860 4276 siout
885 4209 930 4272 eie
961 4204 1132 4288 videbitur,

29 4391 31 4394 ¹
62 4313 151 4398 diunt,
167 4316 318 4403 quicquid
335 4319 413 4402 ipsis
429 4322 605 4402 peteretur,
621 4323 654 4381 et
671 4307 813 4382 sentient
837 4323 870 4381 et
886 4314 1020 4379 trahent
1045 4313 1132 4396 quio·

35 4418 94 4501 guid
107 4431 257 4505 poterunt
286 4433 354 4492 tam
380 4425 419 4490 de
436 4423 528 4489 finali
552 4421 733 4490 intentione
750 4417 829 4489 dicti
845 4413 968 4488 domini
980 4417 1083 4502 Regis
1100 4433 1133 4485 et

43 4545 142 4594 orum
153 4551 250 4616 supra
265 4533 439 4615 premissis,
457 4545 554 4614 quam
572 4533 611 4598 de
623 4527 771 4597 omnibus
782 4528 863 4614 aliia,
875 4529 1133 4622 quotiderentur
