3108 5246
573 349 669 416 1350.

581 497 653 644 21,

61 707 195 776 destas
212 730 356 802 mcypor
366 709 682 798 urryakirdtpodaak
694 733 716 775 o
727 709 878 779 celenensi
894 713 1180 804 borusdnytouo'cs.

528 820 667 884 1350.

153 973 251 1042 Anno
261 973 430 1044 Mccun
441 977 696 1045 indictioneIH.
707 978 759 1044 dre
769 977 907 1052 XXIV
917 982 1010 1050 Julii.
1023 981 1182 1071 Capta

58 1081 143 1170 Quod
171 1085 412 1172 respondeatur
436 1085 480 1152 ad
504 1085 620 1154 literas
645 1085 775 1154 domine
800 1087 928 1173 Regina
953 1091 1156 1178 Hungarie
1147 1114 1181 1160 m

57 1191 110 1260 hac
124 1190 251 1260 lcrma:

16 1295 17 1298 ’
150 1300 301 1368 Litteras
331 1299 519 1369 Maiestatis
551 1300 671 1373 Vestre
703 1309 875 1386 gratanter
905 1309 1106 1392 recepimus,
1148 1316 1181 1374 et

56 1426 155 1474 samm
177 1409 418 1476 continenciam
433 1408 650 1476 intelleximus
666 1409 850 1494 diligenter.
877 1410 934 1478 Ad
949 1434 1032 1497 quas
1048 1433 1178 1499 presen-
1231 1455 1234 1460 -

56 1516 132 1582 tibus
145 1517 391 1602 respondemus,
408 1517 496 1600 quod
511 1519 635 1602 placuit
650 1517 744 1583 nobis
760 1524 792 1584 et
807 1519 1032 1604 multipliciter
1047 1527 1179 1606 gratum

54 1620 134 1690 aas
154 1623 195 1690 de
220 1625 448 1693 satisfactione
471 1627 686 1710 dampnorum
710 1627 863 1693 ordinata
888 1626 958 1694 ficri
985 1628 1020 1694 in
1035 1630 1176 1696 termino

56 1735 160 1800 metris
184 1733 343 1802 fidelibus
367 1757 426 1818 per
451 1733 617 1801 dominum
642 1734 781 1814 Banum,
807 1741 841 1801 et
862 1757 922 1819 pro
939 1737 1012 1822 ipsa
1027 1737 1180 1806 habenda

55 1839 136 1908 iuxta
158 1847 346 1910 vestrarum
370 1843 557 1908 litterarum
582 1842 697 1908 seriem
723 1842 952 1910 mandabimus
977 1844 1056 1912 illuc
1082 1848 1180 1928 mitti,

55 1954 197 2032 rogantes
222 1950 315 2016 omni
340 1949 513 2017 affectione
538 1971 605 2035 qua
630 1969 811 2034 possumus,
836 1957 997 2036 quatenus
1021 1951 1179 2022 mandare

55 2053 231 2141 dignemini,
247 2057 338 2142 quod
355 2057 427 2142 ipsa
443 2054 635 2140 satisfactio,
651 2075 716 2123 non
732 2058 803 2122 sine
818 2057 960 2126 lasarum
976 2061 1179 2130 incommodo

55 2169 216 2248 expectata
232 2165 372 2245 diucius,
388 2165 515 2248 amodo,
539 2171 577 2230 ut
601 2185 778 2250 speramus,
795 2165 945 2250 expedite
961 2175 994 2234 ct
1009 2168 1179 2254 integrali·

53 2276 98 2336 tsr
120 2271 179 2340 fiat
203 2274 263 2354 eis,
289 2275 338 2340 ita
363 2271 452 2356 quod
475 2271 618 2340 babeant
643 2275 845 2352 contentari;
868 2281 901 2341 et
917 2271 1125 2344 Castellanos
1140 2286 1175 2348 et

17 2453 18 2456 Ἴ
53 2377 189 2448 subditos
214 2388 343 2448 vestros
368 2380 552 2463 admonere,
576 2387 610 2448 et
634 2383 751 2449 taliter
775 2383 937 2468 ordinare,
964 2385 1052 2469 quod
1076 2386 1178 2472 impo-

16 2519 17 2524 κ
54 2493 165 2554 aarum
192 2513 214 2556 a
241 2489 395 2575 dampnis
426 2496 611 2558 nostrorum
643 2491 838 2571 abstineant,
868 2490 925 2558 sed
956 2514 1028 2560 cum
1053 2494 1099 2559 eis
1123 2516 1178 2579 po

52 2591 109 2660 tius
132 2597 354 2665 amicabiliter
389 2604 617 2664 conversentur
651 2605 683 2664 et
716 2598 836 2679 vivant,
867 2601 987 2666 mutuis
1018 2599 1081 2666 sibi
1112 2623 1178 2666 ser-

16 2767 17 2770 ,
52 2703 132 2768 sicis
155 2705 406 2790 complacentes,
430 2710 467 2772 ut
491 2704 606 2771 exinde
630 2709 717 2771 inter
742 2711 854 2789 partes
870 2705 1088 2775 benivolentia
1104 2728 1178 2774 cau·

54 2809 113 2876 sari
134 2813 242 2895 possit
266 2810 397 2879 uberius
422 2817 456 2877 et
482 2811 603 2896 augeri,
628 2833 688 2896 pro
714 2833 779 2897 quo
806 2833 864 2878 nos
889 2811 934 2878 ad
949 2833 1111 2898 qusquam
1127 2836 1178 2880 vc·

17 2971 18 2974 ,
53 2921 116 2984 stra
138 2926 171 2985 et
198 2918 489 2986 Serenissimorum
513 2918 655 2985 filiorum
679 2924 861 2984 vestrorum
885 2918 1089 3004 beneplacita
1105 2943 1179 3005 pro·

53 3024 172 3105 pensius
197 3005 390 3110 disponetis.
415 3023 473 3090 Ad
500 3026 535 3090 id
559 3046 643 3108 vero,
671 3025 761 3108 quod
785 3047 806 3090 a
829 3026 922 3093 nobis
949 3027 1088 3110 quesivit
1113 3027 1178 3096 Ve-

54 3133 116 3197 stra
131 3130 335 3215 Sublimitas,
351 3138 388 3199 ut
404 3133 528 3199 homini
547 3139 664 3214 vestro,
682 3154 777 3215 quem
793 3155 867 3199 cum
882 3135 974 3219 equis
990 3140 1023 3200 et
1039 3135 1110 3202 aliia
1127 3159 1176 3202 re·

16 3231 17 3236 ’
53 3234 106 3304 bus
128 3241 170 3307 ad
193 3239 423 3308 Excellentem
449 3241 615 3306 dominum
641 3239 821 3306 Lodoioum
846 3248 959 3308 natum
985 3248 1126 3310 vestrum
1141 3245 1177 3309 in

54 3341 211 3430 Apuleam
227 3348 328 3414 visitis
344 3348 577 3428 transmittere,
594 3367 742 3414 securum
757 3349 931 3414 transitum
946 3369 1006 3433 per
1021 3372 1121 3435 mare,
1135 3373 1177 3416 ne

53 3452 89 3518 ab
110 3453 255 3522 hostium
280 3461 459 3522 vestrorum
484 3455 621 3538 navigiis
646 3455 760 3537 impeti
784 3456 895 3538 possit,
912 3454 1066 3522 exhibere
1082 3455 1177 3524 velle·

52 3580 130 3644 mus,
159 3562 381 3643 rescribimus,
406 3563 493 3647 quod
517 3563 607 3629 vobis
632 3568 665 3628 et
690 3560 911 3630 Serenissimis
938 3565 1024 3630 natis
1049 3566 1175 3646 vestris,

53 3670 134 3736 norit
147 3670 248 3755 Deus,
264 3677 414 3756 optamus
430 3671 464 3735 in
480 3671 607 3736 cunctis
617 3669 710 3736 nobis
720 3669 855 3738 honeste
865 3670 1073 3754 possibilibus
1090 3692 1175 3738 com·

54 3776 184 3862 placere,
209 3778 301 3846 velut
325 3781 382 3865 qui
408 3801 447 3844 ex
470 3783 565 3863 parte
589 3785 703 3846 nostra
727 3779 938 3863 proponimus
955 3799 1087 3846 servare
1102 3801 1175 3846 cum

54 3884 94 3949 eis
108 3885 197 3952 illam
214 3887 419 3954 dulcedinem
434 3887 594 3970 karitatis,
610 3907 708 3970 quarn
724 3907 797 3952 cum
808 3883 1020 3953 Serenissimo
1037 3887 1174 3953 condam

54 3988 129 4058 bone
143 3997 298 4062 memorie
313 4002 409 4081 patre
426 4016 484 4062 suo
500 3999 533 4060 et
550 3995 624 4061 aliis
634 3995 876 4079 precessoribus
893 3995 960 4060 suis
977 3994 1174 4061 servavimus

55 4097 244 4170 inconcusse.
260 4101 327 4170 Sed
343 4123 415 4169 cum
432 4101 523 4188 galee
548 4109 668 4187 nostre,
684 4100 726 4170 ad
742 4099 863 4188 Oulphi
879 4101 1060 4169 custodiam
1076 4101 1175 4186 dapu-

58 4210 126 4293 tate,
152 4213 218 4277 sint
243 4211 288 4278 ad
312 4217 423 4296 partes
441 4207 586 4277 Orientis
602 4212 698 4294 longe
713 4218 856 4278 remotas
872 4232 933 4295 pro
950 4210 1061 4276 arduis
1076 4209 1173 4287 factis

56 4317 166 4383 uostris
181 4320 215 4384 in
231 4320 381 4402 proximo
397 4317 592 4403 proiectura,
607 4323 640 4383 et
656 4318 801 4402 potentia
817 4317 1038 4403 predictorum
1054 4319 1173 4386 emulo-

56 4441 119 4487 rum
134 4432 314 4494 vestrorum
330 4428 364 4492 in
380 4426 519 4512 navigiis
543 4426 717 4493 maritimis
742 4425 983 4510 presentialiter
1007 4433 1102 4493 tanta
1121 4427 1173 4506 sit,

57 4529 133 4611 quod
149 4532 270 4602 atulam
286 4534 403 4604 vestris
428 4534 479 4602 vel
504 4535 621 4603 uostris
647 4533 796 4601 fidelibus
814 4534 882 4599 sine
900 4534 1045 4619 ipsarum
1060 4533 1170 4618 galea-
