3134 5252
587 281 682 350 1³4⁷.

600 593 674 655 211.

77 753 123 816 rr.
139 753 291 816 reema
314 755 408 838 papa
448 751 505 816 Vr.
530 751 641 836 scrop
649 750 815 837 francas
831 750 959 836 errare
975 749 1101 814 cesare
1125 751 1203 814 aer

2 863 8 928 ζ
73 862 159 945 lajas
184 884 332 947 mapyar
358 861 470 948 eiroly
495 863 528 926 es
551 861 582 924 Ι.
608 861 767 926 ,ΙοῙιαπηα
792 859 921 924 sicilici
936 858 1092 944 eirolyce
1107 858 1197 922 kezri

2 966 3 972 ἵ
412 967 732 1054 elleereperkedesrol.
752 970 846 1032 1347.

164 1124 320 1192 Clemens
337 1127 523 1213 Episcopus
540 1134 601 1194 etc.
617 1128 787 1193 carissimo
813 1127 847 1193 in
874 1124 1007 1192 Christo
1034 1124 1103 1192 filio
1121 1124 1199 1192 Phi·

2 1216 4 1254 '
73 1233 149 1316 lippo
172 1232 262 1317 Regi
293 1234 436 1300 Francia
460 1235 584 1300 illustri
609 1233 748 1301 salutem
773 1223 832 1300 etc
853 1232 927 1319 Que
952 1234 1133 1300 carissimis
1165 1234 1199 1298 in

2 1349 6 1424 {—
73 1339 191 1408 Christo
206 1342 285 1408 filiis
302 1343 600 1411 nostrishudovieo
617 1343 710 1427 Regi,
727 1352 760 1410 et
776 1343 952 1409 Elisabeth
967 1342 1118 1426 genitrici
1137 1361 1195 1406 sue

73 1447 189 1533 Regino
221 1449 374 1535 Vngerie
403 1451 584 1519 illustribus
612 1451 845 1534 scripseramus
869 1470 967 1534 super
999 1448 1199 1514 retrahendo

2 1585 3 1602 ἢ
73 1555 187 1640 Regem
204 1557 313 1640 ipsum
329 1558 372 1623 ab
388 1579 519 1625 accessu
543 1564 576 1623 et
587 1557 796 1642 aggressione
810 1557 921 1640 Regni
937 1555 1059 1634 Sicilie,
1075 1576 1114 1621 ec
1131 1556 1198 1621 alia

2 1608 6 1762 ,1
73 1685 125 1746 qne
140 1665 229 1729 eires
244 1665 305 1732 bec
321 1665 416 1732 nobis
431 1667 646 1734 occurrebant
662 1673 740 1731 tunc
756 1665 919 1750 temporis,
935 1663 1058 1730 dudum
1069 1685 1126 1748 per
1151 1662 1198 1726 di-

2 1767 3 1826 l
74 1769 182 1836 lectum
199 1771 304 1837 filium
320 1773 461 1839 nobilem
478 1775 581 1839 virum
597 1772 799 1839 Ludovieum
815 1773 856 1838 de
883 1771 1097 1851 Bellomonte‚
1112 1793 1198 1836 cam-

1 1832 8 1954 i
75 1876 229 1946 bollenum
243 1885 348 1962 tuum,
365 1879 567 1948 Sublimitsti
593 1881 663 1946 Tus
688 1881 792 1965 Regie
818 1881 969 1948 seriosius
993 1878 1195 1963 providimus

2 1988 12 2062 t
77 1986 269 2069 intimanda3
294 2011 379 2054 nunc
395 1997 516 2072 eutem,
532 1991 620 2074 quod
645 1988 739 2054 nobis
758 1986 832 2054 Rex
856 1995 889 2054 et
913 1987 1042 2072 Regina
1058 1984 1198 2071 predicti
1276 1981 1287 1992 ’

2 2091 5 2110 ’
74 2096 307 2179 rescripserunt
322 2096 446 2177 exinde,
457 2094 655 2162 Oelsitudini
672 2079 741 2161 1³ue
758 2094 919 2162 reserabit
926 2096 1061 2179 plenius
1078 2094 1195 2160 cedula

75 2202 272 2282 presentibus
297 2203 482 2269 interclusa
508 2202 613 2270 Porro
638 2223 786 2268 veremur
809 2202 993 2284 admodum,
1009 2224 1081 2268 eum
1099 2204 1197 2269 etiem

2 2314 4 2448 p
76 2307 215 2393 legatus
239 2313 320 2395 ipse,
345 2332 442 2394 quem
467 2309 510 2376 ad
529 2311 680 2395 Regnum
703 2309 869 2394 prefatum
885 2331 945 2395 pro
962 2309 1140 2376 directione
1157 2332 1196 2377 ac

2 2455 3 2482 r
78 2415 191 2482 utiliori
216 2417 454 2501 gubernatione
479 2417 583 2502 ipsius
614 2417 857 2498 destinauimus,
881 2417 977 2482 nobis
1008 2418 1196 2502 specialiter

74 2544 162 2607 super
176 2523 238 2590 boc
263 2525 476 2610 rescripserit,
503 2526 590 2611 quod
606 2525 756 2608 Regnum
782 2525 966 2609 predictum
982 2547 1055 2590 cum
1071 2525 1139 2590 illis
1155 2524 1195 2590 de

73 2629 170 2697 Domo
186 2632 295 2716 Regis
319 2639 353 2698 et
381 2634 555 2718 regnicolis
590 2633 703 2699 diuisis
731 2639 763 2698 et
788 2630 1020 2699 dissidentibus
1045 2632 1195 2714 inuicem,

75 2738 252 2820 prohdolor,
280 2741 323 2805 ed
350 2739 568 2806 defensionem
585 2741 691 2806 minus
716 2739 916 2806 sufficienter
942 2739 1196 2808 contradictum

74 2843 190 2932 Regem
213 2847 365 2932 Vngarie
389 2849 432 2914 sit
456 2856 610 2934 peratum
634 2850 761 2916 Datum
785 2847 948 2916 Arinione
972 2847 1020 2913 II.
1036 2847 1195 2915 kalendas

75 2951 159 3036 Meli,
172 2955 393 3024 Pontificatus
410 2960 513 3024 nostri
529 2981 613 3026 anno
630 2959 755 3042 quinto.

375 3103 435 3165 (vi.
449 3103 583 3156 Kelemsn
597 3106 669 3170 papa
680 3103 869 3171 regestdibdl.)

550 3265 711 3276 n———n—-n

2 3543 4 3590 l
595 3499 670 3562 212.

2 3670 7 3741 l
104 3653 127 3716 l·
140 3656 294 3722 Jolaoea
319 3658 444 3724 sicilici
461 3659 685 3746 kirdlyeeeale
691 3661 862 3748 segyceres
877 3663 960 3746 ereje
975 3661 1158 3726 accresceret

2 3770 6 3852 l
403 3769 560 3852 tdrpyazd
575 3769 742 3834 readdete.
761 3772 855 3836 1347.

174 3923 199 3989 J
200 3925 330 3990 ohanna
346 3930 405 3989 etc.
421 3925 582 4008 Edictrun,
599 3927 687 4009 quod
704 3925 859 4008 Comites,
874 3925 1021 3993 Berones
1038 3932 1069 3990 et
1084 3925 1198 4014 feuda·-

81 4027 144 4094 tarii
159 4051 192 4096 se
207 4034 357 4098 munient
372 4033 481 4116 armis,
506 4038 540 4098 et
564 4055 598 4099 se
623 4038 834 4117 praesentent
859 4041 919 4100 etc
936 4032 1112 4100 secundum
1125 4035 1194 4119 jus-

2 4117 4 4156 *
81 4136 171 4205 rienes
187 4139 418 4224 praecedentes
434 4141 493 4205 etc.
510 4137 788 4211 MOOOXLVH.
805 4142 858 4207 die
873 4139 940 4207 IX.
955 4141 1048 4226 Msij.

81 4281 109 4342 (l
122 4285 256 4349 »aegros
268 4285 418 4350 angione«
435 4285 462 4336 o.
477 4288 537 4336 ese.
551 4299 587 4338 az.
602 4301 627 4337 a.
640 4287 707 4352 seg.
717 4288 862 4340 Jouannae
871 4288 893 4337 1.
905 4287 1048 4337 selaeseu
1060 4290 1120 4338 are.
1131 4287 1194 4350 rev.)

550 4435 710 4450 r—-—·--—.-
