3166 5256
353 367 416 431 1⁶24
701 389 938 434 ursnouaczmr
954 373 1122 434 auriana.

350 549 428 611 titas
446 548 488 612 sit
504 547 539 610 in
550 547 699 630 deposito
716 547 905 616 Communis
919 548 944 612 J
946 549 1035 632 adra,
1050 555 1084 615 et
1100 549 1183 638 siout
1198 547 1401 614 manifesium
1418 551 1477 628 est,

351 661 509 739 quantum
526 655 635 721 omnia
655 657 752 722 buius
766 657 881 723 mundi
896 658 1034 740 negocia
1048 656 1131 722 fiunt
1146 680 1204 742 per
1221 657 1410 741 pecuniam:
1427 677 1480 720 aa·

353 763 403 830 dit
418 784 503 848 para,
519 765 605 849 quod
626 766 849 832 committatur
869 763 1061 849 Capitoneis
1077 767 1196 831 nostris
1211 765 1318 830 Maris
1334 771 1365 829 et
1380 763 1481 828 Terre
1578 789 1579 794 ¹

351 879 383 936 st
400 870 692 956 Gubernatoribus,
703 872 792 958 quod
807 873 909 940 saciat
924 872 1053 958 publiea
1061 874 1269 958 proclamari,
1284 873 1342 938 ubi
1357 874 1402 938 eis
1419 893 1482 937 me·
1579 873 1580 880 ’

328 979 332 992 “
351 981 413 1044 lius
440 980 611 1062 videbitur,
636 987 674 1046 nt
694 982 756 1046 hoc
771 983 894 1047 sciatur
908 981 944 1046 in
960 979 1101 1046 Ciuitate
1116 978 1228 1064 Jadre,
1246 981 1335 1065 quod
1351 980 1481 1063 quicun-

351 1109 414 1172 que
440 1087 533 1153 dabit
557 1089 607 1153 vel
632 1087 758 1153 dabunt
784 1085 959 1154 Civitatem
983 1089 1008 1154 J
1010 1086 1090 1154 adre
1114 1091 1149 1153 in
1164 1088 1263 1155 fortia
1289 1096 1322 1154 et
1336 1086 1482 1153 manibus
1578 1121 1580 1126 .

352 1194 538 1261 Communis
548 1197 767 1264 Veneriorum
783 1217 886 1281 usque
907 1197 951 1262 ad
966 1197 1047 1262 duos
1062 1217 1189 1263 mensas
1214 1198 1380 1281 proximos
1396 1217 1417 1260 a
1432 1195 1482 1260 dic
1578 1229 1580 1248 π

353 1303 620 1388 proclamationis
636 1305 742 1387 facte3
759 1306 882 1370 dictum
898 1301 1077 1370 Commune
1093 1305 1193 1370 faciet
1210 1327 1283 1371 eum
1299 1305 1350 1370 vel
1364 1326 1418 1369 eos
1437 1324 1482 1368 se·

353 1433 467 1477 curum
484 1420 516 1477 et
532 1425 661 1478 securos
680 1413 714 1478 in
730 1413 877 1496 personis
893 1411 1069 1491 ethelhere,
1086 1419 1118 1478 et
1132 1412 1307 1496 promittit,
1325 1408 1412 1494 quod
1428 1430 1481 1494 po·
1579 1477 1581 1488 Ι

353 1522 431 1588 terit
447 1527 480 1588 et
496 1527 649 1606 poterunt
674 1530 762 1588 stare
779 1529 812 1588 et
829 1522 970 1605 gaudere
988 1529 1019 1587 et
1033 1522 1081 1585 uti
1097 1521 1192 1590 bonis
1209 1524 1276 1587 suis
1293 1522 1327 1585 in
1344 1519 1483 1586 Ciuitate

353 1630 378 1696 J
380 1628 470 1711 adre‚
495 1630 545 1695 vel
562 1631 596 1695 in
621 1631 695 1697 aliis
721 1631 819 1696 terris
837 1637 869 1694 et
885 1628 967 1694 loeis
984 1627 1173 1695 Communis
1189 1626 1415 1708 Veueciarum‚
1430 1626 1484 1690 ubi
1579 1651 1581 1656 ·

353 1739 458 1820 magis
485 1737 642 1804 voluerit:
667 1744 699 1802 et
723 1738 812 1803 ultra
836 1738 898 1803 hoo
923 1737 1089 1804 habebunt
1112 1758 1224 1802 omnes
1248 1735 1409 1812 denarios
1425 1735 1479 1818 qui

354 1851 430 1911 sunt
454 1847 487 1909 in
514 1845 664 1929 deposito
680 1844 870 1912 Communis
895 1845 920 1910 J
921 1847 1001 1912 adre
1017 1846 1079 1910 tali
1095 1845 1291 1928 conditione,
1307 1840 1437 1926 quodsi
1453 1843 1482 1906 in
1579 1885 1581 1906 2

356 1953 528 2019 Communi
544 1953 649 2019 Jadre
665 1975 730 2020 non
746 1961 855 2020 essent
873 1955 907 2019 in
926 1954 1076 2036 deposito
1093 1953 1136 2018 ad
1153 1953 1338 2035 quantitam
1353 1951 1381 2014 L
1398 1950 1482 2014 mille
1580 2009 1581 2014 ,

358 2061 553 2128 ducatorum
578 2064 659 2142 auri,
673 2061 852 2128 Commune
868 2062 1085 2131 Venetiarum
1100 2059 1277 2145 complebit
1292 2068 1324 2124 et
1339 2059 1429 2125 dabit
1443 2059 1483 2122 ei·
1580 2049 1582 2088 ³

357 2170 429 2236 dem
457 2192 514 2238 seu
540 2174 662 2256 eispem
679 2171 722 2253 id,
748 2172 837 2256 quod
868 2172 1035 2237 deffioeret
1065 2171 1109 2260 ad
1127 2170 1344 2254 quantitatem
1360 2167 1481 2252 predic·
1580 2209 1582 2214 ·

355 2284 430 2343 tam.

519 2442 553 2504 (A
569 2443 697 2492 »Secreta
710 2441 822 2492 Consilii
844 2443 1033 2506 Rogatorum«
1048 2442 1102 2491 nn.
1117 2441 1151 2491 Α.
1165 2443 1219 2493 νοΙ.
1238 2441 1270 2500 1.)

780 2916 788 2928 ‘
886 2917 959 2978 115.

357 3077 386 3140 A
415 3077 566 3140 velenczei
582 3075 927 3163 kornuioytaneicsnnk
945 3077 1156 3141 into'zlaode'aeo'
1175 3099 1196 3139 α
1205 3075 1378 3159 jadroialc
1394 3073 1483 3138 ottoni

742 3187 840 3248 barca
852 3187 997 3273 tlpyeben.
1017 3187 1111 3250 1345.

463 3362 562 3429 Anno
579 3346 807 3432 MCCCXLV
824 3365 886 3430 die.
902 3361 983 3432 XV.
997 3363 1196 3429 Decembris.
1213 3357 1375 3445 Capta:
1391 3359 1481 3444 Quod

356 3472 521 3538 scribatur
546 3468 728 3565 Capitoneo
755 3471 858 3538 Terre
883 3479 916 3538 et
941 3471 1235 3550 Gubernatoribus,
1252 3469 1342 3553 quod
1358 3490 1410 3534 ser
1426 3467 1481 3532 Pe-

355 3588 427 3646 trus
453 3581 493 3644 de
510 3579 626 3646 Canoli
642 3586 755 3645 notum
770 3579 847 3644 fecit
863 3581 966 3664 nobie,
982 3581 1069 3664 quod
1086 3579 1189 3663 aliqui
1205 3579 1245 3644 de
1262 3578 1414 3663 gentibus
1430 3597 1482 3641 no-

357 3688 432 3752 stris
460 3708 558 3768 eques
574 3691 605 3749 et
621 3685 718 3769 pedes
735 3688 768 3751 in
785 3685 871 3751 bona
889 3688 1086 3769 quantitate,
1102 3707 1167 3750 una
1184 3707 1255 3752 cum
1271 3684 1400 3751 Comite
1415 3684 1482 3751 Ma-

357 3795 479 3876 ladin0‚
495 3795 624 3858 iverunt
649 3794 691 3858 ad
707 3793 864 3876 Vranam‚
881 3800 914 3858 et
930 3793 1069 3876 burgum
1086 3801 1393 3873 ooucr·e1narunt‚et
1409 3790 1481 3859 oeci-

358 3909 402 3973 sis
418 3899 666 3986 quampluribus
692 3903 731 3968 de
747 3902 813 3966 illis
830 3903 870 3967 de
889 3899 1011 3982 Vrana,
1029 3907 1244 3986 reportarunt
1260 3901 1336 3967 inde
1353 3904 1481 3986 predam

356 4038 508 4098 inagnam
524 4015 567 4081 ad
584 4013 761 4079 exercitum
777 4020 935 4081 nostrum.
951 4017 998 4082 Et
1010 4015 1148 4081 multum
1164 4018 1332 4096 miramur,
1352 4009 1481 4097 quodid

356 4122 449 4188 nobis
465 4145 530 4186 non
547 4120 794 4206 signillloarunt,
813 4123 953 4186 maxime
969 4122 1046 4206 quia
1063 4121 1182 4186 dieitur
1198 4119 1300 4200 nobis,
1316 4120 1407 4204 quod
1422 4120 1482 4184 die·

356 4235 408 4294 tus
432 4228 523 4294 locus
549 4229 660 4297 Vrane
676 4235 805 4294 tenetur
820 4252 878 4312 per
894 4230 1150 4313 Hospitalarios,
1167 4230 1222 4310 qui
1239 4235 1314 4293 sunt
1331 4229 1434 4294 intimi
1452 4233 1481 4289 et

359 4337 468 4401 devoti
494 4339 597 4401 nostri
616 4337 770 4402 Dominii.
786 4338 834 4402 Et
850 4339 951 4422 aliqui
969 4340 1184 4422 suspicantur,
1201 4337 1289 4420 quod
1305 4336 1391 4402 forte
1409 4333 1481 4400 dicti

355 4444 576 4526 Hospitelarii
591 4445 683 4510 illum
699 4445 807 4512 locum
822 4453 933 4512 tenent
950 4448 985 4511 in
1001 4446 1133 4511 lendum
1150 4469 1170 4512 a
1185 4446 1333 4528 Regibus
1351 4445 1482 4527 Hunga·

355 4551 411 4618 rio.
427 4552 475 4618 Et
499 4549 573 4618 ideo
589 4551 735 4622 volentes
751 4555 791 4621 de
807 4556 869 4620 hoo
884 4556 1011 4639 plenius
1029 4553 1207 4638 irlormari,
1224 4554 1416 4620 mandamus
1431 4551 1480 4630 eia,
