3220 5262
374 362 439 423 670
727 369 965 422 umnouucnmr
981 358 1149 420 minna

370 535 541 602 Fidelibus
558 536 624 602 suis
641 532 799 620 Capitulo
814 533 963 600 Ecclesie
980 529 1186 616 spalatensis
1201 551 1262 615 pro
1290 527 1450 598 Scemlien
1463 538 1494 598 et
1601 473 1603 534 ξ

371 644 513 712 Nanada
529 643 598 712 filio
614 645 682 711 eius
697 641 965 710 reambulatoria.

478 751 590 837 Quare
605 753 751 821 volentes
766 751 909 818 fideliter
934 755 1077 817 vestrum
1100 751 1292 818 mandatum
1316 750 1441 833 exequi,
1463 757 1497 816 ut
1599 789 1603 832 4

366 861 566 945 tenebamur,
604 862 647 927 ad
681 860 930 945 requisicionem
964 859 1031 924 iam
1071 858 1236 925 dictorum
1267 857 1438 943 Symeonis
1467 865 1497 923 et

369 971 512 1038 Nauada
528 969 599 1035 eius
614 967 683 1050 filii,
699 967 791 1032 illico
808 987 905 1031 vnum
932 987 971 1030 ex
996 965 1098 1047 nobis,
1124 964 1276 1032 videlicet
1300 966 1496 1048 Magistrum
1601 1013 1603 1046 ,

369 1075 695 1143 ‚iohannem-Zmint
711 1070 977 1141 concanonicum
994 1078 1151 1152 nostrum,
1168 1072 1334 1139 hominem
1347 1073 1413 1138 fide
1429 1072 1495 1155 dig-

366 1206 445 1251 num
455 1184 498 1251 ad
508 1183 719 1266 infrascripta
729 1181 864 1266 negocia
873 1179 1062 1266 peragenda
1072 1201 1135 1246 vna
1151 1201 1223 1246 cum
1239 1179 1341 1247 nobili
1352 1181 1422 1245 viro
1433 1177 1498 1244 Du·
1601 1179 1603 1200 ⁵

366 1293 501 1360 brencio
512 1292 724 1359 Dubrancicb
741 1291 871 1358 homine
886 1297 994 1357 vestro
1010 1290 1160 1374 superius
1176 1291 1264 1357 inter
1279 1290 1362 1354 alios
1374 1295 1496 1354 vestrm
1601 1285 1603 1314 ⁴

366 1402 513 1469 homines
525 1401 728 1468 nominatum
738 1419 903 1483 expresse,
913 1397 1062 1464 duximus
1077 1397 1318 1476 destinandum,
1332 1398 1389 1480 qui
1409 1419 1430 1462 a
1447 1417 1498 1462 uo-
1601 1457 1603 1468 ,

366 1510 419 1578 bis
435 1508 598 1590 recedere,
613 1508 745 1573 tandem
756 1506 881 1592 pariter
890 1512 959 1572 tam
976 1506 1072 1573 homo
1088 1512 1195 1572 vester
1212 1527 1316 1589 quam
1332 1512 1445 1570 noster
1459 1503 1498 1569 ad
1599 1519 1603 1562 ·;

368 1637 426 1684 nos
440 1617 577 1698 radiante,
593 1637 632 1681 ac
648 1636 723 1681 voce
739 1636 883 1680 consona
899 1614 993 1680 nobis
1016 1613 1200 1680 retulerunt
1215 1634 1253 1679 eo
1269 1615 1385 1681 modo:
1412 1614 1495 1697 quod
1601 1601 1603 1670 !

368 1725 432 1809 ipsi
455 1726 489 1790 in
513 1726 640 1792 octauis
657 1723 731 1789 festi
751 1724 849 1790 Beati
874 1723 1052 1788 Laurencii
1074 1723 1175 1789 lenite
1201 1729 1235 1789 et
1250 1723 1398 1790 martiris
1413 1744 1496 1788 nunc
1600 1725 1603 1770 ἱ

368 1832 515 1918 proxime
532 1831 693 1919 preteriti,
710 1853 783 1898 cum
807 1831 923 1896 vicinis
940 1853 978 1897 ac
1001 1832 1233 1898 commetaneis
1257 1831 1496 1915 possessionum
1601 1847 1603 1904 ῑ

368 1939 511 2024 Lucane,
536 1939 694 2024 Zopoicbi
720 1946 752 2004 et
776 1937 997 2023 Welmosane‚
1021 1939 1063 2006 da
1087 1939 1205 2022 quibus
1221 1939 1369 2024 superius
1385 1940 1420 2005 in
1436 1961 1499 2004 ves-

370 2048 433 2115 tris
449 2048 568 2114 litteris
586 2046 767 2132 Regalibus
793 2044 830 2113 fit
854 2048 989 2128 mencio,
1004 2045 1211 2130 procedendo
1227 2047 1333 2130 simul,
1349 2070 1370 2113 a
1387 2047 1499 2113 nobili·
1601 2125 1603 2138 Ι

335 2227 341 2232 ,
370 2155 441 2240 bus,
457 2154 667 2240 ignobilibua
684 2154 820 2238 clericis,
835 2175 875 2221 ac
890 2154 964 2222 aliia
975 2156 1119 2220 cuiusuis
1135 2160 1243 2221 status
1259 2162 1292 2220 et
1301 2155 1499 2222 condicionis
1550 2243 1552 2246 Ι

370 2261 565 2345 hominibus,
583 2269 680 2347 prout
696 2262 736 2328 de
752 2262 971 2347 infrascriptis
996 2265 1078 2329 scire
1106 2263 1299 2348 potuissent,
1325 2264 1498 2348 diligenter
1601 2255 1603 2288 ³

370 2369 609 2453 inuestigando,
624 2371 726 2436 talem
741 2369 916 2437 sciuissent
930 2370 1119 2436 veritatem:
1143 2369 1230 2455 quod
1245 2377 1351 2437 metas
1377 2371 1499 2456 predic·

370 2483 479 2542 tarum
496 2477 596 2542 tmim
612 2478 855 2561 possessionum
869 2478 1012 2559 Lucane,
1037 2477 1197 2562 Zopzicbi
1223 2486 1256 2544 et
1280 2479 1497 2562 Welmosaue,

372 2607 411 2652 ac
418 2583 560 2652 confinia
570 2585 855 2676 aomndem,uullo
872 2585 1107 2652 contradictore
1123 2591 1312 2670 apparente,
1322 2588 1380 2653 sed
1389 2588 1498 2671 pocius

372 2693 522 2760 omnibus
546 2692 658 2760 ricinis
681 2692 827 2776 ipsarum
851 2694 1092 2778 possessionum
1116 2693 1373 2760 assencientibus
1398 2716 1498 2762 ream·
1601 2779 1602 2782 Ἴ

372 2800 525 2870 bulantes
548 2800 664 2866 taliter
689 2800 904 2867 inuenerunt:
931 2800 1028 2886 Quod
1055 2807 1200 2885 pretacte
1225 2803 1429 2885 possesiones
1459 2804 1497 2868 ab

373 2908 497 2975 oriente
512 2909 734 2974 terminantur
748 2910 784 2973 in
799 2908 941 2993 quadam
956 2908 1041 2976 valle
1055 2915 1246 2994 nuncupata
1275 2909 1498 2992 Moenidolaz3
1572 2935 1574 2938 ·

372 3023 408 3084 et
438 3017 485 3082 sic
509 3037 622 3083 versus
649 3014 818 3082 meridiam
843 3016 1050 3101 procedendo
1091 3019 1126 3083 in
1159 3018 1301 3101 quodam
1336 3019 1421 3085 colle
1446 3040 1497 3084 seu

372 3123 549 3191 monticulo
565 3129 679 3190 uocato
695 3123 861 3205 Nebessa3
887 3124 1005 3191 deinde
1029 3145 1141 3204 persus
1166 3126 1369 3193 occidentem
1393 3148 1498 3213 proce-

374 3232 480 3298 dendo
505 3252 564 3317 per
588 3232 674 3298 viam
699 3253 796 3317 super
819 3232 1012 3316 Radosicbi‚
1038 3239 1073 3299 et
1100 3236 1146 3300 sic
1175 3255 1288 3300 versus
1315 3237 1499 3319 congeriem

373 3337 522 3423 lapidum
546 3341 749 3424 appellatum
764 3340 938 3409 Vidomira
963 3342 1101 3426 gomila3
1127 3350 1159 3408 et
1183 3343 1271 3409 vltra
1296 3343 1498 3427 procedendo

374 3447 408 3510 in
433 3448 486 3512 via
510 3449 626 3514 stricta
653 3449 797 3515 vocitata
821 3449 950 3532 vodine3
974 3455 1008 3516 et
1023 3448 1139 3517 deinde
1155 3452 1242 3518 vltra
1258 3453 1293 3519 in
1308 3452 1380 3518 loco
1394 3453 1500 3538 appel·
1602 3449 1603 3462 ¹

373 3552 442 3620 lato
466 3553 630 3641 Plisunza,
661 3578 725 3640 que
740 3557 872 3641 quidem
889 3564 941 3624 est
955 3565 1045 3624 meta
1059 3559 1147 3625 inter
1171 3560 1259 3644 ipsas
1284 3563 1501 3645 possessiones
1601 3581 1603 3634 ς

375 3660 511 3748 Georgii
525 3663 739 3730 Dubrancich
755 3664 795 3730 de
814 3664 972 3747 Yzmina3
995 3673 1070 3750 post
1086 3665 1145 3732 bec
1170 3667 1212 3732 ab
1238 3667 1408 3735 occidente
1431 3691 1501 3754 pro·
1602 3731 1603 3742 ,

374 3771 553 3854 grediaudo
568 3793 681 3838 versus
706 3773 911 3857 acquilonem
937 3775 1156 3840 terminantur
1180 3775 1251 3858 ipse
1281 3780 1501 3859 possessiones
1601 3747 1603 3768 Ι

376 3877 545 3964 Symeonis
562 3886 595 3945 et
610 3879 749 3947 Nenada
764 3882 799 3945 in
830 3881 957 3964 kalazo,
974 3883 1030 3966 qui
1046 3888 1179 3949 vocatur
1195 3881 1349 3966 Oarleni;
1366 3893 1399 3951 et
1415 3893 1502 3953 recto
1601 3957 1603 3972 ,

374 3991 509 4054 tramite
534 3988 740 4072 procedendo
766 3989 800 4055 in
825 3995 923 4074 puteo
948 3997 1137 4074 nuncupato
1163 3987 1353 4076 Orihonioh,
1386 3999 1420 4060 et
1445 3995 1503 4062 snb
1601 3975 1603 4050 ἕ

377 4096 560 4166 Orihouich
576 4097 610 4163 in
625 4103 805 4164 torrentem
821 4119 884 4183 que
900 4095 993 4164 ducit
1007 4097 1052 4165 ad
1067 4099 1233 4183 quandam
1249 4099 1401 4170 arborem
1413 4123 1503 4169 roca
1601 4099 1603 4138 ³

376 4213 445 4272 tam
461 4203 591 4290 galbam
606 4207 641 4271 in
655 4211 773 4292 preto;
790 4206 877 4291 quod
893 4207 1024 4290 quidem
1050 4206 1225 4273 confinium
1250 4208 1319 4274 siue
1342 4217 1434 4276 meta
1458 4217 1504 4276 est
1601 4209 1603 4232 ¹

374 4313 460 4380 inter
475 4315 677 4382 territorium
693 4314 842 4382 Ecclesia
858 4313 974 4382 Sancti
988 4317 1079 4383 Luce
1095 4316 1135 4382 de
1152 4315 1272 4384 Oetina
1287 4317 1421 4403 etipsas
1436 4325 1504 4385 tres
1601 4323 1603 4338 ¹

374 4421 611 4508 possessionem
628 4423 759 4491 demum
774 4423 1012 4510 progrediendo
1027 4447 1048 4490 a
1064 4425 1154 4492 dicta
1170 4425 1270 4511 galba
1284 4425 1319 4491 in
1336 4428 1502 4512 quandam
1602 4515 1603 4528 ἦ

377 4531 531 4601 arborem
545 4532 640 4598 iuxta
655 4533 768 4599 uillam
783 4555 846 4618 que
861 4540 998 4601 vocatur
1013 4533 1188 4618 Margum
1204 4534 1330 4601 atinde
1345 4555 1405 4620 per
1421 4535 1505 4603 viam
1601 4531 1603 4590 ÷
