3110 5248
593 334 690 396 1348.
1136 339 1198 400 325
1285 367 1288 374 ·

14 495 20 594 l
85 511 191 574 tionem
207 509 384 575 discrimini
400 532 466 576 non
489 509 668 594 negligatis
691 509 1034 596 saltemintsmpore,
1051 513 1200 597 quiante

14 605 17 656 l
84 623 196 710 ternpus
211 639 274 682 non
290 617 361 684 sine
385 617 499 684 multis
523 619 643 684 vestris
674 621 863 704 nostrisque
879 620 1033 706 periculis
1048 621 1100 688 illi
1123 641 1198 686 con·

14 707 16 762 ἕ
83 715 176 790 solere
199 723 378 791 distulistis.
394 725 566 810 Exurgite‚
590 747 773 810 precamur,
793 733 827 793 et
843 729 932 814 agite
950 753 958 810 ;
973 750 1023 810 ne,
1040 729 1128 813 quod
1144 730 1200 796 ab·

14 871 17 926 ?·
82 833 127 912 sit,
148 854 345 900 communem
372 854 507 902 oausam
537 833 655 900 flnctus
681 836 843 919 inpreuise
869 837 1064 902 tentationis
1090 837 1201 906 absor-

81 939 173 1006 beant
199 941 239 1007 In
265 962 406 1025 quorum
432 941 558 1008 salubri
582 941 804 1010 moderamine
829 943 1008 1028 prudentes
1023 949 1125 1010 naute
1140 965 1199 1012 suo

14 1039 16 1140 f
79 1049 250 1116 insistentes
277 1051 461 1116 ministerio
487 1071 552 1117 non
576 1049 761 1118 dormitent.
777 1052 929 1137 Denique
946 1050 1066 1118 donum
1082 1057 1132 1118 est
1146 1073 1199 1119 nc·

79 1158 249 1240 manum,
275 1164 313 1224 nt
338 1179 506 1225 commune
533 1179 614 1243 opus
630 1159 866 1226 interveniente
887 1166 1050 1245 oportuna
1074 1161 1199 1228 cautic-

78 1285 113 1330 ne
135 1286 196 1331 non
219 1270 355 1350 pereat;
371 1287 476 1350 neque
500 1265 635 1333 velimus
651 1265 813 1352 compulsi
836 1269 943 1334 venire
959 1267 1002 1334 ad
1017 1267 1199 1334 remedium

77 1374 272 1458 penitudinis,
299 1375 430 1457 quando
450 1375 542 1442 nulla
556 1375 699 1461 prodeat
712 1377 877 1461 penitudo.
896 1375 987 1444 Data
1002 1377 1037 1444 in
1052 1375 1198 1444 Ciuitate

14 1507 16 1532 ·
77 1479 185 1550 Sancte
212 1483 320 1551 Maris
345 1484 406 1550 sub
431 1485 554 1552 annulo
585 1493 698 1556 nostro
721 1493 846 1554 secreto
863 1487 916 1554 die
931 1487 1038 1571 primo
1054 1484 1199 1554 Nouem·

14 1605 16 1650 ῐ
77 1586 137 1654 bris
154 1591 293 1656 secunde
309 1590 508 1658 indictionis.

14 1693 15 1700 '
686 1699 761 1767 Rex
778 1697 965 1767 Jerusalem
981 1706 1015 1768 et
1032 1697 1153 1767 Sicilie.

14 1887 16 1922 ὲ
172 1844 210 1906 (Δ
225 1843 344 1894 »codice
357 1843 402 1894 dei
416 1843 615 1908 Capitulis-bbl
637 1845 713 1897 xvl.
725 1846 782 1896 hut.
797 1846 837 1897 ct.
851 1845 900 1896 XI.
925 1846 988 1898 dist.
1005 1850 1038 1909 1.‚
1051 1860 1068 1896 a
1080 1845 1196 1896 floreuni

80 1931 219 1986 »Archirio
232 1933 303 1984 delle
315 1933 631 1999 Bitormsgionis-ban.)

553 2077 711 2086 ——---—

14 2413 15 2454 ³
32 2463 37 2476 .
76 2418 221 2485 Tomitci
237 2419 339 2506 LuJ‘oe
355 2421 387 2484 ts
402 2421 433 2485 I.
449 2418 606 2486 Jcbcccc
621 2419 750 2485 sicilici
765 2419 992 2510 kirdlycicclc
1007 2423 1194 2511 cdomricyc

14 2561 16 2584 ι
111 2521 136 2590 Ι.
152 2529 254 2614 Lcjos
268 2549 411 2615 mcqycr
426 2528 540 2614 kirrtlp
555 2527 684 2592 sicilici
699 2528 849 2594 bicciatis
857 2530 1036 2616 jaucibau.
1055 2533 1151 2598 1348.

14 2609 19 2704 l
165 2686 357 2754 Ludouieus
373 2691 406 2752 et
420 2683 447 2752 J
447 2684 578 2754 ohanna
592 2693 652 2753 etc.
667 2687 859 2756 Justitiario
875 2688 1010 2774 Aprutij
1033 2688 1117 2755 citra
1133 2688 1193 2755 flu-

14 2789 16 2890 l
71 2813 138 2859 men
152 2793 303 2861 Pisoarie
318 2795 408 2862 fideli
432 2815 490 2860 suo
517 2796 659 2878 gratiam
685 2817 776 2862 suam
793 2801 826 2861 et
841 2796 962 2864 bonam
986 2796 1196 2864 voluntatem.

71 2899 154 2970 Scire
178 2912 213 2971 te
238 2903 398 2987 volumus,
423 2903 512 2986 quod
537 2925 595 2970 nos
622 2903 831 2985 ostendentes
856 2911 953 2988 grata
969 2905 1146 2989 plurimum
1163 2911 1198 2972 ot

70 3018 197 3096 accepta
222 3011 359 3078 seruitia
383 3011 478 3095 Buoij
504 3011 660 3095 Magistri
686 3011 855 3096 Thomasij
883 3009 923 3077 de
943 3009 1074 3080 Ortona
1089 3011 1196 3078 fidelis

14 3153 16 3190 2
72 3121 178 3206 nostri,
195 3120 291 3187 nobis
307 3119 535 3204 multipliciter
550 3121 584 3185 in
610 3118 749 3186 diuersis
764 3118 1013 3186 necessitatibus
1028 3121 1196 3188 imminen-

14 3263 15 3296 ;
70 3225 149 3294 tibus
165 3228 322 3313 prestitis,
337 3227 511 3310 presertim
529 3232 676 3310 tempore
702 3227 863 3296 aduentus
879 3228 913 3292 iu
928 3229 1079 3311 Regnum
1094 3225 1196 3313 Regis

14 3317 15 3320 Ἴ
71 3333 212 3420 Vngarie
228 3336 350 3420 notorij
368 3334 473 3401 hostis
494 3335 610 3417 nostri,
635 3335 800 3400 neominus
816 3333 990 3419 dispendia
1006 3342 1039 3401 et
1054 3335 1196 3421 dampna

14 3497 16 3508 .
68 3463 178 3528 rernm,
201 3465 407 3531 personeque
432 3442 585 3528 pericula,
611 3464 673 3527 que
697 3443 804 3527 ipsum
830 3443 968 3529 subijsse
993 3445 1196 3529 percepimus

14 3556 17 3648 ἶ
68 3571 123 3634 pro
145 3553 221 3620 fidei
246 3557 361 3619 nostre
386 3553 563 3634 seruantia,
590 3552 673 3618 sicut
687 3551 878 3619 testimonia
893 3551 1060 3636 fidedigna
1075 3557 1195 3618 testan·
1263 3547 1267 3558 '

14 3735 16 3740 ¹
67 3663 135 3743 tur;
157 3663 191 3726 in
206 3661 382 3745 aliqualem
393 3659 690 3746 compensationem
700 3660 915 3744 dampnorum
926 3662 1080 3745 ipsorum,
1090 3659 1196 3726 eidem

69 3763 165 3836 Bucio
181 3792 220 3836 ac
236 3771 306 3835 eius
323 3767 498 3836 heredibus
523 3766 691 3851 utriusque
718 3787 812 3833 sexus
829 3789 870 3834 cx
887 3787 946 3835 suo
963 3788 1101 3852 corpore
1116 3766 1197 3852 legi·

14 3871 16 3924 ἓ
71 3873 143 3939 time
157 3875 438 3960 descendentibus,
454 3875 543 3943 natis
559 3882 592 3941 et
607 3876 742 3942 inantea
757 3875 939 3957 nascituris,
958 3875 1196 3960 imperpetuum

70 3979 151 4049 bona
174 3982 307 4050 stabilia
331 3983 570 4067 burgensatica‚
597 4003 660 4066 qne
685 3980 817 4048 fuerunt
841 3981 1007 4065 qnondam
1023 3979 1135 4065 Zuczij
1154 3981 1195 4048 do

74 4086 217 4176 Salacia,
243 4089 333 4158 Oicci
357 4090 398 4157 de
423 4071 518 4171 Orto,
543 4096 577 4155 et
593 4087 779 4174 Sirolemnij
796 4090 919 4157 domini
935 4087 1056 4173 Caroli,
1071 4109 1111 4154 ao
1127 4086 1196 4155 An·

16 4245 19 4252 .
72 4195 142 4262 dree
156 4200 195 4266 de
210 4200 389 4266 Francisco
405 4200 445 4266 de
462 4197 600 4280 Ortona,
626 4198 796 4264 rebellium
822 4205 854 4263 et
874 4197 1054 4264 infidelium
1070 4205 1196 4265 nostro·

14 4319 16 4326 ’
69 4323 144 4389 rum,
158 4307 389 4376 adherentium
414 4313 447 4374 et
473 4307 662 4391 sequacium
687 4305 828 4391 predicti
852 4305 955 4390 Regis
980 4305 1135 4389 vigans,
1159 4312 1196 4372 ut

14 4503 15 4506 Ἴ
75 4413 205 4498 ponitur,
222 4423 298 4482 ante
316 4423 350 4482 et
364 4421 440 4500 post
456 4413 634 4481 aduentum
646 4414 790 4480 eiusdem
807 4413 908 4497 Regis
923 4433 982 4498 per
999 4412 1195 4499 proditionis

73 4523 102 4582 et
116 4523 299 4592 rebellionis
314 4545 425 4591 eorum
440 4523 627 4590 huiusmodi
646 4527 760 4590 notam
776 4522 820 4588 ad
835 4543 950 4590 manus
966 4527 1076 4589 nostre
1094 4518 1196 4590 Ourie
