3110 5248
371 361 436 422 324
727 377 962 424 urruounczmr
978 367 1145 426 ructuas,

366 535 441 601 sidii
466 535 510 602 ad
534 537 645 602 hostes
669 535 704 601 in
727 534 879 620 Regnum
904 557 964 620 per
985 538 1062 604 illas
1077 546 1199 622 partes,
1214 561 1275 624 per
1292 561 1373 624 ques
1386 525 1479 606 verisi-

1545 401 1549 484 l

1542 489 1549 586 l

1546 599 1549 632 t

365 645 486 711 militer
509 645 618 730 potuit
641 651 674 710 et
688 651 799 729 posset
815 646 927 714 multis
950 646 1111 727 remediis,
1127 647 1249 730 peioris
1265 648 1477 714 hostinationis
1547 667 1549 732 j

366 752 453 839 (igy)
478 751 574 818 dictis
590 753 738 820 hostibus
755 751 926 837 prohibuit
945 753 1153 836 incentiuum,
1169 757 1204 820 in
1220 753 1421 822 obstaculum
1433 777 1480 823 no·
1547 745 1549 827 l

366 867 433 928 stre
452 861 685 945 persecutionis
710 862 827 944 votius,
852 866 886 926 et
919 862 1189 946 prorogationem
1214 864 1422 948 expeditionis
1442 857 1481 928 in-

365 975 465 1035 tente.
491 967 566 1052 Quo
596 973 770 1051 sequutum
795 972 876 1050 erat,
901 969 990 1052 quod
1004 969 1115 1036 hostes
1131 971 1195 1055 ipsi
1210 971 1363 1056 ridentes,
1377 973 1480 1042 auten
1547 951 1549 1014 Ῐ

365 1083 496 1145 nostros
511 1079 546 1143 in
562 1078 784 1143 assistentiam
803 1082 953 1143 nostram
968 1078 1130 1158 remissos,
1146 1085 1180 1144 et
1195 1078 1243 1144 eis
1259 1086 1368 1164 presto
1383 1079 1480 1146 adesse
1547 1117 1549 1176 ,

364 1184 511 1271 presidia
533 1207 600 1253 non
623 1185 699 1252 ullis
724 1184 900 1252 obstaculis
925 1185 1092 1269 impedita,
1107 1187 1215 1269 magis
1230 1187 1272 1252 de
1288 1189 1427 1270 ipsorum
1441 1187 1480 1251 in·

365 1293 508 1359 tentione
532 1293 709 1374 confidunt,
735 1313 798 1377 que
824 1291 972 1377 profecto
998 1290 1113 1358 exinde
1140 1314 1205 1360 non
1220 1293 1481 1360 inrationabiliter
1547 1279 1549 1316 ⁴

364 1400 439 1485 plus
463 1406 627 1468 causatur.
653 1398 909 1468 considerantes
929 1401 1068 1467 maxime
1083 1423 1143 1486 per
1158 1408 1322 1482 vestrum,
1337 1401 1421 1486 quod
1433 1402 1481 1466 im·

363 1529 500 1594 pensum
516 1507 630 1574 fuisset
648 1507 955 1594 velpmpenderetur
970 1508 1158 1594 presidium,
1174 1509 1274 1576 aliter
1288 1508 1420 1576 forsitan
1434 1511 1481 1576 sti-

364 1617 552 1701 pendiarios
576 1622 707 1682 nostros
730 1615 832 1682 luisse
857 1623 991 1682 conatos
1016 1618 1117 1684 etiam
1142 1624 1176 1683 et
1201 1619 1316 1684 conari
1339 1615 1476 1683 adfinem

365 1729 521 1807 optatum,
547 1744 644 1808 quem
659 1723 865 1790 dissimulare
889 1730 1068 1807 potuerunt
1095 1731 1129 1790 et
1152 1732 1288 1808 possent
1311 1723 1480 1790 huiusmodi

364 1831 445 1898 belli
468 1833 590 1913 nostri;
607 1839 656 1898 set
672 1832 789 1898 neceb
808 1832 957 1897 examine
982 1838 1069 1898 recte
1094 1832 1366 1898 considerationis
1389 1831 1480 1897 exclu-

364 1940 463 2020 ditur,
488 1937 576 2024 quod
601 1939 658 2005 ubi
682 1961 741 2006 nos
766 1941 945 2006 amicorum
970 1945 1158 2006 nostrornm
1183 1937 1323 2006 enforde
1341 1937 1473 2004 suffultos

363 2048 569 2133 inspicerent,
585 2047 707 2132 agendi
723 2047 813 2113 alind
829 2048 1008 2132 propitium
1024 2048 1092 2113 eins
1108 2047 1256 2114 fomitem
1271 2069 1338 2115 non
1361 2047 1477 2112 rideret.

364 2154 519 2240 Amplius
543 2157 703 2222 tamenin
721 2154 989 2220 meditationibus
1005 2155 1126 2220 nostris
1153 2157 1366 2238 concutimur,
1382 2160 1412 2219 et
1425 2152 1480 2218 for-

364 2264 430 2330 tius
446 2263 632 2330 mentaliter
648 2263 892 2347 perturbamur,
912 2261 1000 2346 qnod
1016 2261 1154 2346 interim,
1170 2261 1333 2345 pendente
1348 2264 1417 2346 ipsa
1431 2282 1479 2344 spe

364 2371 501 2438 subsidii
527 2377 559 2435 et
584 2369 816 2454 prohibitionis
841 2369 971 2434 exsortii
996 2369 1040 2434 ad
1064 2369 1175 2434 hostes
1199 2369 1340 2450 eosdem,
1356 2388 1414 2452 quo
1428 2369 1479 2432 nti·

364 2500 439 2546 nem
464 2478 652 2544 nullatenus
679 2476 920 2559 frustraremnr,
943 2477 1149 2561 nequiuimns
1173 2477 1338 2543 interdum
1359 2495 1477 2559 preren-

364 2587 487 2653 tionem
510 2591 652 2654 vestram
677 2585 721 2651 ad
746 2585 911 2652 cautelam
928 2587 1058 2669 mereri,
1074 2607 1171 2669 super
1187 2585 1333 2651 aduentu
1348 2583 1421 2649 dicti
1435 2605 1477 2649 ex-

364 2693 455 2762 fortii
470 2694 513 2762 ed
529 2694 640 2760 hostes
656 2694 787 2759 eosdem
802 2695 985 2775 nouissime,
1009 2695 1184 2778 presertim
1199 2714 1264 2777 qno
1282 2693 1323 2758 de
1338 2691 1477 2758 uomen-

365 2802 420 2868 dis
443 2823 501 2886 per
525 2799 781 2867 Romandiolam
807 2806 1023 2883 transeuntes,
1047 2802 1138 2868 milla
1161 2802 1322 2885 hastulae,
1336 2801 1477 2865 instantes

364 2910 430 2975 iam
445 2911 540 2995 qussi
556 2930 614 2995 pre
631 2906 764 2992 foribus,
780 2908 866 2975 sicut
879 2908 987 2974 fertur
1002 2909 1272 2995 aduenturaspro
1288 2907 1419 2992 Vngaro
1432 2926 1477 2971 no-

363 3021 452 3086 torio
473 3019 566 3088 hoste
590 3026 713 3101 nostro,
738 3019 773 3084 in
798 3019 954 3084 auxilium
970 3020 1118 3104 gentium
1143 3041 1277 3085 suarum
1293 3019 1328 3084 in
1343 3017 1477 3100 Regnum

364 3127 515 3212 fideligne
540 3129 634 3195 nobis
659 3127 830 3212 inscriptio
855 3127 1017 3213 patefecit.
1043 3127 1233 3208 Actendite,
1257 3145 1433 3212 quesumus,
1455 3123 1478 3186 si

364 3237 445 3304 dicti
470 3237 600 3321 Vngari
625 3237 747 3302 notorii
762 3237 867 3303 hostis
891 3237 996 3303 nostri
1022 3242 1181 3322 concepta
1205 3237 1360 3320 nequitia,
1376 3237 1477 3309 vostre,

364 3347 451 3412 sicut
475 3345 645 3425 credimur,
672 3346 868 3411 conscientie
893 3366 959 3410 non
982 3346 1109 3429 ignara,
1135 3343 1286 3411 debuerit
1308 3343 1360 3409 vel
1374 3339 1475 3406 debeat

364 3457 470 3519 vestre
494 3451 668 3536 prudentio
693 3451 812 3535 studia,
829 3451 914 3517 siout
936 3453 1104 3532 hactenus,
1120 3453 1358 3533 circumspecta
1373 3445 1414 3513 ad
1427 3443 1473 3510 liu·

364 3558 514 3645 gendum,
539 3565 576 3625 ut
599 3561 649 3624 ita
672 3559 853 3642 loquamur,
879 3579 964 3624 nunc
990 3557 1151 3624 seducere.
1176 3556 1241 3624 Oui
1263 3560 1342 3641 post
1356 3553 1477 3620 insulas·

364 3669 507 3735 centiam
531 3666 674 3733 vnlneris
698 3667 851 3750 nequiret
875 3664 1016 3732 faciliter
1045 3665 1174 3732 medela
1198 3669 1387 3748 competens
1400 3657 1478 3726 torsi·

363 3783 433 3843 tam
449 3797 481 3843 se
498 3774 634 3856 offerre3
659 3797 721 3841 neo
744 3796 881 3858 pensare
905 3795 1083 3859 possumus,
1110 3772 1200 3858 quod
1224 3774 1336 3840 valeat
1358 3767 1477 3838 alicuius

363 3882 482 3950 fiducie
498 3905 572 3969 spes
588 3883 754 3967 perdendi,
771 3882 825 3947 vbi
841 3903 906 3950 non
920 3880 1076 3948 remansit
1098 3880 1397 3966 experimentaliter
1410 3873 1477 3961 qnid

364 3993 527 4077 sperandi.
553 3992 599 4058 Et
622 3997 756 4076 propter
780 3991 843 4058 hoo
865 3990 953 4058 idem
979 3989 1136 4073 Vngarus
1162 3988 1228 4055 illis
1253 3984 1478 4055 necessitudine
1532 4054 1536 4062 ‚

364 4100 518 4184 iungitur,
552 4100 609 4184 qui
643 4099 767 4165 debent
793 4120 814 4166 a
838 4099 933 4165 nobis
957 4105 990 4164 et
1014 4098 1105 4164 vobis
1131 4099 1219 4164 omni
1246 4095 1475 4164 conversatione

364 4207 516 4292 disiungi,
541 4229 676 4294 quorum
703 4206 836 4274 sinistra
860 4207 925 4272 iam
948 4205 1145 4290 quibusdam
1160 4206 1284 4290 preuiis
1301 4205 1394 4272 certis
1409 4197 1476 4266 indi-

364 4316 424 4401 cijs
449 4315 639 4399 preuidetur
663 4315 811 4395 intentis,
835 4315 879 4380 ad
903 4315 1080 4383 communis
1096 4315 1228 4382 honoris
1244 4322 1279 4382 et
1301 4320 1402 4381 status
1415 4303 1476 4374 sub·

364 4424 556 4506 uersionem,
582 4424 669 4507 quod
698 4423 790 4492 Deus
822 4425 987 4505 aduertat,
1012 4423 1229 4490 omnimodam
1247 4422 1405 4489 festinare
1419 4415 1474 4485 Vos

364 4532 466 4618 igitur
490 4537 639 4598 orta-mur
665 4533 796 4617 amicos,
820 4537 859 4597 ut
881 4533 1066 4616 expositam
1083 4533 1260 4597 communis
1276 4552 1371 4597 cause
1385 4522 1475 4594 condi·

1546 1187 1549 1238 l

1547 1341 1549 1396 l
