3108 5246
371 383 436 448 396
729 379 1148 462 nnnomcsmaunisnr.

365 567 508 630 vestram
532 565 566 628 et
589 561 712 647 augeri,
728 563 756 628 si
773 561 918 648 expediti
934 558 1018 648 (igy)
1034 559 1184 628 similiter
1200 559 1407 646 postulantes
1419 560 1472 628 Da·

365 675 435 736 tum
451 669 625 738 Floreneie
640 670 693 737 die
709 667 829 736 XXX.
846 667 1050 756 Septembris
1066 667 1153 736 IIII.
1168 668 1358 737 indictionis
1372 669 1473 758 (belre-

366 777 486 845 sebben
503 776 570 844 HL
586 776 772 844 indictionis
788 779 902 863 ragyis
921 776 1034 861 1350.)

365 921 440 988 (0ch
453 925 487 980 X·
501 922 622 994 signori.
635 922 791 994 casteggio.
814 924 935 978 Minius.
958 924 1109 992 Registri.;
1128 939 1146 975 a
1157 923 1290 976 sorarai
1302 923 1475 990 revelantes.)

848 1067 1008 1080 *-

896 1233 969 1296 323.

365 1391 395 1458 Ι.
408 1391 508 1479 Lnjoa
524 1415 665 1480 meyyar
675 1393 788 1480 kiruily
804 1392 958 1480 eereqe'uel
976 1395 1188 1460 concurses
1205 1391 1389 1472 Siciliabo'l,
1403 1417 1422 1458 a
1437 1415 1475 1456 ce·

365 1500 483 1566 lanera·
516 1501 667 1568 tertileten
692 1525 714 1566 a
740 1501 952 1588 kinds-raray
977 1502 1098 1568 kivetei
1122 1501 1207 1568 eliel
1232 1501 1477 1588 meutiaztcltetib

904 1609 1000 1676 1350.

472 1765 572 1834 Anno
597 1765 763 1836 Macen.
788 1770 842 1836 die
866 1769 913 1837 X.
938 1767 1101 1836 Octubrie.
1129 1769 1293 1852 Capta:
1310 1765 1413 1852 Quum
1427 1787 1477 1850 per

365 1895 414 1958 ea,
439 1894 503 1957 que
529 1871 702 1958 habentur,
718 1876 868 1943 dominus
884 1877 957 1943 Rex
973 1876 1147 1962 Hungarie
1164 1882 1214 1942 est
1230 1875 1362 1942 biturns
1377 1877 1407 1941 in
1423 1872 1477 1940 Ve-

364 2003 458 2064 rona,
482 1989 515 2048 et
537 1983 622 2068 inde,
647 1989 685 2049 ut
709 1984 862 2066 creditur,
885 1983 989 2051 iturus
1005 1985 1040 2050 in
1055 1984 1206 2070 Regnum
1222 2004 1318 2050 suuni
1333 2005 1390 2067 per
1405 1983 1477 2046 riam

366 2091 552 2172 Tenesne,
577 2097 611 2158 et
634 2092 739 2159 boner
764 2100 874 2159 nester
901 2093 953 2172 sit,
977 2094 1084 2178 ipsum
1098 2090 1281 2172 bonorare3
1297 2091 1386 2157 radit
1399 2109 1476 2174 pars,

365 2196 454 2279 quud
477 2197 643 2282 eligantur
668 2197 722 2268 VI
747 2197 990 2268 Ambaxateres
1014 2197 1059 2266 ad
1073 2199 1302 2266 honorandum
1318 2203 1352 2264 et
1367 2197 1474 2263 sociu-

364 2302 442 2370 dum
466 2303 588 2372 dictum
614 2305 780 2373 dominum
805 2306 930 2390 Regem
956 2327 1029 2374 cnm
1052 2306 1112 2372 illa
1127 2307 1353 2374 commissione
1369 2305 1406 2370 de
1419 2325 1475 2368 rer-

363 2409 415 2480 bis
439 2410 601 2480 benevolis
626 2420 660 2479 et
683 2413 890 2498 amabilibus,
914 2436 979 2499 que
993 2413 1144 2497 Domino,
1160 2413 1374 2498 Consumtis,
1390 2411 1474 2495 Capi·

364 2518 452 2590 tibus
467 2526 501 2586 et
515 2517 735 2607 sapientibus,
758 2522 809 2590 vel
824 2523 942 2589 maiori
965 2523 1055 2610 parti
1070 2520 1285 2601 videbuntur3
1302 2527 1335 2586 et
1349 2519 1477 2586 babeant

364 2632 505 2712 quatuor
522 2629 696 2696 domicelos
705 2652 765 2715 pro
776 2629 931 2714 quolibet,
945 2651 1046 2697 mum
1061 2628 1246 2713 Notarium,
1261 2649 1360 2696 unum
1375 2647 1476 2712 expen-
1551 2625 1553 2698 ἶ

364 2742 505 2802 saturem
520 2741 553 2802 et
567 2758 667 2804 unum
676 2737 847 2822 choquum.

1551 2719 1553 2754 l

1551 2773 1553 2818 l

471 2842 579 2912 Electi
601 2841 863 2912 Ambaxatores:
888 2866 941 2912 ser
964 2844 1136 2912 Juhannes
1151 2842 1325 2930 Delybynu
1341 2862 1475 2929 procura
1551 2831 1553 2856 ¹

363 2958 426 3031 tor,
451 2970 504 3017 ser
529 2949 716 3037 Stephanus
741 2953 905 3032 Marione,
929 2973 982 3019 ser
996 2952 1155 3018 Nicolaus
1171 2951 1324 3034 Venerin,
1339 2973 1390 3018 ser
1404 2949 1475 3016 Her·

362 3058 488 3124 molens
513 3054 710 3145 (trudonisc,
735 3080 788 3125 ser
812 3059 964 3126 Marinus
990 3057 1196 3144 superantia
1221 3077 1274 3125 ser
1291 3057 1471 3125 Pancratice

363 3163 517 3252 Georgia.

369 3309 375 3318 ·
470 3273 534 3341 Die
558 3276 728 3341 undecimo
745 3274 907 3342 Octubris.
924 3274 1085 3361 Capta:
1110 3273 1195 3343 Cum
1210 3276 1244 3340 in
1260 3276 1326 3342 alic
1342 3275 1475 3354 transitu,

365 3401 461 3464 quem
486 3379 563 3447 fecit
579 3383 652 3448 Rex
668 3381 840 3468 Hungarie
865 3404 924 3468 per
948 3389 1083 3464 terram,
1107 3381 1211 3450 suerit
1233 3403 1416 3451 cencessum
1430 3401 1474 3446 nc

363 3488 441 3552 stris
465 3485 744 3560 Ambaxatoribus
769 3490 876 3556 missis
901 3489 943 3557 ad
970 3512 1052 3575 eum,
1077 3489 1165 3573 quod
1191 3491 1220 3556 si
1244 3490 1344 3557 vellet
1365 3491 1474 3555 intrare

364 3595 509 3680 aliquam
533 3595 710 3664 Civitatem
734 3597 785 3664 rel
811 3595 933 3666 Castra
955 3605 1078 3679 nostra,
1094 3595 1255 3665 haberent
1271 3597 1352 3665 dicti
1367 3596 1474 3664 Anba·

363 3709 494 3770 satores
519 3703 707 3771 libertatem
732 3707 943 3790 permittendi
970 3728 1044 3774 eum
1067 3707 1195 3773 intrare
1219 3729 1292 3772 cnm
1311 3706 1370 3772 illa
1384 3710 1473 3790 gente,

363 3832 425 3895 qne
450 3812 512 3877 sibi
536 3811 702 3879 rideretur
727 3833 798 3879 cnm
825 3815 998 3882 securitate
1021 3800 1165 3881 lucorum
1180 3821 1383 3895 nostrerum
1398 3811 1472 3876 radit

363 3940 451 4002 pars,
477 3919 564 4004 quod
589 3921 815 3987 committatur
839 3921 1122 3990 Ambaxatoribus
1148 3923 1271 3989 nestris
1296 3944 1379 3989 nunc
1394 3921 1473 3988 ituris

364 4027 406 4092 ad
431 4048 514 4110 eum,
539 4028 636 4112 quod,
662 4029 688 4094 si
713 4027 819 4096 dictus
843 4028 917 4097 Rex
941 4028 1082 4096 vuluerit
1097 4033 1221 4096 intrare
1238 4029 1271 4096 in
1287 4029 1426 4114 aliquam
1439 4027 1473 4092 ci·

363 4134 498 4201 ritatem
513 4137 563 4202 rel
579 4136 684 4204 locum
700 4143 858 4219 nostrum,
874 4159 983 4204 sumus
1000 4139 1153 4221 contenti,
1168 4140 1314 4205 intrante
1330 4139 1399 4223 ipsu
1413 4157 1470 4202 cun

363 4241 422 4308 illa
447 4245 632 4328 quantitate
656 4245 770 4330 gentis,
786 4266 849 4330 que
865 4245 1026 4311 ridebitur
1042 4244 1239 4312 Rectcribus
1254 4244 1405 4329 locorum,
1420 4259 1470 4327 quo

364 4348 488 4414 intrare
515 4350 663 4435 voluerit,
678 4373 740 4437 pro
756 4353 931 4420 securitate
946 4351 1086 4420 illorum.
1112 4353 1159 4420 nt
1175 4353 1222 4420 sic
1238 4353 1399 4420 scribatur
1419 4349 1470 4417 dic-

363 4455 406 4522 tis
422 4452 629 4522 Rectcribua

470 4561 555 4636 Ibem
572 4565 794 4634 consuuntur
810 4567 906 4635 dictis
923 4563 1210 4648 Ambaxatcribus,
1227 4567 1314 4664 (ruod
1331 4561 1468 4634 cucciac-
