3166 5256
754 355 989 400 nmnonaszmr
1005 343 1180 410 surrbsnu,

959 661 1011 721 63.

415 838 443 902 Ι.
462 837 562 924 Lujcs
578 858 720 923 mappae·
736 837 851 923 kirdly
866 836 970 902 Jcnor
985 837 1055 900 ereb
1070 835 1252 922 kirczylyal
1269 838 1301 900 cs
1321 835 1452 922 Kdroly
1469 857 1544 900 mor-

413 945 477 1010 cui
506 943 668 1030 lrproffal
700 945 917 1010 Borcazlobcrr
947 945 1123 1041 beezejiiuc'u
1155 945 1187 1007 es
1217 946 1400 1029 rzcvetscqet
1426 945 1544 1024 Ιιόιυέη,

605 1075 626 1114 a
644 1051 788 1115 litvuick
804 1049 885 1114 elien
901 1050 1091 1133 conjurator
1107 1050 1263 1114 iutczuek.
1281 1049 1380 1114 1345.

522 1227 619 1293 Anno
634 1227 770 1293 Domini
784 1226 1021 1295 MOOOXLV.
1036 1213 1124 1292 feris
1136 1231 1229 1292 sexte
1239 1231 1315 1292 ante
1324 1225 1544 1293 Reminiscerc

416 1335 574 1402 Consules
590 1336 751 1401 racionati
767 1341 842 1400 sunt
859 1355 891 1400 se
908 1335 1093 1420 precepisse
1107 1334 1170 1404 stb.

473 1497 476 1502 .
522 1440 596 1509 Hec
612 1449 689 1508 sunt
703 1442 880 1509 distributa
905 1449 1127 1527 perceptorum
1143 1469 1150 1509 :
1166 1441 1277 1508 Primo
1295 1463 1355 1528 pro
1372 1442 1542 1508 honoribus

415 1551 545 1634 Regum
559 1549 726 1631 Bohemic,
751 1547 909 1634 Vngarie,
934 1549 1145 1631 Merchionis,
1170 1549 1409 1634 Episcoporum
1424 1547 1542 1618 Vrstis-

415 1659 568 1726 lariensis
587 1664 621 1723 et
644 1658 831 1741 Misneusis,
855 1657 1052 1741 Principum,
1076 1655 1247 1722 Nobilium
1272 1657 1544 1738 advenarum;in

414 1767 496 1848 vino,
513 1787 604 1850 pane,
619 1765 749 1849 pabulo,
774 1773 925 1848 prompta
948 1766 1086 1849 pecunie
1104 1773 1138 1830 ct
1162 1765 1272 1830 aureis
1290 1770 1423 1830 centum
1440 1769 1541 1829 octus·

414 1874 506 1955 ginta
523 1873 586 1938 due
604 1893 710 1938 marce
726 1879 759 1938 et
775 1878 794 1938 3
811 1872 901 1938 scoti.

523 2053 668 2112 (Henricns
682 2053 792 2116 Pauper
804 2051 935 2102 Borcszlb
948 2049 1031 2102 viros
1052 2048 1291 2113 rzcmtsrtsjtnak
1314 2049 1539 2100 lass-lsssr'ki

414 2141 590 2193 namurcen
612 2141 801 2206 kbnyveib613
820 2142 990 2206 Griinhagen
1015 2139 1198 2202 Kolmttrnal,
1222 2139 1314 2190 Codex
1340 2139 1537 2203 Diplomsticna

414 2232 526 2282 silesiae
539 2233 590 2282 III.
605 2232 663 2281 kbr.
677 2231 810 2281 Boroszlo
826 2235 903 2281 1860.
919 2236 960 2280 70.
974 2231 992 2279 l.
1009 2257 1040 2265 —
1056 2232 1088 2280 V.
1102 2232 1128 2278 ὃ.
1151 2229 1287 2279 Boehmer
1310 2230 1399 2279 Jsuos
1422 2229 1537 2293 Prigysu

413 2321 533 2385 Regeste
545 2321 659 2383 Imperii
675 2321 859 2370 1314-1347.
879 2319 1232 2368 Fraukfurt1839.211.l.
1257 2317 1400 2380 Pnlnczky
1418 2318 1538 2380 serena,

413 2411 577 2460 Gescbichte
590 2425 645 2460 von
658 2410 785 2460 Bohmen
797 2410 833 2458 Π.
847 2409 906 2458 ker.
920 2414 944 2461 2.
958 2423 981 2458 r.
1001 2409 1092 2473 Praga
1107 2413 1183 2458 1842.
1208 2412 1267 2458 258.
1287 2407 1337 2471 1.;·
1350 2406 1422 2456 Csro
1446 2405 1538 2456 sarab,

414 2500 577 2550 Geechiohta
589 2500 688 2549 Polans
702 2500 738 2549 Π.
752 2500 810 2548 libb.
824 2499 917 2549 Gotho
933 2504 1009 2549 1863.
1023 2502 1084 2551 264.
1094 2498 1124 2559 l.)

901 2692 1057 2707 ——nf'n-u

951 2965 1003 3026 64.

424 3142 474 3207 VJ.
491 3143 642 3208 Kelemerr
655 3148 747 3230 popa
774 3145 824 3206 De
851 3141 1044 3206 Carceribus
1069 3141 1252 3208 Gulbardot
1276 3143 1454 3229 ueszprimi
1465 3154 1538 3228 pite·

716 3251 843 3337 pb'lcuek
861 3250 1123 3337 opilatboztalja.
1144 3251 1238 3315 1345.

522 3427 671 3494 Clemens
687 3427 869 3513 Episcopus
885 3435 946 3494 etc.
962 3427 1139 3494 venerabili
1165 3427 1263 3494 fratri
1281 3425 1451 3495 Galbarbo
1466 3427 1538 3510 Epi·

414 3556 510 3619 scopo
525 3534 761 3620 Vesprimiensi
792 3536 931 3601 salutem
964 3545 1024 3602 etc.
1057 3533 1173 3619 Nuper
1205 3537 1232 3600 si
1263 3537 1394 3622 quidem
1409 3543 1536 3602 recente

414 3641 654 3727 Vesprimiensi
670 3643 820 3709 Ecclesia
835 3665 896 3728 pro
912 3665 960 3729 eo,
983 3644 1071 3726 quod
1087 3665 1146 3708 nos
1176 3644 1393 3710 venerabilem
1409 3643 1536 3709 tratrem

414 3759 559 3817 nostrum
577 3749 778 3835 Stephanum
795 3749 1088 3836 Arcbiepiscopum
1105 3749 1322 3831 Colocensem,
1334 3759 1402 3818 tum
1414 3749 1537 3834 Vespri-

413 3860 568 3926 miensem
584 3861 791 3944 Episcopum,
807 3861 886 3926 licet
902 3861 1080 3942 absentem,
1097 3883 1117 3926 a
1137 3860 1272 3944 vinculo,
1290 3880 1354 3944 quo
1370 3857 1537 3926 tenebatur

413 3968 516 4034 eidem
532 3969 678 4035 Ecclesie
705 3968 960 4052 vesprimiensi,
990 3969 1042 4034 cui
1076 3975 1152 4036 tunc
1177 3974 1316 4053 preerat,
1341 3968 1381 4032 de
1407 3967 1536 4034 fratrum

412 4084 595 4142 nostrorum
611 4077 745 4143 consilio
762 4082 795 4140 et
812 4076 1001 4161 Apostolioe
1017 4077 1188 4161 potestatis
1220 4075 1426 4161 plenitudine
1441 4075 1537 4144 absol·

414 4189 532 4269 ventes,
549 4184 655 4266 ipsum
670 4184 713 4249 sd
730 4182 941 4250 Colocensem
957 4183 1140 4250 Ecclesiam
1166 4189 1244 4250 tunc
1269 4194 1440 4253 vacentem
1456 4183 1537 4251 duri-

415 4311 485 4356 mus
501 4290 770 4375 transferendum,
787 4291 985 4376 preficiendo
1010 4314 1083 4358 eum
1109 4293 1195 4360 dicte
1210 4293 1384 4361 Colocensi
1400 4291 1536 4361 Ecclesis

412 4397 446 4462 in
462 4393 752 4484 Arcbiepiscopum
769 4409 800 4466 et
817 4409 1000 4483 pastorem:
1026 4400 1096 4467 Nos
1122 4403 1269 4468 volentes
1286 4402 1391 4469 eidem
1409 4401 1536 4486 Vespri·
