3166 5256
559 375 566 380 ·
614 344 707 408 1345.
1176 345 1218 408 95

1 568 3 607 ς
95 520 259 586 missorum
285 520 375 587 dicte
398 527 512 606 partes
537 528 570 587 et
594 521 739 605 quelibet
754 521 899 605 ipsarum
913 542 953 586 ex
969 525 1059 586 certe
1077 521 1219 588 sciencia

96 647 161 694 esse
175 629 349 695 uoluerunt
368 629 516 694 totaliter
534 629 736 712 derogatum.
1173 638 1177 646 '

191 732 245 820 (Ρ.
262 733 327 822 Η.)
358 735 433 820 Ego
465 734 599 802 Murcus
614 735 718 818 Bono,
744 735 831 802 filius
848 736 970 802 domini
994 735 1221 802 Bartholomei

0 931 1 934 Ἴ
17 859 43 921 J
91 843 184 924 Bono,
200 844 375 929 Imperinli
399 845 598 912 auctoritate
614 843 773 912 Notarius
791 851 825 911 et
840 845 989 912 Duostus
1007 843 1221 912 Venetiarum

1 1031 2 1049 χ
91 946 207 1035 Scribe,
223 951 289 1019 hiis
307 952 458 1021 omnibns
474 952 616 1036 intertui,
632 960 666 1020 et
682 960 816 1036 rogatus
836 953 963 1037 scripsi.

1 1180 2 1192 γ
188 1115 223 1177 (Α
238 1115 342 1180 »Cepis
355 1116 390 1165 de
403 1115 642 1166 Commemorisli‹
657 1117 746 1167 czimss
768 1117 906 1168 velenozei
928 1115 1155 1180 tllnmkonyvbttl
1169 1116 1217 1167 lv.

1 1200 2 1205 ’
91 1203 141 1258 ket,
154 1205 176 1255 Ι.
188 1219 211 1254 r.
227 1207 289 1256 rte.
310 1205 353 1255 sk.
368 1207 410 1266 11.)

573 1421 733 1435 ...ι-ιι..-

626 1747 678 1807 87.

1 1857 2 1936 i
87 1901 281 1969 Acelenczes'
298 1904 577 1990 komsdnytandce
600 1905 772 1970 Marinum
788 1903 1066 1992 Gytirpynekfidt,
1082 1909 1118 1973 ei
1133 1909 1216 1973 mint

250 2013 380 2097 jddrai
396 2012 574 2098 etfopatott,
589 2013 755 2078 szaoaddo
775 2013 926 2097 cocedtja.
945 2015 1040 2078 1345.

184 2171 288 2238 Anno
306 2168 548 2240 Mccoxnv.
573 2171 749 2238 indictione
774 2169 901 2237 XIHI.
926 2169 1052 2240 XIIII.
1070 2171 1217 2258 Septem·

84 2279 155 2344 bris.
185 2274 355 2362 Capta:
381 2276 478 2362 Quod
502 2277 653 2343 Marinus
679 2277 763 2344 filins
792 2273 927 2361 Georgii
953 2278 994 2342 de
1019 2278 1135 2360 Jeme,
1160 2283 1217 2363 qui

84 2384 155 2452 licet
185 2384 294 2452 fuerit
324 2387 460 2452 natione
486 2392 520 2450 et
544 2385 669 2468 origine
694 2385 902 2464 Jadratinus,
932 2391 1042 2450 tamen
1058 2407 1078 2450 u
1094 2393 1217 2470 septem

83 2492 171 2558 annis
187 2495 277 2559 citra
293 2492 456 2560 habitavit
470 2493 505 2558 in
520 2491 626 2576 Nous,
642 2501 676 2559 et
690 2493 738 2559 ibi
753 2491 853 2559 habet
867 2492 952 2558 filios
968 2501 1000 2558 et
1016 2514 1155 2560 uxorum
1172 2494 1212 2560 de

81 2597 183 2684 Nona,
198 2623 277 2666 cum
293 2601 334 2666 de
350 2603 422 2684 ipso
437 2607 506 2666 tam
530 2623 589 2684 per
612 2607 762 2666 nostrum
787 2600 1003 2684 Capitoneum
1020 2597 1216 2667 Generalem

82 2707 119 2772 de
133 2715 234 2792 terre,
251 2728 354 2791 quam
368 2729 429 2791 per
455 2714 602 2774 nostrum
627 2707 788 2775 Comitem
812 2707 908 2774 None
934 2707 1054 2773 bonum
1070 2709 1214 2776 testimo-

83 2816 166 2880 nium
199 2815 392 2902 prebeatur,
417 2815 602 2882 dimittatur
627 2815 661 2881 in
686 2838 745 2884 sua
768 2815 929 2900 libertate,
945 2816 994 2881 its
1009 2816 1097 2900 quod
1113 2818 1216 2900 possit

83 2923 136 3005 ire,
151 2926 281 2990 morari
297 2929 331 2988 et
346 2930 445 3006 stare,
462 2924 518 2990 ubi
537 2930 570 2990 et
585 2925 669 2989 sieut
685 2923 748 2989 sibi
763 2923 932 3007 placuerit.

187 3028 357 3115 Capta:
384 3028 479 3114 Quod
504 3030 674 3115 Dominus,
700 3029 888 3097 Consilisrii
904 3037 938 3096 et
955 3028 1074 3113 Ospita
1090 3029 1130 3095 de
1146 3029 1214 3096 XL

84 3157 138 3220 per
154 3138 315 3204 maiorem
333 3145 461 3222 partem
476 3159 588 3205 eorum
605 3139 732 3222 possint
747 3137 787 3203 de
812 3138 882 3203 istis
900 3135 1118 3203 Jadrensibus
1133 3138 1215 3219 illos,

84 3247 135 3330 qni
151 3253 265 3314 essent
279 3245 410 3329 infirmi,
425 3247 473 3313 ite
489 3247 577 3332 quod
594 3247 634 3312 tle
651 3267 761 3312 eornm
776 3244 966 3310 infirmitate
982 3250 1147 3310 constaret
1156 3267 1215 3330 per
1276 3323 1282 3342 ἱ

86 3355 238 3436 medicos,
254 3353 364 3421 faeere
381 3376 436 3420 eos
452 3357 649 3421 commutari
673 3355 708 3420 in
733 3375 905 3435 carcerem,
922 3354 956 3417 in
973 3353 1060 3435 quod
1076 3353 1138 3418 tuit
1155 3354 1211 3418 do·

85 3463 187 3527 minus
204 3460 377 3546 Albertus,
402 3483 463 3546 pro
480 3463 593 3544 aliqua
620 3460 823 3542 clerintione,
839 3481 1007 3545 quousque
1024 3466 1120 3525 erunt
1134 3459 1214 3525 libe-

85 3571 155 3652 rati,
171 3574 209 3634 et
225 3567 407 3652 priusmodi
423 3567 621 3634 reducantur
646 3568 689 3632 ad
705 3569 812 3634 locum
826 3588 936 3650 suum;
954 3574 986 3633 et
1002 3566 1030 3632 si
1046 3566 1211 3633 ridebitur

84 3677 251 3760 predictis,
276 3681 414 3760 possunt
439 3674 598 3760 deputare
624 3675 664 3742 de
689 3676 763 3742 eliis
787 3675 999 3760 popularibus
1025 3674 1215 3756 carceratis,

84 3786 137 3868 qui
152 3784 308 3850 habitent
324 3790 357 3848 et
382 3783 525 3850 habeant
548 3785 582 3848 in
606 3785 678 3868 ipso
704 3805 836 3851 carcere
851 3804 965 3850 curem
980 3782 1019 3848 de
1036 3783 1091 3868 eis,
1106 3783 1157 3849 vel
1173 3782 1213 3847 de

1 3925 2 3933 κ
83 3893 153 3958 eliis
169 3892 328 3977 personis,
342 3893 428 3960 sieut
443 3890 614 3959 videbitur.

190 4055 230 4116 <A
244 4056 371 4107 »Secreta
384 4055 500 4106 consilii
513 4057 701 4120 nogentorum«
715 4057 771 4108 hit.
785 4056 818 4106 A.
833 4057 887 4105 vol.
912 4056 945 4116 l.)
