3108 5246
494 392 496 400 ¹
530 391 533 396 -
565 339 658 418 rato.
952 325 959 340 “
1113 343 1176 416 sse

60 517 87 594 in
108 522 196 598 mari'
210 549 268 613 per
295 528 426 612 navigia
450 527 684 595 tausirmancia
708 526 795 594 facte
819 529 949 599 fuerant
968 550 1027 616 per
1057 536 1173 616 gentes

57 634 167 700 domini
190 633 295 720 Regis
311 637 484 720 Hungarie
501 638 621 703 nostris
635 634 787 706 fidelibus
804 641 919 710 cultra
935 635 1072 704 formam
1088 644 1175 704 treu-

7 751 17 758 “
59 761 183 823 gnarum
198 742 309 826 alique
324 745 495 826 ueritates,
505 744 618 809 mirati
632 742 871 828 quodammode
882 745 1022 810 maxime
1031 767 1091 829 pro
1101 746 1174 830 hiis,

58 867 112 929 qne
134 848 198 916 late
214 851 411 934 promiserat
425 850 533 934 Regia
549 848 719 917 Celsitudo
734 869 831 937 super
848 852 1071 919 observatione
1087 861 1174 919 treu-

59 977 200 1040 gmmm,
233 959 435 1041 prendimus
468 959 537 1026 iam
560 967 636 1025 ante
661 960 879 1044 receptionem
911 961 1098 1027 litterarum
1125 981 1175 1024 ve-

55 1068 182 1132 strarum
198 1066 242 1132 ad
258 1069 366 1150 ipsum
394 1065 618 1138 transmittere
642 1073 790 1134 nostrum
806 1067 969 1138 Nuncium
987 1065 1177 1152 Specialem,

56 1171 289 1240 notificaturum
315 1173 463 1246 amicales
473 1177 478 1242 ζ
494 1194 541 1256 er,
566 1197 628 1258 qne
653 1175 743 1241 facta
767 1184 925 1244 araneaet
941 1176 1176 1258 requisiturum

54 1279 308 1349 reformacionem
325 1299 444 1356 eorunn
453 1287 489 1349 et
504 1281 761 1349 satisfactionem
778 1284 979 1367 damtornm,
994 1283 1035 1350 de
1051 1283 1169 1369 quibus

53 1407 140 1471 snpra
161 1389 286 1456 mentio
311 1388 400 1456 facta
417 1397 476 1456 est.
494 1389 638 1476 Propter·
662 1392 758 1474 quod,
774 1399 805 1456 et
821 1391 898 1475 qiua
915 1395 1017 1456 eciam
1034 1393 1169 1457 extima-

9 1487 13 1498 '
54 1517 125 1576 mus,
139 1496 227 1581 quod
243 1497 290 1564 sit
305 1498 411 1564 honor
436 1503 593 1564 restaret
609 1519 694 1578 sarus,
711 1499 800 1584 quod
814 1507 882 1564 tam
899 1497 1081 1564 satisfactio
1097 1517 1170 1582 pre-

55 1600 133 1670 dicta
156 1627 254 1688 qnam
281 1606 471 1676 reformatio
497 1605 724 1691 aliorumque
741 1612 1041 1690 contratreuguam
1061 1604 1168 1673 forent

53 1712 288 1793 quomodolibet
304 1719 477 1797 attentata,
493 1719 601 1781 arneto
626 1713 795 1780 ulterioris
811 1712 979 1780 dilationis
996 1709 1173 1792 obstaculo,

5 1841 6 1844 ¹
51 1815 290 1903 subsequantur;
302 1819 538 1892 Celsitudinem
548 1820 703 1888 Vestram
714 1841 865 1904 rogamus
880 1821 1045 1902 amentius,
1061 1824 1174 1903 quate·

51 1944 103 1990 nus
117 1917 448 2023 attendentcshquod
472 1927 585 1994 fideles
610 1928 723 2008 nostri,
749 1931 804 2013 qui
833 1927 953 1994 damna
969 1926 1175 2011 pertulerrmt

52 2031 248 2119 predictam
265 2035 469 2102 desolatione
496 2041 583 2119 sunt,
598 2043 631 2102 et
645 2036 750 2102 multa
766 2056 827 2120 pro
845 2037 889 2101 eis
904 2034 1036 2101 miseria
1055 2035 1174 2101 consti·

5 2131 6 2224 s
50 2140 113 2222 tuti,
129 2149 338 2225 expectantes
364 2143 485 2210 cotidie
511 2142 744 2211 sanstaeeionis
759 2143 939 2210 remedium
954 2145 1021 2210 iam
1036 2139 1173 2227 promis-

5 2251 7 2274 ‘
50 2265 119 2328 snm3
134 2245 314 2333 dignemini
329 2251 370 2317 de
385 2252 458 2336 ipse
474 2249 699 2319 satisfactione
715 2251 762 2318 sic
778 2250 885 2318 debite
896 2256 931 2316 et
941 2247 1171 2329 effectualiter,

50 2352 123 2419 sicut
136 2354 217 2422 bene
234 2357 404 2441 sciveritis,
429 2359 608 2443 providere,
625 2359 714 2443 quod
729 2356 908 2425 habeamus
924 2357 1037 2424 exinde
1054 2356 1172 2422 merito

5 2481 7 2486 ’
50 2466 232 2549 contentari,
248 2473 282 2532 et
299 2495 336 2556 gr:
353 2465 492 2550 pleniori
502 2467 730 2534 observatione
739 2471 952 2550 treuguarum
968 2465 1014 2530 sio
1031 2461 1170 2530 efficaci·

5 2573 7 2648 Ῐ
48 2573 93 2634 ter
116 2572 256 2640 subditis
289 2575 407 2640 datiis
432 2573 557 2642 cunctis
582 2573 714 2640 tradere
740 2575 773 2640 in
798 2573 971 2657 mandetis,
996 2572 1084 2656 quod
1100 2569 1169 2654 illa,

51 2695 137 2758 quam
153 2687 307 2765 optamus
323 2681 481 2749 intervos
496 2687 529 2748 et
544 2700 604 2750 nos
619 2681 740 2750 amoris
756 2687 790 2747 et
804 2680 988 2748 dilectionis
998 2680 1172 2763 integritas

50 2795 257 2856 muservetur.
272 2787 374 2876 Scitis
390 2787 484 2872 enim,
496 2789 586 2873 quod
601 2810 641 2856 ex
656 2795 750 2875 parte
762 2797 875 2857 nostra
885 2789 919 2854 in
929 2787 1019 2854 nullo
1029 2807 1172 2870 unquam

49 2908 117 2957 cmc
140 2897 189 2962 rel
215 2905 366 2982 tempore
389 2907 440 2964 est
464 2919 485 2964 a
508 2919 593 2983 pura
617 2919 728 2966 earum
753 2896 961 2966 observantia
982 2893 1170 2978 aliqualiter

49 2993 212 3069 deviatum.

145 3107 242 3194 Quod
257 3112 408 3182 similiter
422 3113 658 3202 respondeatur
668 3113 798 3181 domino
809 3109 896 3180 Duci
907 3109 1085 3197 Stephano,
1103 3118 1170 3177 mu'·

51 3213 120 3281 latis
135 3219 311 3318 mutandis.

145 3363 180 3426 <a
197 3364 308 3417 ›mrsu‹
324 3367 413 3418 crimll
428 3365 1053 3432 releuareiallamlrdnyvXXV1.lrdtetebcl.)

523 3509 681 3523 b--n-——-—·

567 3669 641 3736 314.

52 3819 257 3900 illicientes
268 3833 361 3920 φάμα
378 3826 640 3902 lfaleoreiJcoos
662 3829 785 3920 paciaci
796 3829 1062 3923 lorrndoyzo'cck
1079 3827 1170 3920 sepit·

49 3942 177 4027 rispetti.
201 3943 231 4008 J
232 3943 363 4007 okanoa
389 3941 516 4008 sicilici
530 3943 686 4031 lrirdlyce‘
701 3945 734 4007 da
760 3941 915 4009 Toreatai
930 3944 1033 4027 Lujoo
1049 3943 1170 4006 eiecere

92 4051 251 4136 ipyelceailc
268 4051 457 4137 mepoperci
475 4053 506 4114 I.
522 4053 623 4138 Lqp‘or
638 4067 779 4140 rrauppar
794 4051 907 4138 loudly
924 4050 1012 4116 alleri.
1031 4053 1126 4115 1350.

144 4208 296 4276 Clemens
311 4209 493 4294 Episcopus
509 4217 568 4278 etc.
585 4211 704 4278 dilecto
729 4209 797 4276 filio
816 4210 919 4277 nobili
935 4210 1004 4276 viro
1020 4210 1045 4276 J
1048 4209 1169 4275 olranni

5 4311 7 4334 ²
51 4309 85 4378 de
107 4314 246 4386 Valente
271 4314 497 4384 Gubernatori
520 4319 683 4386 Januensi
709 4318 854 4384 salutem
889 4323 950 4385 etc.
983 4317 1169 4403 Fidedigua

49 4421 213 4494 multorum
229 4425 348 4493 relatio
365 4426 408 4493 ad
424 4433 573 4493 nentrum
588 4430 718 4496 nouiter
733 4427 887 4512 perduxit
913 4425 1070 4507 auditum,
1082 4426 1171 4509 quod

5 4599 6 4604 ,
53 4548 85 4593 ec
100 4533 153 4612 qui
168 4535 261 4618 pacis
278 4541 391 4602 auctor
408 4539 441 4602 et
465 4541 631 4623 actores,
650 4540 846 4622 procurante
866 4537 952 4600 inter
968 4534 1170 4599 carissimam

90 4667 146 4710 aas.
163 4671 244 4714 rra-ro.
262 4671 329 4710 mer.
346 4673 467 4711 -rcrr
483 4671 543 4714 rur.
560 4675 587 4710 n.
1019 4647 1060 4708 25
