3220 5262
1306 5 1312 16 ⁴
1334 3 1358 33 ι’.
1371 3 1402 44 ,··
1419 2 1596 165 τήν-’Ἰ

1590 177 1596 272 l

400 387 465 446 606
754 401 988 446 orenouaczrar
1004 391 1170 446 susanna.

402 557 541 642 quilibet
566 580 677 624 eorum
703 560 737 622 in
761 559 907 638 solidum,
924 559 966 623 ad
984 581 1079 641 quem
1095 561 1240 642 ipsorum
1257 561 1360 624 dietus
1375 556 1502 620 dominus
1594 529 1596 562 ⁵

399 665 477 730 Dux
502 673 536 732 ct
561 663 748 732 Communis
774 665 988 732 Venetiamm
1017 668 1187 732 voluerunt
1205 688 1240 732 se
1256 673 1366 732 tenere
1379 667 1411 730 in
1426 671 1503 748 parte
1595 705 1596 718 ι

399 779 432 837 et
457 773 488 836 in
514 777 593 854 toto,
622 771 852 837 fideiussorunt
875 779 908 837 et
933 793 968 838 so
1000 773 1241 839 constituerunt
1271 773 1389 856 plenios
1417 772 1504 836 eidem
1592 767 1596 864 J

399 879 529 946 domino
545 880 630 945 Duci
656 885 689 945 et
705 879 874 946 Communi
901 879 1127 963 venetiarum,
1145 881 1299 947 videlicet
1329 879 1413 964 quod
1440 881 1505 944 dicti
1594 943 1596 954 ,

399 985 531 1070 Moyses
556 992 588 1051 et
604 984 762 1052 Nicolans
779 1009 850 1053 cum
876 989 967 1052 sotiis
983 989 1049 1053 suis
1065 988 1148 1052 bene
1165 995 1197 1053 et
1213 987 1355 1052 fideliter
1369 988 1505 1070 perservi-
1594 971 1596 988 ⁴

399 1101 454 1158 eut
480 1093 567 1160 dicto
593 1093 722 1158 domino
748 1091 835 1158 Duci
851 1101 883 1158 et
900 1092 1072 1159 Communi
1088 1092 1313 1172 Venetiarum,
1329 1095 1427 1158 donec
1440 1093 1505 1158 dicti
1594 1097 1596 1110 '

399 1200 510 1267 ducati
525 1201 613 1267 mille
630 1203 711 1281 auri,
726 1208 763 1266 ut
778 1221 880 1284 supra
897 1201 1025 1283 dicitur,
1036 1201 1076 1266 de
1092 1202 1158 1267 suis
1175 1203 1271 1284 pagis
1287 1201 1406 1266 suerint
1421 1200 1507 1266 defal-

399 1309 471 1374 cati.
497 1309 542 1374 Et
566 1310 599 1372 in
624 1327 703 1373 casu
728 1328 792 1390 quo
809 1328 874 1371 non
890 1309 1118 1392 perservirent,
1135 1315 1172 1373 ut
1187 1315 1343 1374 tenentur
1357 1331 1413 1392 per
1426 1315 1507 1392 pacta

398 1417 483 1481 inter
509 1416 596 1498 ipsos
621 1412 736 1478 habita
753 1421 889 1496 tantum,
906 1416 995 1498 quod
1013 1417 1094 1481 dicti
1111 1414 1222 1480 ducati
1238 1417 1327 1480 mille
1341 1415 1507 1480 delalcaren

397 1531 451 1588 tur
476 1523 516 1589 de
542 1524 635 1607 pagis
660 1523 735 1601 suis,
761 1527 796 1586 ut
821 1523 1030 1605 premittitur,
1057 1525 1299 1590 constituerunt
1324 1547 1358 1589 se
1377 1524 1507 1606 proprios
1594 1551 1596 1604 3

397 1637 573 1714 pagatores
599 1652 659 1714 pro
686 1631 765 1714 ipsis
791 1631 832 1696 de
858 1629 953 1695 dietis
978 1631 1106 1696 ducatis
1132 1632 1222 1696 mille
1248 1633 1321 1698 anri
1342 1653 1398 1696 seu
1413 1629 1509 1696 deilla
1595 1617 1596 1624 ἵ

398 1745 501 1820 parte,
531 1759 594 1821 que
625 1743 766 1802 restaret
797 1737 963 1803 delalonri.
985 1737 1076 1822 Quos
1109 1739 1240 1822 quidem
1273 1739 1421 1804 denarios
1455 1759 1508 1801 uon
1594 1807 1596 1814 ,

398 1845 582 1911 defalcatos
622 1843 743 1928 prelati
784 1844 907 1909 domiui
938 1843 1092 1910 Andreas
1125 1845 1327 1930 Viceoomes,
1357 1847 1509 1911 Frexonus

399 1949 552 2016 Vicarins
577 1958 609 2015 et
633 1949 659 2016 J
661 1953 744 2017 udex
769 1951 950 2016 Bartholus
976 1959 1145 2017 eteorum
1172 1953 1312 2036 quilibet
1336 1953 1509 2018 insolidum

397 2081 471 2124 cum
503 2058 703 2143 obligatione
736 2059 880 2124 oninium
911 2081 1041 2124 suorum
1072 2060 1229 2125 bonorum
1265 2061 1455 2144 presentium
1482 2067 1509 2124 ct

397 2165 580 2230 futurorum
606 2187 665 2249 per
691 2166 866 2230 solemnem
891 2166 1135 2248 stipulationem
1162 2171 1383 2250 promiserunt
1399 2167 1510 2232 dureet
1595 2223 1596 2230 ,

397 2274 569 2338 restituere
594 2272 682 2338 dicto
714 2272 846 2337 domino
874 2273 957 2338 Duci
983 2279 1015 2338 et
1040 2273 1214 2340 Communi
1238 2276 1448 2343 Venetiarum
1463 2295 1511 2338 seu
1594 2269 1596 2326 l

398 2379 594 2463 deputandis
620 2379 662 2444 ab
688 2373 738 2444 eo'
755 2401 828 2445 cum
853 2381 1045 2462 integritate
1070 2381 1157 2446 infra
1181 2381 1262 2446 duos
1287 2405 1420 2462 menses,
1436 2387 1511 2465 post-
1594 2417 1596 2474 ι

398 2507 498 2569 qnam
528 2487 646 2571 prefati
678 2488 811 2571 Moyses
842 2493 874 2551 et
905 2486 1061 2552 Nicolaus
1092 2489 1291 2553 recesserint
1332 2512 1352 2554 a
1392 2491 1509 2556 seruitio
1595 2481 1596 2490 ’

396 2595 499 2678 ipsius
515 2594 636 2659 domini
652 2594 755 2660 Ducis
772 2599 806 2658 et
821 2591 1010 2658 Communis
1027 2589 1256 2677 Veneriorum,
1267 2617 1339 2661 cum
1350 2597 1511 2662 relectione

397 2701 587 2768 damnorum
613 2709 647 2766 et
672 2722 887 2785 expensarum
913 2723 951 2766 ac
976 2702 1134 2768 interesse
1160 2705 1219 2769 sub
1243 2725 1328 2788 pena
1344 2709 1378 2769 et
1392 2706 1423 2768 in
1439 2724 1510 2787 pena
1593 2733 1595 2776 2

397 2809 587 2874 ducatorum
613 2816 741 2874 centum
767 2808 837 2873 auri
865 2807 1075 2892 stipulatione
1106 2811 1274 2894 premissa.
1307 2811 1375 2877 Pro
1409 2810 1511 2894 quibus

396 2918 545 2984 omnibus
562 2915 770 2982 attendendis
786 2937 897 2982 omnes
915 2918 1129 3002 suprascripti
1139 2923 1207 2984 tam
1218 2920 1415 3003 principales
1426 2939 1511 3001 quani

396 3023 605 3089 fideiussores
631 3028 746 3106 sponte
773 3022 1002 3106 obligaverunt
1027 3045 1061 3088 se
1087 3046 1181 3108 posse
1207 3026 1372 3090 conveniri
1391 3024 1512 3090 realiter

397 3138 429 3196 et
454 3131 669 3214 personaliter
686 3151 725 3194 ac
748 3130 893 3196 detinere
910 3152 968 3212 per
983 3136 1090 3195 totum
1106 3131 1306 3198 Comitatnm
1323 3133 1512 3199 dominorum

397 3237 559 3304 Comitum
587 3237 747 3321 Stephani
774 3245 807 3304 et
823 3239 848 3304 J
850 3239 997 3318 ohannis
1014 3244 1047 3302 et
1063 3240 1248 3323 specialiter
1265 3239 1393 3324 Segnia,
1409 3238 1511 3334 vegla,

397 3347 591 3428 Modrussie,
610 3353 644 3412 et
659 3368 719 3429 per
735 3354 839 3412 totum
865 3347 1016 3430 Regnum
1027 3347 1209 3432 Hungarie,
1221 3348 1364 3415 Veuecie
1381 3357 1415 3413 ot
1430 3367 1511 3432 gene
1594 3381 1595 3410 ι

397 3455 514 3519 raliter
540 3455 662 3535 ubique
687 3453 832 3519 locorum
859 3461 891 3518 et
909 3461 1072 3520 terrarum
1090 3457 1211 3536 taliter,
1228 3457 1315 3538 quod
1331 3456 1513 3535 ubicumque
1593 3457 1595 3520 l

396 3561 516 3627 inventi
541 3561 674 3643 fuerint,
698 3562 745 3628 ibi
763 3562 888 3629 solvere
905 3568 937 3628 et
951 3561 1084 3628 reficere
1103 3569 1294 3644 teneantur3
1310 3560 1513 3629 renuntianti-

397 3669 456 3734 bus
482 3671 561 3754 ipsis
586 3669 828 3736 fideiussoribus
843 3677 876 3734 et
893 3691 1005 3736 eorum
1023 3672 1170 3756 quolibet
1185 3672 1247 3755 legi
1264 3672 1421 3755 loquenti,
1437 3669 1512 3755 quod
1592 3739 1594 3770 4

395 3779 485 3861 prius
512 3778 676 3844 conveniri
702 3779 822 3844 debeat
846 3779 1039 3862 principalis
1065 3803 1163 3864 quarn
1188 3781 1359 3847 fideiussor
1382 3803 1420 3846 ac
1437 3778 1512 3845 omni
1592 3771 1594 3828 l

396 3887 452 3952 alii
462 3887 524 3952 iuri
536 3887 645 3968 legum
659 3908 697 3951 oc
707 3887 860 3966 decretis,
876 3891 1009 3953 statutis
1027 3896 1058 3954 et
1074 3887 1362 3954 reformaoionibus
1379 3885 1514 3966 Consilii,
1592 3923 1594 3968 t

397 3995 548 4078 omnique
574 3993 629 4059 alii
656 3995 786 4077 rationi,
802 3995 920 4078 quibus
938 4017 958 4060 a
974 3999 1207 4080 suprascriptis
1224 3998 1272 4061 vel
1288 3996 1513 4079 suprascripto

395 4126 466 4169 rum
484 4103 595 4187 aliquo
614 4125 647 4168 se
664 4110 796 4185 possent
812 4104 999 4186 aliqualiter
1010 4103 1184 4170 defendero
1195 4106 1410 4171 reltueriete.
1427 4111 1513 4190 prout

395 4212 524 4295 plenius
540 4209 611 4276 fieri
628 4211 751 4294 poterit
767 4212 942 4277 secundum
959 4212 1180 4279 substantiam
1197 4214 1415 4297 predictorum

502 4319 575 4402 Ego
600 4316 755 4385 Andreas
788 4320 976 4387 Vicecomes
1009 4319 1127 4405 Segnia
1158 4322 1362 4388 examinator
1393 4339 1514 4386 manum

393 4427 475 4493 misi.

402 4610 410 4623 ·
502 4535 576 4617 Ego
602 4535 783 4602 Micchiuus
810 4537 895 4605 filius
922 4561 974 4606 ser
1001 4539 1129 4624 Bayoni
1154 4539 1195 4604 de
1219 4537 1454 4622 Bocchaaiupis
1479 4536 1513 4600 de
