3220 5248
368 363 433 424 520
726 376 961 424 nmnounczmr
978 364 1146 422 antarum

368 539 423 622 qui
439 536 535 602 modo
552 543 629 603 sunt
644 535 804 618 Veneciis,
820 525 1113 602 videlicet'blarino
1130 537 1170 601 de
1181 535 1351 603 Caneruto
1368 543 1402 600 et
1415 535 1495 601 Zure
1582 543 1584 556 ¹

369 645 411 711 de
428 643 550 724 Pizolo‚
565 645 784 710 restituantur
799 644 925 726 integre
941 645 1051 710 omnia
1067 645 1236 728 bonasus,
1262 665 1326 728 que
1342 644 1495 710 habereut
1583 641 1584 644 ’

368 755 402 820 in
426 753 536 820 Jadra
561 754 612 821 vel
636 753 704 820 alia
738 753 851 837 aliqua
874 759 967 837 parte
992 753 1129 820 dominii
1145 752 1256 836 Regis,
1272 759 1305 818 et
1321 753 1410 837 quod
1425 753 1496 837 ipsis

368 859 522 946 gaudere,
537 861 587 926 uti
602 867 635 928 et
659 859 726 926 lrui
743 862 872 945 possint
897 860 1007 943 libere,
1023 860 1158 943 pacifice
1174 867 1209 926 et
1224 861 1345 944 quiete,
1362 860 1429 926 sine
1443 861 1496 924 im·
1583 937 1585 944 Ι

368 968 554 1052 pedimento
570 969 621 1034 vel
636 968 826 1035 turbatione
842 969 1045 1050 cuiusquam,
1061 966 1235 1034 dummodo
1259 989 1333 1034 cum
1357 969 1497 1052 personis
1583 951 1585 980 ³

369 1076 436 1142 suis
452 1081 539 1142 stent
556 1081 590 1141 et
605 1073 757 1142 habitent
771 1081 864 1142 extra
873 1078 1036 1142 civitatem
1053 1077 1078 1143 J
1080 1076 1160 1143 adre
1175 1082 1209 1142 et
1226 1077 1296 1142 eius
1310 1076 1497 1143 districtum·

368 1183 441 1268 Qua
458 1184 567 1250 omnia
583 1188 617 1249 et
634 1185 765 1267 singula
781 1184 972 1266 supradicta
987 1205 1046 1268 per
1062 1206 1121 1250 nos
1137 1191 1171 1251 et
1186 1205 1390 1252 successores
1415 1189 1498 1250 nost·

368 1312 423 1358 ros
438 1298 472 1358 ct
486 1312 597 1358 omnes
613 1294 813 1376 pertinentes
836 1290 879 1359 ed
896 1311 956 1358 nos
982 1292 1203 1377 promittimus
1220 1299 1253 1358 et
1268 1295 1415 1359 iuramus
1430 1313 1499 1358 cum

368 1399 586 1484 infrascriptis
602 1397 726 1465 nostris
743 1399 907 1466 nobilibus
927 1401 970 1465 ad
987 1400 1110 1468 Sancta
1125 1401 1190 1467 Dei
1206 1400 1392 1484 Evangelia
1407 1401 1499 1466 tactis

370 1510 541 1595 scripturis
551 1509 782 1576 inviolabiliter
792 1518 825 1576 et
836 1499 1137 1578 bonafide‘servare
1148 1517 1182 1577 et
1197 1511 1308 1577 lacere
1324 1510 1498 1590 observari,
1585 1523 1586 1526 ’

371 1625 404 1686 et
428 1641 491 1686 non
516 1619 741 1686 contravenire
757 1640 818 1703 per
839 1641 899 1687 nos
924 1621 975 1686 vel
999 1621 1092 1701 alios,
1120 1620 1160 1686 de
1185 1620 1255 1686 iure
1281 1620 1333 1686 vel
1351 1621 1392 1686 de
1406 1619 1499 1698 lacto,

372 1727 495 1794 directe
520 1727 571 1792 vel
595 1725 764 1808 indirecte,
790 1725 849 1792 sub
875 1726 1098 1810 indignatione
1124 1726 1369 1811 Omnipotentis
1389 1725 1454 1792 Dei
1470 1733 1499 1791 et

371 1833 526 1902 Omnium
553 1831 749 1900 Sanctorum
775 1855 916 1915 suorum,
943 1841 977 1901 et
1000 1833 1059 1899 sub
1075 1835 1177 1919 penis,
1193 1833 1455 1900 solemnitatibus
1471 1843 1500 1900 et

371 1941 611 2008 conditionibus
637 1941 796 2023 omnibus,
822 1964 884 2026 que
910 1945 1117 2010 continentur
1140 1943 1174 2008 in
1197 1943 1317 2008 litteris
1333 1943 1501 2024 utriusque
1586 1949 1587 1952 ’

370 2051 475 2134 partis
491 2055 523 2114 et
538 2049 773 2117 instrumentis
789 2049 927 2135 publicis
943 2050 1098 2117 confectis
1115 2072 1213 2134 super
1227 2070 1308 2133 pace
1324 2055 1359 2115 et
1374 2070 1502 2116 concor·

370 2156 427 2223 dia
441 2155 615 2240 principali
632 2154 763 2223 firmata
777 2158 862 2223 inter
877 2164 989 2242 partes
1005 2158 1145 2224 eosdem.
1162 2154 1257 2239 Quod
1274 2157 1404 2240 quidem
1419 2157 1503 2223 iura·
1587 2213 1588 2220 ,

370 2269 514 2330 mentum
529 2264 731 2346 prestitimus
746 2264 782 2328 in
802 2264 950 2330 manibus
965 2263 1174 2333 Venerabilis
1192 2264 1226 2329 in
1241 2261 1378 2329 Christo
1394 2264 1503 2330 Patris
1587 2289 1588 2318 ss

371 2367 1504 2456 dominiStephaniZagrabiensisEpiscopi,etMaguificiviridomiui

371 2479 405 2544 N
408 2479 506 2544 icolai
522 2479 626 2563 Regia
642 2478 741 2546 Curio
756 2479 897 2562 Judicis,
914 2479 1206 2546 Ambaxiatoribus
1230 2484 1263 2544 et
1278 2479 1504 2544 Procuratori·

371 2587 431 2654 bus
447 2587 529 2652 dicti
545 2583 666 2651 domini
682 2585 798 2670 Regis,
815 2587 858 2652 ad
875 2586 935 2653 lroc
951 2588 1138 2671 specialiter
1154 2587 1414 2669 constitutorum,
1424 2588 1504 2652 sicut
1588 2673 1589 2676 Ἴ

371 2701 500 2761 constat
524 2715 582 2777 per
606 2694 733 2760 littores
749 2694 873 2780 Regias
889 2697 1029 2780 scriptas
1044 2695 1149 2765 Jadre
1175 2695 1234 2761 sub
1261 2715 1348 2760 anno
1373 2693 1503 2759 Domini
1588 2773 1589 2778 ἵ

372 2799 636 2870 MOOOLVIII.
661 2801 714 2867 die
739 2801 825 2868 XX.
851 2803 1033 2885 Februarii,
1060 2803 1223 2886 sigillatas
1240 2802 1348 2886 sigillo
1365 2824 1425 2869 suo
1440 2823 1504 2868 sec·

372 2915 453 2976 reto.
470 2908 557 2976 Nam
582 2932 600 2976 e
627 2929 781 2975 converso
806 2911 954 2994 prefatus
980 2910 1130 2978 domiuus
1154 2911 1228 2976 Rex
1254 2909 1405 2977 similiter
1421 2910 1504 2976 inra-
1588 2903 1589 2982 ξ

372 3023 515 3083 mentum
531 3017 676 3101 prestitit
687 3018 720 3082 in
729 3018 885 3084 manibus
894 3018 1135 3085 honorabilium
1147 3019 1291 3084 virorum
1302 3016 1506 3084 dominorum
1587 3023 1589 3088 3

374 3125 468 3191 Petri
484 3124 661 3206 Tn'uisano¹
676 3124 703 3191 J
704 3124 841 3191 ohannis
858 3123 1047 3192 Gredonico
1064 3125 1105 3192 de
1120 3124 1342 3192 Beneintendi
1357 3125 1504 3190 Ducatus
1588 3163 1589 3166 =

373 3237 407 3299 et
436 3231 625 3299 Communis
649 3231 868 3301 Venetiarum
894 3231 1113 3316 cancellarii,
1138 3233 1274 3316 civium,
1299 3229 1505 3298 Sindicorum
1588 3231 1589 3238 '

373 3347 407 3406 et
422 3337 697 3407 Ambaxiatorum
713 3347 910 3407 nostrorum.
929 3343 963 3408 N
965 3342 1076 3406 omina
1091 3345 1201 3407 autem
1217 3346 1404 3407 nostrorum
1420 3341 1506 3407 nobi·

374 3449 453 3515 lium
470 3448 529 3530 qui
543 3447 712 3514 nobiscum
737 3448 927 3514 iuraverunt
952 3455 1028 3514 sunt
1052 3449 1128 3514 bec:
1146 3449 1296 3515 dominus
1311 3448 1506 3516 Franciscus
1588 3475 1589 3480 ¹

373 3555 580 3638 Lauredan0,
605 3554 756 3621 dominus
780 3555 899 3622 Petrus
926 3553 1129 3639 Carravello,
1160 3555 1309 3621 dominns
1335 3555 1359 3620 J
1362 3556 1504 3622 ohannes

373 3663 555 3747 Mocenigo,
579 3662 728 3729 dominus
759 3662 915 3729 Andreas
945 3661 1099 3742 Fusculo,
1130 3662 1280 3728 dominus
1311 3663 1506 3730 Laurentius

374 3771 529 3839 Dandnlo
546 3778 578 3837 et
594 3770 744 3836 dominns
760 3771 894 3837 Marcus
911 3772 952 3837 de
968 3771 1093 3838 Priolis
1109 3773 1213 3838 nostri
1239 3769 1432 3837 Consiliarii
1446 3769 1507 3838 Ve-

374 3881 554 3960 netiarum3
569 3900 608 3944 ac
624 3877 745 3944 domini
762 3878 880 3945 Petrus
898 3877 1008 3962 steno,
1019 3878 1154 3944 Marcus
1164 3877 1328 3944 Barisano
1345 3887 1380 3944 et
1390 3877 1506 3945 Daniel
1587 3931 1589 3948 t

374 3988 489 4058 Vituri
507 3987 627 4071 Capita
644 3985 783 4054 Consilii
799 3987 839 4051 de
851 3986 926 4052 XL.
937 4011 945 4068 ;
955 3986 1076 4052 domini
1085 3984 1220 4052 Marcus
1231 3983 1394 4052 Gornario
1410 3985 1506 4078 miles²
1588 3977 1589 4060 ἶ

377 4099 498 4164 Petrus
509 4093 698 4163 Gredonico
710 4095 847 4162 condam
858 4093 981 4161 domini
991 4093 1149 4176 Ducis,et
1158 4095 1354 4160 Franciscus
1364 4095 1504 4172 Bembo;
1587 4105 1589 4172 i

375 4204 497 4272 domini
522 4201 678 4269 Andreas
703 4203 804 4268 Erizo
819 4201 1024 4268 Procurator
1046 4199 1159 4268 Sancti
1176 4202 1283 4269 Marci
1300 4209 1333 4267 et
1349 4201 1506 4268 Nicolaus
1588 4187 1589 4234 ἶ

376 4310 530 4391 Faledro;
541 4311 660 4377 domini
670 4310 806 4376 Marcus
816 4310 1015 4376 Lauredano
1026 4308 1387 4378 ProcuratorEcclesie
1399 4308 1506 4376 Sancti

376 4417 494 4501 Marci,
509 4417 714 4501 Pangracius
726 4417 870 4502 Geor·gio
880 4416 1074 4485 Advocator
1089 4418 1194 4484 nostri
1204 4415 1394 4485 Communis
1404 4416 1506 4486 Veue·

375 4527 506 4609 tiarnm3
521 4525 644 4594 domini
660 4526 778 4594 Petrus
797 4525 964 4594 Baduario
980 4525 1279 4608 miles‚Bernardus
1296 4523 1321 4592 J
1323 4525 1503 4592 ostimenus
1587 4529 1589 4568 l
