3166 5256
10 679 13 766 l

10 949 16 1098 ,

10 1211 14 1344 ,

10 1491 16 1644 r

10 1649 20 1752 ,

10 1975 13 2070 l

10 2071 13 2172 l

10 2677 12 2740 r

587 341 682 428 1345.
1140 358 1205 464 rat

96 543 168 627 quod
190 543 280 609 nobis
305 542 453 608 ordinate
479 541 671 624 significent,
697 541 861 626 quomodo
879 541 940 606 hoc
956 539 1079 605 factum
1095 561 1129 604 sc
1146 540 1203 606 ha·

95 652 161 732 buit,
174 656 205 716 et
217 651 255 716 de
272 655 380 716 cetero
391 672 410 714 a
421 648 686 715 damnificatione
704 651 783 716 dicti
799 650 863 715 loci
880 671 913 714 se
930 649 1126 728 abstineant,
1142 649 1204 712 nisi

95 760 157 824 talis
171 780 262 826 causa
279 766 312 824 et
329 759 425 841 eulpa
441 758 586 841 ipsorum
603 758 644 824 de
662 757 778 824 Vrana
793 759 1005 842 precessisset
1022 779 1078 822 scu
1094 777 1204 838 prece·

95 867 181 949 deret,
195 873 326 951 propter
342 887 442 950 quam
458 866 618 932 haberent
633 867 809 950 procedere
826 871 939 931 contra
955 886 1019 930 eos.
1168 934 1174 946 ,

185 972 239 1039 (la
249 981 342 1058 pta:
364 971 461 1057 Quod
477 974 640 1040 scribatur
657 973 848 1058 Capitanels
865 974 968 1039 Terre
985 980 1018 1038 et
1036 971 1204 1039 Guberna·

95 1082 202 1148 toribus
225 1083 259 1148 iu
275 1084 337 1148 hac
352 1081 658 1148 forma2Admirari
678 1106 742 1148 non
759 1083 936 1148 sufficimus
953 1081 1198 1147 considerantes

68 1209 70 1212 ·
95 1191 242 1273 quodiam
258 1198 387 1257 tantum
405 1196 532 1275 tempus
549 1197 608 1272 est,
626 1192 713 1274 quod
729 1190 775 1256 ibi
791 1192 949 1258 babemus
965 1191 1132 1255 machinas
1148 1212 1205 1256 no·

93 1306 165 1364 stras
179 1321 313 1382 magnas
330 1300 541 1383 quamplures
559 1305 592 1364 et
609 1299 811 1365 diversarum
828 1299 1084 1364 manerierarum
1095 1305 1126 1364 et
1138 1320 1204 1363 ma·

92 1410 197 1489 gistros
213 1408 333 1472 multos
351 1413 384 1472 et
398 1408 509 1487 bonos,
526 1413 559 1471 et
569 1428 732 1490 nunquam
747 1407 938 1489 audirimus,
955 1407 1128 1489 quodcum
1146 1406 1204 1471 ali·

18 1580 24 1592 ,
92 1536 256 1597 quoeorum
267 1515 377 1580 adhuc
387 1515 568 1598 proiectum
579 1515 664 1579 sitin
675 1516 842 1580 civitatem
852 1513 1034 1595 Jarlrased
1044 1516 1125 1581 bene
1136 1536 1204 1579 cor-

21 1662 25 1676 =
91 1623 282 1707 nimus,quod
299 1623 441 1690 rebelles
451 1625 557 1688 nostri
568 1624 690 1689 iamdiu
701 1623 900 1706 proicierunt
910 1625 943 1686 in
954 1624 1132 1688 exercitum
1149 1645 1204 1686 no·

92 1737 187 1810 strum,
211 1732 297 1816 quod
324 1753 424 1817 grare
449 1729 541 1795 nobis
567 1738 600 1797 et
626 1732 732 1796 minus
749 1731 943 1796 honorabile
960 1739 1155 1814 reputamus,
1172 1738 1204 1794 ot

89 1840 175 1904 etiam
198 1861 261 1904 non
280 1849 330 1904 est
346 1839 468 1923 absque
487 1839 698 1904 diminutione
715 1840 817 1904 nostri
835 1840 967 1904 honoris
983 1839 1100 1919 dicere,
1117 1837 1203 1921 quod

91 1947 196 2013 inimici
221 1949 325 2013 nostri
352 1955 384 2014 et
410 1969 508 2032 opera
525 1969 645 2028 eorum,
663 1949 718 2030 qui
735 1947 837 2013 nichil
852 1955 927 2014 sunt
942 1969 1003 2031 per
1018 1952 1202 2032 respectum

90 2054 321 2140 adpetentiam
347 2061 380 2122 et
404 2056 627 2138 magisterium
651 2063 810 2136 nostrum,
837 2058 901 2122 iam
927 2057 984 2122 diu
1010 2056 1147 2121 fecerint
1164 2053 1203 2120 dc

92 2162 178 2236 dictis
192 2163 348 2228 machinis
365 2169 481 2228 contra
496 2185 565 2244 nos,
582 2165 669 2248 quod
686 2164 851 2248 hucusque
868 2187 926 2248 per
942 2185 999 2229 nos
1016 2170 1131 2230 contra
1150 2183 1204 2228 eos

92 2271 210 2335 minime
226 2277 275 2336 est
291 2271 429 2336 illatum.
445 2270 657 2356 Quapropter
682 2273 873 2339 mandamus
890 2272 989 2355 vobis,
1007 2275 1089 2337 sicut
1105 2274 1204 2338 etiam

80 2379 263 2446 multotiens
279 2379 424 2464 fecimus,
440 2380 528 2464 quod
538 2382 571 2445 in
588 2381 659 2466 hoc,
674 2388 706 2446 et
721 2383 755 2446 in
767 2382 840 2447 aliis
852 2382 992 2465 negociis
1004 2383 1124 2447 nostris
1135 2387 1204 2446 tam

88 2484 236 2553 ferventer
252 2510 350 2572 quam
368 2489 506 2555 sollicite
523 2511 578 2554 ros
605 2491 735 2573 geratis,
751 2497 788 2555 ut
814 2491 912 2555 etiam
928 2490 1077 2556 machine
1094 2497 1204 2556 nostro

87 2595 197 2682 absque
211 2597 278 2663 ulla
294 2619 386 2663 mora
416 2599 451 2661 in
472 2596 639 2662 ciuitatem
664 2597 849 2682 prohiciant
878 2603 950 2663 toto
976 2604 1082 2663 vestro
1108 2619 1203 2682 posse

87 2705 197 2786 tahter,
212 2707 298 2790 quod
317 2707 466 2771 inimicos
483 2713 623 2786 nostros,
639 2714 675 2772 ut
692 2708 848 2790 cupimus
866 2707 1016 2773 continue
1033 2706 1153 2792 ledant,
1171 2712 1205 2772 et

87 2816 204 2896 agenda
219 2835 336 2898 guerre
352 2819 461 2880 nostre
478 2814 586 2880 valide
603 2820 636 2879 et
652 2816 802 2898 expedite
828 2815 1016 2900 procedant,
1040 2823 1077 2881 ut
1107 2818 1207 2898 exigit

87 2923 182 2990 honor
196 2932 316 2991 noster.
334 2923 432 2990 Scitis
449 2925 559 3006 etiam,
577 2932 734 3007 quantum
752 2926 906 3012 cupimus,
927 2924 1014 3010 quod
1030 2927 1135 2991 altera
1150 2925 1205 2990 ba-

24 3063 27 3076 ·
88 3033 154 3100 atita
169 3033 235 3116 liat,
251 3041 285 3100 et
301 3033 454 3117 quotiens
471 3053 568 3116 super
600 3031 661 3099 hoc
686 3033 778 3099 vobis
800 3033 996 3117 scripsimus.
1013 3033 1059 3098 Et
1074 3039 1206 3116 propte·

87 3143 293 3208 reamisimus
309 3140 401 3208 vobis
417 3149 449 3207 et
460 3142 617 3207 'continue
633 3143 793 3207 mittimus
810 3139 975 3224 lignamen
992 3143 1034 3208 ad
1048 3141 1205 3208 sufficien-

86 3248 153 3314 tiam
170 3257 237 3316 tam
253 3274 313 3335 pro
331 3250 453 3316 bastita
470 3272 571 3333 quam
585 3272 644 3334 pro
660 3251 823 3316 mantellis
849 3257 882 3316 et
907 3252 979 3316 aliis
1004 3251 1205 3332 necessariis,

87 3364 113 3420 ot
128 3366 329 3442 guastatores
354 3361 454 3425 etiam
479 3359 519 3423 de
546 3359 732 3424 Terrisaua
764 3357 861 3426 Vnde
878 3360 965 3424 omni
982 3360 1152 3425 occasione
1169 3367 1202 3423 et
1295 3383 1301 3390 ·

86 3485 167 3531 nora
181 3467 366 3550 postposita
383 3465 577 3550 sollicitetis
594 3466 682 3549 quod
699 3467 829 3533 omnino
847 3467 936 3533 dicta
952 3466 1074 3532 bastita
1089 3467 1157 3549 fiat,
1173 3470 1207 3530 ot

85 3572 211 3640 n'sitetis
227 3575 445 3660 personaliter
463 3583 495 3640 et
519 3596 594 3658 sepe
625 3573 833 3657 laboreriu'm,
849 3580 887 3640 nt
904 3577 1048 3660 operarii
1065 3575 1207 3640 animen-

84 3685 131 3746 tur
145 3685 283 3767 amplius
299 3684 343 3751 ad
359 3683 574 3750 laborandum
590 3704 647 3768 per
664 3684 918 3750 sollicitudinem
935 3693 1085 3750 vestram.

181 3790 340 3876 Capta:
358 3789 444 3874 Quia
470 3791 599 3874 dicitur,
624 3792 713 3876 quod
728 3791 899 3857 dadratini
932 3792 1115 3858 diminuunt
1131 3813 1207 3874 gen·

85 3901 143 3962 tem
159 3921 247 3966 suam
265 3899 459 3984 expellendo
485 3921 643 3984 personas
668 3899 790 3966 debiles
808 3908 840 3965 et
859 3901 992 3966 inutiles
1009 3901 1048 3966 de
1064 3902 1208 3982 ciuitate,

86 4008 164 4088 quod
180 4011 361 4078 dannosum
377 4011 471 4076 nobis
488 4017 545 4096 est,
561 4012 617 4095 qui
633 4033 788 4077 conamur
803 4033 862 4095 per
880 4011 1081 4077 obsidionem
1098 4017 1132 4076 et
1148 4032 1208 4094 por

85 4133 203 4182 omnem
218 4120 317 4186 aliam
333 4121 420 4186 riam
437 4139 494 4185 eos
511 4121 754 4203 constringere3
769 4119 922 4186 mittatur
938 4118 1121 4204 Capitoneo
1136 4117 1209 4184 Ma-

86 4221 126 4289 ris
142 4230 174 4290 et
189 4225 288 4293 Terre
314 4235 347 4293 et
363 4227 656 4314 Gubernatoribus,
683 4227 770 4311 quod
786 4228 820 4292 in
844 4228 905 4293 hoc
922 4227 1100 4294 adhibeant
1117 4249 1208 4293 omno

10 4331 13 4416 ξ
85 4335 254 4402 remedium
272 4343 304 4401 ct
321 4337 491 4418 cautelam,
521 4357 620 4421 quam
646 4343 792 4419 possunt,
816 4358 857 4401 ne
874 4343 991 4402 exeant
1022 4337 1207 4402 huiusmodi

10 4431 12 4544 l
85 4458 222 4524 persone,
246 4444 441 4529 imponendo
467 4445 501 4510 in
524 4444 588 4510 hoc
612 4465 730 4530 penam
759 4451 791 4510 et
814 4466 925 4529 ponas,
941 4452 1038 4528 prout
1055 4443 1207 4529 expedire

86 4547 242 4636 ridebunt,
258 4558 290 4618 et
306 4574 362 4620 eas
379 4553 589 4636 exequutioni
605 4553 791 4620 mandando
802 4561 916 4620 contra
927 4551 1032 4620 dictas
1042 4572 1208 4640 personas,
