3134 5252
574 319 668 382 1346.
1119 331 1181 392 199

66 489 113 568 rio,
128 495 156 554 et
173 488 357 558 Conradum
378 493 419 556 de
438 493 596 560 Umfredc
613 496 652 562 de
670 497 921 579 ltfontefusculc,
938 525 1019 584 quos
1035 505 1182 586 predicto

67 599 148 663 modo
172 599 270 666 fuisse
297 601 487 684 culpabiles,
514 609 547 668 et
572 603 822 673 nefandissimos
848 615 1033 692 patratores
1051 613 1183 678 sceleris

3 749 7 800 ³.
67 707 227 788 memorati,
242 708 394 775 videlicet
410 706 563 776 Carolum
580 711 687 796 ipsum
703 719 857 796 actorem,
874 717 1132 802 conspiratorem
1148 727 1182 786 et

3 841 4 848 ¹
67 811 282 882 tractatorem'
292 819 418 898 martie,
442 824 476 882 et
501 819 625 885 dictum
651 817 840 886 Conradum
867 823 906 887 de
933 823 1182 906 Cathanczario,

2 951 3 954 ¹
65 945 126 988 cum
140 945 176 990 eo
192 924 297 990 dictus
323 945 399 990 vero
424 926 631 992 Bertrandus
656 926 771 1010 Artas,
790 937 822 994 et
840 928 1030 998 Conradurn
1047 934 1087 999 dc
1103 933 1183 998 Um·

65 1029 152 1114 fredo,
175 1055 239 1098 una
264 1055 338 1098 cum
363 1036 462 1100 certis
489 1035 563 1100 aliis
590 1043 776 1102 executores
803 1038 1038 1106 nefandissime
1064 1043 1181 1108 mortis

2 1157 4 1194 ff
67 1138 161 1223 Regia
184 1147 215 1206 et
242 1141 451 1225 principales,
471 1143 693 1226 nequissimos
718 1145 907 1226 homicidas,
934 1169 991 1212 seu
1007 1151 1182 1234 regicidas,

2 1245 3 1318 ξ
66 1253 122 1311 tam
136 1248 278 1332 predicte
295 1249 514 1333 probationes,
530 1257 563 1316 et
579 1250 806 1334 confessiones,
823 1275 922 1336 quam
938 1254 1027 1319 fania
1038 1257 1178 1340 publica,
1292 1239 1296 1248 ⁸

2 1382 5 1442 ¹,
65 1362 90 1419 et
103 1358 224 1422 notaria
250 1363 458 1424 attestantmz
485 1358 647 1442 Talesque
674 1358 838 1424 declaravi
854 1382 908 1426 ecs
926 1383 996 1428 esse
1022 1362 1182 1447 predicto-

66 1485 124 1528 rum
140 1467 370 1547 commisceres,
386 1485 425 1530 ac
441 1464 610 1532 declarare
636 1466 675 1531 de
700 1467 835 1534 consilio
861 1470 1038 1537 eorundem
1054 1474 1182 1556 sapien-

65 1574 242 1656 tium,mihi,
266 1579 302 1638 vt
326 1573 538 1656 premittitur,
564 1573 787 1640 adhibitorum
813 1583 846 1640 et
865 1577 1093 1644 adsistentium
1109 1599 1180 1663 pre-

1 1716 6 1768 t,
64 1681 190 1748 sentibus
205 1682 249 1747 ad
265 1681 438 1762 cautelam;
454 1702 492 1746 eo
501 1682 683 1765 presertim,
695 1683 782 1765 quod
793 1684 855 1768 ipsi
870 1707 930 1768 per
945 1707 996 1751 me
1013 1693 1182 1770 tamquam

1 1781 5 1881 ,f
64 1787 246 1872 Magistrum
262 1787 288 1854 J
290 1789 489 1854 ustitiarium
510 1787 617 1872 Regni
633 1790 742 1872 vestri,
759 1811 797 1854 ex
813 1791 919 1858 officio
937 1793 1059 1877 Magne
1075 1792 1182 1875 Gurie,

1 1899 2 1985 t
63 1898 95 1961 dc
109 1897 237 1980 speciali
254 1897 482 1964 commissione
498 1903 532 1962 et
547 1897 703 1964 mandato
728 1899 845 1964 restris
862 1899 903 1965 cb
920 1921 1051 1966 causum
1077 1903 1180 1986 ipsius

1 1990 3 2124 l
64 2003 275 2072 nefandissimi
292 2005 439 2071 criminis
454 2009 621 2089 tamquam
638 2006 767 2086 conscii,
789 2010 985 2090 patratores,
1001 2015 1035 2074 et
1049 2009 1181 2092 partici-

1 2133 5 2236 p
64 2135 121 2195 pes,
136 2121 166 2179 et
181 2113 311 2198 publice
336 2135 375 2180 ac
399 2114 527 2180 notorie
552 2113 723 2198 diffamati,
748 2137 788 2180 cx
808 2115 962 2181 mandato
977 2116 1123 2200 legitime
1139 2119 1181 2182 ci·

1 2242 2 2276 r
63 2221 115 2285 tati
130 2219 269 2302 fuerunt,
295 2241 362 2286 una
387 2241 459 2285 cum
484 2221 582 2286 certis
607 2219 691 2305 aliis,
707 2223 748 2288 dc
763 2243 841 2288 nece
866 2225 1015 2306 predicta
1031 2223 1181 2290 similiter

1 2305 2 2386 l
64 2326 235 2415 diffamatia,
251 2333 427 2411 antequam
453 2332 541 2393 esset
566 2347 662 2411 super
688 2327 751 2394 hcc
766 2325 1020 2396 Commissarius
1037 2329 1181 2416 Aposto-

1 2419 5 2506 l
63 2431 114 2500 lice
137 2433 338 2516 Sanctitatis,
363 2439 394 2499 et
419 2433 461 2500 ob
488 2455 599 2501 eorum
623 2437 870 2520 contumaciam,
896 2437 1116 2520 rebellionem,
1149 2443 1181 2505 et

65 2546 262 2626 protaruiam,
290 2545 355 2609 rite
379 2543 515 2608 fuerunt
540 2541 648 2608 banno
674 2543 842 2627 suppositi,
858 2551 892 2608 et
906 2547 1113 2628 postmodum
1130 2547 1183 2612 de·

66 2648 124 2716 bite
138 2650 399 2718 foriudicaticnis
425 2651 588 2717 sententia
612 2651 771 2734 innodati,
787 2652 880 2718 bonis
896 2654 1054 2736 omnibus,
1071 2675 1182 2721 eorum

67 2758 280 2842 dignitatibus,
306 2765 339 2825 et
364 2759 538 2826 honeribus
562 2761 694 2842 priuati,
711 2779 751 2825 ex
767 2760 857 2826 cuius
874 2763 1032 2828 sententie
1048 2763 1183 2828 foriudi·

64 2868 188 2932 raticnis
204 2869 326 2952 rigore,
342 2867 424 2932 satis
449 2866 512 2948 ipsi
538 2866 676 2932 confessi
694 2864 794 2932 fuisse
809 2867 1047 2952 intelliguntur,
1063 2875 1097 2934 et
1113 2890 1182 2934 esse

67 2972 138 3038 tales
154 2975 337 3056 facinorosi,
362 2981 395 3037 vt
420 2973 594 3056 prefertur.
620 2973 743 3041 Verum
770 2975 909 3057 predicti
936 2973 1085 3056 Carolus
1100 2977 1182 3042 Ber-

68 3081 204 3162 trandus,
220 3079 392 3148 Corradus
418 3078 458 3144 de
483 3077 717 3162 Cathanczaro,
733 3086 766 3144 et
781 3079 952 3147 Conradus
969 3083 1010 3155 de
1026 3081 1182 3149 Umfredo

65 3187 216 3254 incorum
243 3189 400 3255 durantes
426 3187 593 3253 hostinata
617 3188 754 3266 malitia,
770 3193 803 3252 et
818 3187 980 3271 profundo
996 3191 1182 3275 iniqnitatis

66 3297 181 3379 spiritu,
197 3299 230 3362 in
254 3301 362 3363 vestro
378 3294 493 3378 Regno
511 3293 623 3360 Sicilie
639 3293 768 3378 publice
785 3295 828 3360 ad
845 3317 980 3380 presens
996 3305 1179 3378 morantur,

66 3405 146 3470 cuius
164 3405 394 3489 rempublicam
412 3409 480 3468 tam
501 3403 692 3486 grauissime
709 3401 921 3485 offenderunt,
938 3411 972 3470 et
987 3407 1038 3472 cui
1054 3407 1181 3473 macule

65 3511 219 3580 numiam
235 3534 301 3578 non
318 3511 479 3577 modicam
507 3510 741 3593 ascripserunt,
757 3531 829 3578 cum
846 3518 1013 3578 morantes
1030 3514 1088 3581 sub
1104 3535 1182 3596 qua-

1 3626 2 3700 l
66 3619 134 3685 dam
150 3621 335 3689 rebellionis
352 3619 468 3702 specie,
484 3618 517 3682 in
534 3618 746 3702 derogatione
773 3619 904 3684 honoris
922 3619 1042 3688 Sancte
1059 3622 1182 3688 Matris

1 3703 2 3780 l
66 3725 257 3795 Vniuersalis
273 3727 430 3806 Ecclesia,
456 3727 580 3792 domiui
606 3724 732 3792 Summi
747 3725 928 3810 Pontificis,
945 3729 1005 3795 sub
1022 3729 1113 3794 cuius
1128 3749 1182 3792 no·

1 3848 2 3926 t
65 3836 144 3902 mine
158 3839 282 3904 iustitia
298 3838 418 3920 agitur,
435 3841 469 3901 et
486 3832 606 3901 Vestra
622 3835 829 3901 Excellentie
850 3835 1032 3920 Reginalis,
1050 3838 1096 3902 sic
1112 3859 1183 3902 cru-

1 3946 3 4026 l
66 3945 173 4010 daliter
188 3945 317 4026 offense,
333 3965 373 4010 ac
389 3943 527 4027 predicti
543 3942 692 4010 illustris
709 3943 831 4010 domini
847 3943 959 4013 Caroli
973 3943 1184 4013 Ducis'Oala-

66 4051 139 4134 bric,
162 4054 303 4122 eiusdem
329 4053 451 4119 domini
468 4051 579 4135 ¹Regis
605 4052 742 4117 Andree
767 4058 801 4117 et
826 4054 928 4118 uestri
943 4052 1013 4133 filii,
1030 4054 1116 4136 qnod
1134 4059 1184 4118 est

1 4159 2 4235 ἶ
66 4161 179 4230 cunctis
193 4162 342 4228 fidelibus
368 4159 508 4226 subditis
525 4158 754 4241 abominabile,
770 4158 962 4226 iniuriosum
977 4159 1180 4244 Reipuplice,

1 4246 3 4308 ἶ
67 4273 96 4331 et
110 4271 352 4350 prouocatiunm
378 4266 523 4334 scandali
548 4267 636 4332 inter
664 4267 787 4351 Regias
812 4269 939 4336 Domus
956 4267 1066 4335 Sicilie
1082 4274 1183 4351 atque

1 4361 2 4456 J
69 4373 213 4460 Vagarie,
237 4383 271 4444 vt
296 4382 447 4462 patenter
472 4396 530 4460 per
556 4395 666 4440 omnes
693 4376 902 4460 conspicitur,
921 4382 955 4442 et
971 4377 1053 4443 recti
1069 4375 1183 4442 iudicii

1 4505 3 4568 ς
74 4484 318 4552 consideratione
332 4485 482 4552 habetur.
499 4483 635 4551 Insinuo
652 4485 750 4550 etiam
766 4484 885 4555 vestre
900 4484 1103 4552 Excellentie
1119 4482 1182 4550 Re—
