3220 5248
365 450 430 512 574
705 467 927 514 orrnonnczrs
943 455 1112 514 nurnnsnn.

364 630 486 694 amicos
511 627 591 692 dicti
614 627 730 710 Magni
757 625 938 694 Senescalli
964 630 1022 713 qui
1042 635 1117 694 sunt
1133 635 1167 694 et
1182 636 1278 694 erunt
1294 631 1328 694 in
1344 630 1481 695 comitiva

363 737 516 820 eiusdem,
543 735 717 802 defendere
744 743 777 802 et
800 737 987 802 amabiliter
1012 721 1053 802 in¹
1072 737 1219 802 omnibus
1246 745 1280 804 et
1304 760 1362 822 per
1385 739 1482 802 omnia
1575 735 1577 814 ζ

364 851 519 926 tractare,
550 865 589 909 ae
619 845 708 928 ipsos
740 844 781 910 ab
814 846 901 909 omni
933 865 1072 930 persona
1099 851 1131 910 et
1147 846 1220 910 loco
1237 845 1414 928 defendere,
1430 867 1480 911 neo
1575 885 1577 898 ι

362 955 432 1038 pati
458 953 505 1017 eis
530 973 588 1035 per
613 952 744 1035 aliquos
769 953 961 1036 molestiam,
980 954 1171 1020 uiolentiam
1195 955 1247 1020 vel
1268 956 1438 1038 dampnum
1451 957 1481 1018 in

362 1082 503 1146 persoua
528 1063 580 1127 vel
604 1063 702 1128 rebus
728 1061 860 1144 inferri,
886 1069 920 1130 et
945 1062 1093 1148 predicto
1110 1064 1240 1130 domino
1258 1065 1439 1131 Jerusalem
1453 1070 1481 1131 et

365 1168 474 1236 Sicilie
500 1171 585 1254 Regi
602 1171 723 1236 illustri
738 1172 773 1235 in
789 1172 938 1238 omnibus
955 1179 987 1237 et
1006 1194 1065 1256 per
1081 1178 1200 1253 omnia,
1215 1174 1356 1240 durante
1373 1194 1484 1256 guerra
1575 1215 1577 1258 :

365 1285 399 1344 et
424 1279 611 1344 executione
637 1279 882 1362 premissorum,
906 1279 1052 1346 fideliter
1077 1281 1219 1363 obedire,
1244 1283 1328 1349 sicut
1345 1282 1502 1348 facerent
1576 1331 1577 1342 t

364 1385 483 1452 illustri
499 1387 640 1453 Domino
657 1409 768 1454 eorum
784 1388 915 1455 domino
931 1387 1018 1472 Regi
1049 1389 1215 1473 ngarie3
1241 1413 1301 1458 nec
1317 1413 1337 1456 a
1352 1390 1479 1457 vaxallis
1575 1457 1577 1488 ἵ

363 1500 395 1559 61
418 1494 570 1562 fidelibus
599 1494 716 1580 Regiis
741 1497 898 1581 predictis
924 1497 1055 1580 bestias,
1083 1497 1189 1581 spolia
1214 1500 1328 1581 quasis
1361 1505 1479 1581 sumpta
1575 1529 1577 1584 3

256 1595 259 1601 ’
366 1604 535 1668 occasione
560 1623 679 1687 capere
703 1604 753 1668 vel
773 1603 910 1685 auferre,
926 1625 986 1669 nec
1001 1626 1071 1694 non
1082 1610 1115 1670 et
1132 1604 1220 1671 dicto
1236 1606 1360 1690 Magno
1378 1605 1482 1672 Senes.
1576 1603 1577 1622 ³

364 1709 458 1793 callo,
476 1707 631 1777 Generali
649 1710 842 1797 Capitoneo‚
859 1719 1016 1796 tanquam
1036 1714 1196 1798 superiori
1213 1735 1325 1779 eorum
1341 1716 1374 1779 in
1392 1714 1482 1780 omni-

361 1819 431 1902 bus,
455 1840 518 1903 que
543 1820 586 1885 ad
612 1818 735 1885 dictum
759 1841 953 1904 guerrarum
972 1827 1120 1905 spectant
1136 1819 1320 1905 Capitanee
1346 1823 1483 1904 offitium,

363 1926 479 1993 devote
505 1931 538 1991 et
553 1933 705 2012 prompte
722 1927 854 1993 obedire
870 1936 903 1993 et
919 1949 1036 2012 parere
1053 1928 1194 1995 durante
1209 1936 1358 2015 tempore
1380 1952 1484 2016 guerre

362 2034 520 2119 predicte,
531 2055 587 2098 seu
597 2034 835 2118 Capitaneatus
845 2036 994 2119 predicti,
1005 2058 1045 2102 ac
1054 2038 1255 2104 executionis
1265 2041 1483 2122 premissorum
1575 2105 1577 2112 ,

362 2142 533 2208 dictorum.
560 2141 658 2226 Quod
683 2144 711 2208 si
736 2142 843 2210 facere
868 2145 1120 2229 contempserint
1135 2147 1169 2210 in
1185 2152 1254 2212 toto
1273 2144 1323 2212 vel
1342 2151 1375 2211 in
1390 2152 1483 2232 parte,
1575 2131 1577 2138 λ

363 2251 496 2333 possint,
521 2250 662 2316 debeant
687 2253 834 2336 reputari
870 2258 903 2317 et
936 2253 1050 2333 teneri,
1081 2255 1229 2320 accusari
1261 2261 1295 2320 et
1326 2259 1418 2340 argui
1448 2254 1482 2320 de

364 2356 427 2422 lide
452 2358 567 2440 fracta,
593 2365 625 2424 et
650 2365 689 2424 ut
711 2359 878 2426 manifesti
905 2360 1088 2444 proditores
1121 2361 1209 2447 apud
1233 2361 1341 2428 Deum
1367 2371 1400 2429 et
1423 2383 1485 2446 pre·
1576 2433 1577 2442 ,

362 2465 484 2530 dictum
510 2465 638 2550 Regem
653 2465 812 2550 Ungarie,
827 2467 950 2534 dictam
966 2469 1107 2552 Regiam
1122 2471 1343 2552 Maiestatem,
1362 2478 1396 2537 et
1412 2472 1484 2536 alios
1576 2471 1577 2480 ’

362 2574 476 2640 mundi
492 2574 659 2655 DominoS,
676 2583 709 2640 et
732 2575 931 2659 generaliter
956 2578 1043 2660 apud
1070 2599 1181 2644 omnes
1205 2579 1354 2646 homines
1379 2580 1483 2644 merito
1576 2567 1577 2574 ¹

364 2687 568 2766 reputentur.

470 2789 556 2855 Item
582 2791 781 2874 promiotunt
799 2791 879 2858 dicti
896 2788 1069 2878 Capitanei
1086 2795 1190 2860 etalii
1208 2817 1309 2880 supra
1326 2793 1481 2874 nominati,
1575 2875 1577 2898 ‘

362 2897 451 2982 quod
475 2898 746 2982 quandocumque
774 2899 879 2966 dictus
906 2901 1051 2986 Magnus
1078 2901 1293 2984 Senescallus,
1319 2909 1353 2969 et
1377 2902 1433 2968 alii
1450 2899 1483 2964 de
1575 2915 1577 2974 l

362 3007 465 3090 ipsius
482 3005 642 3087 comitiva,
659 3026 714 3070 seu
732 3007 838 3087 quivis
855 3008 939 3072 alius
957 3007 997 3073 de
1013 3007 1129 3090 Regno
1144 3009 1242 3074 uellet
1258 3031 1292 3075 se
1309 3027 1483 3094 segregare,
1575 3019 1577 3048 ¹

362 3135 419 3179 seu
444 3113 630 3197 disiungere
655 3115 707 3178 uel
741 3135 895 3198 separare
933 3116 974 3182 ab
1001 3115 1124 3183 eisdem
1151 3117 1307 3202 Ungaris,
1335 3139 1374 3183 ex
1407 3135 1484 3180 nunc
1576 3153 1577 3160 1

361 3227 460 3305 prout
485 3244 525 3288 ex
549 3229 626 3288 tunc
650 3223 714 3306 ipsi
740 3220 914 3306 Capitanei
939 3230 973 3290 et
998 3225 1055 3290 alii
1080 3226 1282 3309 promictunt
1300 3226 1361 3291 sub
1377 3224 1437 3290 fide
1453 3227 1482 3288 et
1576 3237 1577 3302 j

363 3337 566 3396 sacramento
591 3331 757 3415 predictis,
781 3333 868 3415 quod
894 3331 1022 3416 Ungari
1046 3335 1110 3420 ipsi
1136 3355 1200 3400 non
1216 3333 1362 3400 inierant
1378 3335 1424 3398 eis
1439 3329 1483 3394 rel

364 3459 475 3504 eorum
501 3439 599 3504 alteri
625 3440 659 3504 in
683 3441 839 3523 personis,
855 3442 955 3524 equis,
980 3443 1079 3509 rebus
1096 3443 1237 3510 ethonis
1254 3465 1375 3524 eornm,
1393 3439 1484 3505 tacite

363 3546 414 3611 vel
446 3567 606 3630 expresse,
636 3570 695 3631 pro
713 3551 825 3632 quavis
840 3571 940 3615 causa
959 3551 1010 3614 rel
1036 3573 1080 3632 re,
1112 3552 1250 3616 iniurias
1282 3552 1409 3635 aliquas
1439 3545 1482 3611 uel
1576 3577 1577 3606 r

363 3654 546 3737 violentiae,
572 3655 711 3722 offensas
735 3658 790 3723 vel
806 3661 1031 3742 oppressiones
1049 3682 1278 3744 quascumque,
1297 3660 1373 3744 quin
1388 3674 1484 3742 ymmo
1576 3737 1577 3740 Ἴ

363 3764 451 3847 ipsos
467 3763 589 3830 liberos
606 3772 639 3830 et
656 3788 786 3832 securos
803 3768 851 3831 ire
867 3771 900 3832 et
915 3767 1021 3833 redire
1038 3790 1102 3853 quo
1112 3769 1279 3848 voluerint,
1297 3767 1485 3852 permictant

363 3872 432 3936 sine
467 3875 701 3939 contrarietate
736 3896 955 3960 quacumque,
982 3877 1129 3960 alioquin
1169 3877 1196 3941 si
1230 3875 1482 3947 contrafecerint,
1575 3863 1577 3924 ἒ

363 3981 491 4064 possint
515 4003 554 4046 ao
580 3981 719 4048 debeant
735 3983 814 4048 dicti
840 3984 1021 4068 Capitanei,
1041 3991 1075 4050 et
1091 3986 1157 4068 alii,
1173 3985 1332 4070 reputari,
1348 3979 1485 4050 accusari

363 4111 403 4154 ac
417 4093 523 4154 teneri
540 4090 580 4155 de
597 4090 661 4156 fide
677 4090 795 4170 fracta,
812 4097 845 4157 et
861 4092 1045 4175 proditores
1061 4095 1217 4176 reputari.

474 4197 559 4262 item
583 4200 785 4283 promictunt
802 4201 882 4265 dicti
900 4200 1101 4286 Oapitaneus
1117 4201 1223 4267 etalii
1242 4200 1389 4284 predicti,
1405 4195 1483 4282 quod
1576 4279 1577 4282 Ἴ

365 4304 505 4371 durante
530 4329 650 4390 guerra
668 4308 817 4392 predicta
834 4315 867 4373 et
883 4311 1071 4374 executione
1087 4310 1303 4394 predictorem
1319 4310 1484 4392 promisso
1575 4297 1577 4356 ἑ

363 4435 445 4494 rum,
470 4434 529 4497 per
553 4435 608 4479 eos
633 4421 664 4481 et
679 4422 792 4500 postea
809 4417 1079 4502 quandocumque
1096 4441 1158 4483 non
1173 4423 1285 4503 petent
1300 4440 1359 4484 nec
1383 4424 1483 4501 petere
1575 4485 1577 4488 .

363 4522 490 4604 possint
513 4544 572 4606 per
598 4544 631 4589 se
656 4524 708 4588 vel
731 4526 870 4591 alterum
898 4527 1092 4608 eorumdem,
1109 4529 1177 4593 sire
1202 4527 1380 4609 quemlibet
1394 4526 1483 4591 aliurn

365 4629 404 4696 de
424 4630 575 4696 sotietate
591 4633 740 4716 predicta
756 4641 889 4718 pactum
906 4636 1040 4719 aliquod
1054 4657 1247 4714 natumsed
1262 4637 1482 4708 conventiones,
