3254 5260
596 337 691 402 1343.
1175 346 1215 405 35

103 508 232 592 operibus
249 533 284 576 se
299 511 484 579 ostendunt.
502 512 717 580 Attendentes
732 512 835 595 igitur
852 511 1043 596 multiplicis
1059 514 1135 581 fidei
1151 537 1209 600 pu-

101 617 212 682 ritatem
236 627 266 684 et
285 620 469 687 deuotionis
485 620 727 704 plenitudinem,
743 641 842 703 quam
857 621 995 705 Egregii
1012 626 1045 686 et
1060 628 1208 705 potentes

20 783 23 810 ,
101 725 150 788 riri
163 725 322 794 bssadinus
338 733 372 792 et
386 728 510 794 Paulus
526 727 655 808 fratres,
671 735 707 794 et
722 726 783 792 filii
798 729 936 793 condam
952 728 1036 794 bone
1052 730 1207 794 memorie

20 811 24 926 i,
101 832 244 914 Magnifici
272 831 413 900 Comitis
438 833 583 916 Georgii,
610 832 755 901 Comites
775 831 901 916 Clissie,
919 832 1086 901 Scardona
1103 841 1135 900 et
1151 832 1212 899 Al·

101 939 179 1018 misii,
201 939 242 1004 ad
266 947 380 1007 nostre
396 940 636 1026 Magnitudinis
661 940 898 1008 Excellentiam
913 941 1034 1006 habere
1051 943 1212 1026 promptis

20 1081 23 1138 ἰ
99 1044 247 1112 affectibus
262 1070 297 1113 se
315 1049 499 1128 ostendunt,
514 1050 571 1132 qui
587 1069 713 1131 semper
728 1049 762 1114 in
778 1047 925 1132 agendis,
941 1070 1003 1132 que
1020 1070 1089 1128 nos,
1104 1049 1213 1115 Duoa-

97 1159 154 1216 tum
166 1159 359 1236 nostramet
369 1155 552 1237 singulares
567 1177 724 1239 personas
737 1155 887 1222 Duoatus
902 1156 1045 1221 eiusdem
1060 1163 1212 1241 tangunt,

20 1249 22 1274 ³
97 1257 210 1324 devotos
234 1268 267 1326 et
283 1269 453 1346 promptos
468 1261 678 1329 laudabiliter
695 1269 727 1328 et
742 1264 944 1328 incessanter
960 1283 994 1327 se
1009 1263 1210 1346 prebuerunt
1332 1255 1336 1264 “

20 1441 22 1462 ἐ
97 1371 124 1429 et
136 1369 271 1450 prebent,
287 1369 578 1453 supplicationibus
603 1370 696 1435 nobis
722 1390 834 1434 eorum
851 1375 946 1453 parte
963 1373 1121 1452 porrectis
1137 1391 1211 1454 gra·

20 1465 22 1508 ³
94 1474 192 1538 tiosius
207 1483 396 1559 annuentes,
413 1497 469 1542 eos
484 1482 518 1540 et
533 1475 710 1558 quemlibet
726 1496 845 1557 eorum,
860 1482 1018 1559 tanquam
1033 1475 1209 1540 benemeri-

94 1588 145 1660 tos,
166 1603 232 1648 curn
260 1583 407 1667 ipsorum
431 1583 615 1667 heredibus,
640 1590 826 1649 nostrorum
842 1585 984 1648 omnium
1001 1582 1207 1651 consiliorum

94 1695 119 1752 et
141 1689 435 1766 ordinamentorum
458 1690 644 1756 necessaria
669 1691 866 1757 solennitate
891 1698 1033 1772 serrata,
1052 1697 1209 1774 perpetuo

20 1809 40 1890 s
91 1797 119 1859 in
143 1806 264 1864 nostros
288 1801 376 1864 cives
401 1805 435 1863 et
459 1798 604 1867 Venetos
635 1799 815 1882 recepimus
846 1803 945 1881 atque
970 1797 1151 1882 recipimus,
1177 1805 1209 1863 et

20 1935 22 1988 1
91 1903 217 1972 Venetos
241 1913 274 1972 et
299 1907 386 1972 cives
411 1913 540 1971 nostros
563 1905 706 1989 fecimus,
726 1912 758 1970 et
773 1903 919 1985 iacimus,
940 1911 974 1970 et
989 1926 1050 1988 pro
1067 1904 1207 1972 Venetis

20 2015 22 2096 'f
90 2015 118 2074 et
139 2013 253 2080 ciuibus
279 2014 402 2080 nostris
418 2014 451 2078 in
468 2011 621 2079 Veneciis
639 2019 671 2077 et
687 2013 768 2079 alibi
785 2012 936 2094 deinceps
952 2011 1067 2077 baberi
1084 2017 1117 2076 et
1132 2033 1206 2095 pro-

20 2155 22 2210 Ξ
88 2121 190 2204 curari,
204 2122 293 2186 omni
318 2121 435 2186 effectu
461 2126 493 2185 et
519 2120 720 2204 plenitudine
736 2120 883 2184 uolumus
900 2125 933 2182 et
950 2120 1096 2202 tractari,
1112 2119 1200 2202 ipsos

20 2219 23 2306 l
91 2233 118 2290 et
138 2249 241 2294 eorum
267 2228 447 2311 quemlibet
472 2229 595 2293 sincere
613 2227 834 2294 benevolentis
855 2227 997 2295 brachiis
1015 2226 1202 2310 amplexen-

20 2309 22 2374 ξ
88 2340 142 2414 tce,
159 2342 189 2400 ct
212 2335 347 2400 firmiter
373 2341 564 2416 statuentes,
590 2334 678 2418 quod
703 2334 839 2416 singulis
866 2332 1082 2416 libertatibus,
1107 2334 1200 2397 bene·

89 2437 165 2520 liciis,
188 2442 444 2509 immunitatibus
469 2449 502 2506 et
526 2440 706 2507 honoribus
727 2435 984 2524 quibuscunque,
1010 2441 1127 2524 quibus
1144 2442 1202 2506 alii

20 2559 22 2610 ὲ
88 2549 381 2619 ciresVeneoiarum
393 2549 536 2633 gaudent
545 2555 576 2613 et
587 2547 711 2632 perfrui
722 2547 965 2630 dignoscuntur,
975 2546 1203 2630 prelatiEgre·

20 2669 22 2730 ξ
89 2656 169 2738 giiet
184 2665 332 2741 potentes
352 2658 413 2722 viri
423 2657 585 2722 Mladinus
601 2663 633 2722 et
649 2655 784 2737 Paulus,
795 2662 827 2720 et
843 2655 981 2738 quilibet
997 2675 1117 2738 eorunr,
1127 2675 1199 2718 curn

20 2761 21 2770 ³
87 2763 169 2828 dictis
179 2767 244 2833 suis
257 2765 433 2833 heredibus
444 2767 477 2830 in
487 2765 641 2833 Veneoiis
651 2771 685 2830 et
694 2770 787 2828 extra
803 2762 941 2828 ubilibet
951 2769 1107 2846 perpetuo
1124 2782 1202 2844 gau·

87 2870 173 2937 docnt
196 2881 228 2938 et
242 2881 383 2940 utantur.
422 2873 528 2939 Nobis
543 2894 670 2957 quoque
685 2871 824 2956 predicti
839 2869 976 2952 Egregii
1001 2870 1033 2933 et
1052 2873 1201 2952 potentes

20 2969 22 3046 l
87 2978 238 3048 bssadinus
254 2992 287 3050 et
312 2983 437 3048 Paulus
457 2982 610 3062 Comites,
627 2990 659 3047 et
675 2980 811 3066 quilibet
827 2999 949 3059 eorum,
965 2976 1140 3044 solenniter
1155 2975 1196 3040 sd

20 3065 22 3102 i
86 3084 196 3156 Sancta
210 3092 273 3158 Dei
288 3090 473 3173 Evangelia
488 3093 699 3173 prestiterunt
718 3086 887 3152 lielelitatis
912 3083 1021 3148 debite
1040 3083 1200 3147 iuramen-

86 3200 152 3264 tum
161 3199 200 3264 In
210 3199 436 3266 certitudinem
445 3198 676 3282 premissorum
685 3202 718 3260 et
734 3193 929 3260 evidentiam
938 3191 1118 3275 pleniorem
1128 3212 1200 3274 pre-

20 3367 22 3374 ,
87 3309 357 3394 senspririlegium
373 3307 446 3372 fieri
461 3307 620 3386 iussimus,
630 3305 784 3388 bullaque
801 3308 914 3367 nostra
929 3299 1083 3383 pendenti
1099 3319 1199 3365 aurea

20 3429 21 3478 l
85 3417 268 3482 communiri.
290 3417 416 3482 Datum
440 3417 474 3482 in
499 3423 611 3481 nostro
625 3413 746 3480 Duoali
771 3411 903 3495 pelatio,
921 3429 1007 3473 auno
1025 3404 1198 3472 Dominioe

85 3520 311 3592 incarnacionis
326 3526 497 3592 millesimo
514 3524 738 3590 trecentesimo
755 3517 1003 3605 quadragesimo
1020 3516 1132 3599 tercio,
1144 3513 1197 3579 die

20 3691 22 3728 Ξ
85 3633 186 3710 quinto
201 3635 318 3700 mensis
333 3633 536 3713 Decembris,
551 3629 636 3696 XII.
652 3627 850 3696 indictionis.

20 3855 21 3864 ,
178 3797 214 3856 (A
238 3797 335 3860 »Copia
349 3797 383 3846 de
393 3775 632 3849 commemorialn
645 3792 733 3842 ozimi'u
747 3789 885 3840 velenczei
908 3786 1133 3850 tllsmkdnyvbdl
1147 3783 1196 3834 IV.

85 3886 133 3936 lot
146 3892 167 3936 1.
186 3902 207 3937 r.
223 3891 279 3938 145.
292 3889 357 3949 lev.)
