3220 5262
729 340 965 387 nn’normczrsr
981 327 1149 386 mussan.

900 629 975 694 482.

377 792 413 857 V.
441 793 554 859 Orbo'n
575 795 669 880 pcipe
694 792 721 854 I.
746 791 847 878 Lojos
873 814 1013 880 mayycr
1037 792 1164 879 kirolys
1189 817 1211 858 a
1236 793 1371 860 torchoto
1402 793 1497 860 ellani

714 901 880 968 tamena
897 900 1052 986 bozditju.
1070 905 1165 968 1366.

480 1062 638 1135 Vrbanus
662 1063 846 1148 Episcopus
872 1068 933 1127 etc.
958 1061 1125 1128 carissimo
1150 1063 1186 1128 in
1202 1060 1335 1131 Christo
1351 1065 1421 1132 filio
1437 1067 1497 1132 Lu·

372 1173 486 1238 dovico
512 1171 599 1257 Regi
627 1171 775 1258 Vngarie
806 1171 926 1236 illustri
957 1169 1098 1237 salutem
1130 1179 1190 1238 ete.
1222 1171 1366 1240 Celestis
1397 1173 1496 1260 Regis

373 1280 515 1347 tenentis
540 1281 574 1346 in
599 1281 734 1347 excelsis
759 1280 933 1363 imperium
957 1279 1052 1362 vices,
1076 1279 1154 1346 licet
1168 1281 1332 1365 immeriti,
1349 1290 1497 1368 gerentes

370 1389 406 1454 in
429 1387 581 1455 Ecclesia
604 1385 783 1469 Militantc,
806 1386 905 1454 fidem
931 1384 1148 1470 Chatolioam,
1172 1395 1266 1455 extra
1290 1411 1391 1475 quam
1411 1392 1496 1458 salus

371 1496 553 1564 animarum
577 1518 641 1562 non
665 1495 826 1580 prouenit,
855 1503 1006 1561 tenemur
1036 1495 1199 1563 custodire
1230 1520 1433 1584 summopere
1461 1523 1496 1566 ao
1581 1507 1587 1524 ⁶

371 1603 520 1670 diffusius
545 1625 741 1690 propagare,
764 1603 878 1670 fideles
903 1624 1032 1688 quoque
1056 1605 1090 1670 in
1114 1605 1242 1672 unitate
1264 1607 1415 1674 Ecclesia
1429 1631 1497 1693 per·

372 1713 521 1780 sistentes
560 1733 621 1797 pro
661 1733 758 1797 posse
799 1719 982 1796 protegere,
1021 1714 1232 1798 ipsorumque
1260 1724 1496 1799 expugnatores

371 1820 549 1905 profugere
573 1841 633 1905 pro
658 1819 792 1902 viribus,
819 1827 853 1886 et
878 1821 921 1886 ad
946 1821 1009 1886 hoc
1034 1819 1239 1887 efficiendum
1270 1822 1381 1891 fideles
1412 1827 1497 1908 ipsos

372 1929 601 2014 spiritualibus
626 1927 719 1996 donis
746 1935 779 1995 et
802 1930 921 2014 gratiis
945 1931 1096 2010 invitare,
1120 1937 1157 1996 ut
1173 1929 1348 1998 tenebrosa
1363 1932 1496 1998 infideli·

286 2101 292 2114 ,
369 2038 448 2104 tatis
471 2038 656 2104 obscenitas
682 2038 777 2104 cedat
801 2037 948 2105 eiusdem
973 2037 1048 2104 fidei
1074 2039 1231 2120 claritati,
1257 2042 1369 2123 sicque
1384 2041 1495 2124 impio-

369 2168 441 2212 rum
466 2145 634 2211 temeritas
657 2167 848 2231 presumens
872 2147 1050 2213 molestare
1075 2169 1114 2213 ac
1134 2147 1296 2232 dissipare
1312 2147 1377 2213 Dei
1393 2171 1492 2232 popu-

369 2254 446 2337 lum,
470 2254 679 2339 reprimatur,
695 2254 782 2338 quod
807 2255 950 2322 cultores
976 2255 1151 2322 Trinitatis
1176 2255 1219 2322 ab
1243 2255 1424 2322 infidelium
1442 2257 1495 2323 ho

370 2363 508 2429 stilitate
533 2363 638 2429 securi
663 2362 798 2429 liberius
823 2364 955 2429 valeant
979 2361 1152 2431 Altissimo
1177 2364 1340 2430 famulari.
1360 2363 1449 2431 Sane
1463 2368 1495 2432 in

368 2469 534 2554 publicam
558 2471 721 2537 notionem
736 2473 880 2538 omnium
895 2493 978 2556 pene
994 2469 1138 2538 Christri
1153 2471 1308 2555 fidelium,
1324 2475 1493 2557 presertim

368 2579 575 2645 orientalium
600 2578 747 2645 noscitur
769 2579 945 2660 devenisse,
981 2580 1067 2664 quod
1100 2581 1275 2666 impiorum
1308 2579 1494 2662 Turoorum,

368 2687 608 2754 sevissimorum
641 2685 784 2753 hostium
815 2685 995 2754 Christiani
1025 2689 1174 2769 nominis,
1204 2689 1313 2755 rabies
1344 2690 1379 2755 in
1411 2691 1494 2774 ipsos

367 2795 480 2863 fideles
505 2797 539 2861 in
564 2795 678 2861 eadem
704 2794 829 2860 unitate
855 2795 941 2862 dicte
966 2795 1115 2862 Ecclesie
1139 2799 1352 2880 persistentes
1368 2798 1492 2882 impug-

366 2906 515 2972 nantium
539 2905 714 2971 retroactis
739 2903 941 2989 temporibus
957 2905 1003 2970 sic
1019 2907 1175 2986 excreuit,
1201 2907 1248 2972 sic
1262 2905 1431 2974 feritatem
1446 2910 1493 2973 sui

365 3014 486 3080 furoris
512 3013 663 3096 armauit,
687 3015 774 3098 quod
799 3035 910 3081 eorum
926 3015 1059 3096 viribus,
1075 3036 1156 3099 quas
1170 3015 1325 3082 fortiores
1341 3015 1420 3081 fecit
1435 3039 1493 3082 sua

367 3122 556 3205 crudelitas,
583 3121 788 3204 conglobatis
813 3122 986 3190 nonnullas
1019 3123 1152 3207 insulas,
1184 3124 1346 3208 ciuitates,
1379 3131 1493 3206 castra,

364 3230 468 3311 villas,
483 3230 606 3296 casalia
621 3237 653 3296 et
668 3230 740 3296 loon
755 3252 866 3297 eorum
882 3230 1028 3298 fidelium
1044 3231 1301 3317 presumptuosis
1321 3232 1490 3300 conatibns

365 3344 578 3423 occuparunt,
603 3345 636 3403 et
660 3338 817 3405 nonnulla
842 3361 881 3405 ex
906 3340 953 3406 eis
979 3339 1126 3406 detinent
1149 3348 1318 3424 occupata,
1335 3341 1403 3408 alia
1419 3362 1488 3408 vero

365 3453 552 3512 cremarunt
576 3447 811 3530 incendiasse
837 3447 905 3513 alia
931 3447 1108 3514 crudeliter
1127 3448 1368 3531 destruxerunt,
1383 3471 1490 3516 eorum

362 3554 478 3621 incolis
493 3556 661 3640 utriusque
687 3577 790 3638 sexus,
812 3554 1053 3639 professoribus
1079 3558 1299 3624 sacratissime
1315 3557 1401 3642 fidei,
1416 3558 1486 3624 aliis

362 3663 581 3730 inhumaniter
596 3662 684 3728 ferro
698 3663 885 3748 peremptis,
900 3663 974 3729 aliis
990 3663 1123 3749 fugatis,
1138 3672 1172 3731 et
1187 3657 1261 3731 aliis
1277 3667 1310 3731 in
1327 3666 1486 3733 miseriam

363 3770 584 3837 infelicissime
608 3770 813 3854 captiuitatis
829 3770 988 3852 abductis,
1004 3779 1037 3838 et
1053 3773 1203 3858 ascriptis
1218 3779 1289 3839 tam
1305 3775 1487 3841 abhomina-

362 3880 440 3947 bilis
480 3878 621 3945 nationis
655 3885 811 3963 perpetue
836 3880 993 3964 servituti,
1028 3879 1303 3965 depopulatisque
1328 3882 1485 3948 nonnullis

362 3989 477 4054 insulis
492 3987 658 4070 aliisquet
661 3988 743 4053 erris
759 3987 798 4052 de
814 3986 965 4071 partrbus
974 3989 1258 4072 ultramarinum
1268 3989 1385 4074 quibus
1395 3991 1484 4058 iidem
1586 4019 1587 4022 ¹

361 4095 474 4163 fideles
500 4094 674 4179 degebant,
701 4095 885 4162 siccorum
911 4117 1039 4180 semper
1066 4097 1213 4165 ascendit
1246 4100 1411 4183 superbia,
1443 4101 1485 4164 sio
1585 4107 1587 4158 j

362 4225 462 4271 ausus
488 4203 544 4270 det
530 4209 596 4270 ttes
582 4203 701 4270 tabiles
727 4225 794 4270 non
819 4204 983 4271 invenient
985 4225 1019 4271 es
969 4205 1182 4272 tvalidum
1199 4206 1324 4273 obicem
1340 4229 1482 4292 angmen-
1585 4199 1587 4274 l

360 4318 432 4378 tant
433 4333 472 4377 ur
419 4311 634 4379 tassidue·
627 4311 739 4397 ,quod
756 4334 776 4378 a
792 4317 861 4378 cert
862 4314 889 4379 is
906 4315 991 4379 citra
1005 4313 1210 4399 temporibus
1226 4315 1378 4400 Regnum
1389 4313 1480 4399 Cipri,
1586 4319 1587 4396 ,

362 4419 450 4504 quod
474 4419 594 4486 colitur
610 4441 631 4486 a
646 4420 796 4486 fidelibus
811 4419 993 4504 prelibatis,
1011 4422 1138 4506 ingredi
1155 4428 1187 4488 et
1203 4421 1336 4507 predari
1352 4428 1480 4506 tempta-

361 4535 447 4612 runt,
472 4529 645 4597 nonnullos
669 4531 841 4615 utriusque
869 4550 964 4596 sexus
990 4529 1104 4598 exinde
1129 4529 1335 4598 christicolas
1359 4532 1481 4614 abspor-
