3220 5262
381 380 446 442 626
732 394 968 442 nncoulezmr
984 381 1153 442 ructans.

914 683 990 748 464.

381 847 572 935 Upyanezan
597 846 694 934 copel
721 867 806 932 capy
824 838 925 924 schir
941 847 1024 912 laudi
1045 861 1162 934 ccupat
1183 873 1205 913 α
1222 833 1331 912 cornui
1352 848 1469 934 epyddz
1485 849 1515 911 e'a

500 955 527 1019 1.
542 955 699 1020 Jotanna
715 953 844 1019 sicilici
859 954 1015 1042 kirdlpoc
1029 957 1285 1043 szolpo‘latctbao.
1305 957 1400 1022 1365.

488 1115 530 1182 In
554 1115 685 1182 nomine
708 1114 841 1182 Domini
857 1117 963 1182 nostri
979 1116 1079 1183 Ibesu
1095 1116 1214 1184 Amen.
1234 1114 1337 1183 Anno
1353 1114 1518 1184 Natiuita-

381 1223 424 1290 tis
449 1221 592 1290 eiusdem
609 1219 868 1294 nacconxV.
883 1225 1060 1292 indictione
1076 1226 1186 1307 tertia,
1201 1231 1350 1310 tempore
1378 1224 1518 1292 Sanctis-

382 1333 456 1398 simi
479 1333 515 1399 in
539 1329 671 1398 christo
697 1317 817 1398 rami·
834 1339 868 1398 et
898 1331 1041 1417 nomini,
1073 1335 1196 1402 domini
1227 1333 1358 1401 Urbani
1390 1333 1518 1398 Druna

380 1439 593 1525 prouidentia
616 1439 707 1524 Pape
731 1438 774 1507 V.
799 1439 852 1506 die
877 1440 1003 1509 ΧΠΙΙ.
1022 1444 1143 1510 mensis
1159 1441 1324 1510 Januarii.
1348 1441 1518 1510 Vniuersis

380 1555 413 1614 et
438 1548 574 1634 singulis
599 1547 662 1614 hoc
686 1569 820 1632 presens
846 1549 1099 1617 instrumentum
1123 1551 1290 1636 publicum
1316 1551 1509 1636 inspecturis

384 1662 499 1741 pateat
515 1657 692 1740 evidenter,
709 1657 798 1740 quod
813 1657 1011 1743 Magnificus
1027 1667 1061 1726 et
1076 1659 1241 1744 Egreffl'ns
1251 1659 1356 1742 miles,
1370 1659 1514 1724 dominus

386 1765 549 1832 Blaschns
574 1765 745 1832 Fornandi
769 1765 810 1832 de
834 1765 968 1834 Bclriso
993 1767 1162 1834 Prouintie
1180 1765 1352 1852 Spoletani
1367 1766 1513 1833 Ducatus

390 1895 451 1958 pro
477 1871 600 1940 Sancta
616 1873 767 1940 Romana
793 1873 943 1942 Ecclesia
962 1875 1087 1942 Rector
1103 1881 1260 1959 tanquam
1276 1883 1470 1960 procurator
1485 1879 1514 1938 et

387 1981 614 2066 procuratorio
639 1981 769 2048 nomine
786 1981 931 2048 eiusdem
949 1981 1098 2050 Romane
1113 1982 1261 2050 Ecclesie
1279 1983 1360 2063 stb.;
1376 1989 1412 2048 et
1426 1981 1518 2065 Mag·

388 2089 504 2156 uilicus
529 2095 562 2154 et
587 2087 751 2174 Egregius
777 2089 875 2156 Miles
900 2091 1050 2158 dominns
1067 2091 1242 2159 Gometius
1258 2091 1299 2158 de
1320 2089 1517 2157 Albornocio

388 2199 511 2264 Rector
536 2195 636 2264 Ourie
660 2196 795 2267 Vicarie
820 2198 929 2284 Regni
955 2197 1076 2283 Sicilie,
1101 2207 1261 2286 tanquam
1276 2207 1473 2285 procurator
1486 2205 1518 2265 et

389 2307 614 2392 procuratorio
639 2308 770 2374 nomine
795 2315 828 2374 et
852 2330 912 2392 pro
939 2316 1034 2394 parte
1050 2310 1152 2394 ipsius
1168 2310 1296 2376 domine
1313 2309 1441 2393 Regiae
1458 2309 1518 2374 stb.

387 2437 428 2481 ex
452 2421 546 2500 parte
572 2437 656 2498 una3
680 2422 713 2481 et
736 2414 874 2482 Nobiles
899 2417 962 2482 riri
986 2417 1157 2484 Johsnnes
1182 2416 1319 2499 Rodum,
1348 2417 1516 2484 Johannes

388 2524 517 2606 Forinc‚
533 2523 559 2590 J
560 2524 706 2590 ohannes
723 2523 889 2606 Stract0n‚
899 2523 1065 2592 Robertus
1075 2523 1183 2610 Seuer,
1195 2523 1327 2593 Addam
1344 2524 1386 2590 de
1402 2522 1517 2590 Stodec

385 2641 418 2700 et
433 2633 597 2701 Henricus
620 2635 661 2701 de
687 2632 803 2700 Semur
830 2634 871 2700 de
892 2632 1036 2719 Anglia;
1051 2633 1196 2702 Michael
1211 2633 1252 2700 de
1281 2629 1372 2714 Sala,
1398 2632 1516 2698 Lenze-

384 2742 492 2809 loctus
524 2742 564 2808 de
596 2740 763 2828 Samusce,
795 2742 915 2809 Petrus
946 2742 987 2808 de
1019 2742 1170 2809 Marchio
1203 2749 1238 2810 et
1268 2740 1452 2808 Nicholnus
1479 2741 1516 2806 de

389 2849 539 2935 Sagmia,
564 2852 682 2918 sindici
706 2857 740 2916 et
755 2858 882 2918 actores
899 2855 932 2918 et
948 2859 1177 2934 procuratores
1193 2857 1226 2916 et
1242 2851 1352 2916 nuncii
1369 2847 1518 2936 Magnifi-

390 2981 500 3026 corum
526 2965 560 3027 et
584 2959 754 3026 Nobilium
780 2962 925 3026 virorum
941 2959 1147 3026 dominorum
1164 2958 1348 3044 (lepitanei¹
1366 2957 1519 3024 Conests·

388 3067 473 3148 bilis,
499 3066 734 3135 Marescialchi
759 3075 792 3134 et
818 3068 956 3136 Consilii
973 3065 1149 3134 Societatis
1165 3067 1388 3152 predictorum
1405 3067 1467 3134 stb.
1484 3087 1520 3130 ex

387 3183 483 3259 parte
509 3175 633 3258 altera3
658 3177 783 3244 Divina
798 3176 846 3242 eis
860 3175 993 3242 fauente
1010 3176 1185 3243 clementia
1201 3177 1264 3242 stb.
1279 3175 1323 3241 ad
1339 3183 1519 3260 presentem

390 3281 596 3349 concordiam
607 3291 639 3350 et
655 3283 865 3368 infrascripta
884 3283 1037 3369 capitula,
1048 3285 1280 3352 conventiones
1296 3292 1330 3350 et
1345 3291 1446 3369 pacta
1460 3283 1518 3348 stb.

389 3390 601 3475 solempniter
618 3391 821 3458 deuenerunt
836 3392 899 3458 stb.

254 3485 256 3488 ¹
496 3498 663 3584 Imprimis
702 3500 862 3582 videlicet,
910 3501 998 3585 quod
1037 3497 1249 3586 Capitonem,
1295 3498 1520 3578 Conestabilis,

390 3603 617 3691 Marescallus,
642 3607 906 3692 Submaresoalli,
932 3609 1048 3677 etalii
1074 3607 1262 3696 Oaporales,
1286 3630 1326 3675 ac
1352 3629 1464 3674 omnes
1488 3613 1518 3672 ct

392 3714 511 3800 singuli
536 3715 578 3782 de
602 3713 767 3785 Societate
791 3718 949 3802 predicta,
966 3725 1000 3784 et
1014 3723 1086 3784 tota
1101 3719 1173 3802 ipsa
1198 3716 1348 3784 Societas
1366 3717 1521 3782 conduxe-

394 3829 472 3890 runt
496 3829 529 3890 et
552 3824 763 3894 firmaverunt
789 3849 834 3910 se,
859 3833 894 3893 et
908 3825 1062 3894 conducti
1078 3831 1112 3892 et
1127 3825 1249 3892 firmati
1266 3833 1343 3892 sunt
1360 3835 1394 3894 et
1409 3829 1518 3896 intelli-

393 3938 522 4017 gantur‚
547 3933 591 4000 ad
616 3935 781 4018 stipendia
797 3942 830 4000 et
847 3935 980 4002 servitia
996 3933 1116 4002 Sancte
1133 3933 1281 4001 Romane
1301 3934 1444 4001 Ecclesia
1459 3937 1516 4002 stb.

391 4047 424 4106 et
450 4039 664 4110 Serenissime
688 4051 721 4110 et
747 4043 1032 4111 Excellentissime
1057 4039 1207 4124 Domine,
1238 4042 1368 4110 domine
1396 4044 1516 4129 Regino

391 4149 577 4218 Jerusalem
604 4159 637 4218 et
663 4150 774 4220 Sicilie
799 4153 945 4238 predicte
972 4151 1033 4218 stb.
1060 4159 1174 4218 contra
1196 4172 1307 4218 omnes
1323 4158 1356 4216 et
1373 4152 1518 4236 singulos

393 4260 452 4342 qui
468 4259 662 4327 invaderent
677 4265 733 4329 aut
748 4268 946 4347 occuparent
962 4259 1024 4326 stb.
1042 4261 1187 4344 aliquam
1206 4259 1385 4342 ciuitatem,
1395 4267 1515 4340 terram,

393 4368 604 4452 provinciam,
628 4377 782 4454 castrum,
798 4369 1000 4436 territorium
1014 4390 1072 4434 seu
1090 4367 1196 4433 locum
1212 4365 1362 4434 Romane
1378 4365 1515 4435 Ecclesia

393 4475 444 4542 vel
469 4474 598 4543 domine
623 4474 750 4561 Regiae
776 4485 809 4544 et
834 4476 1060 4544 subcessorum
1086 4476 1155 4542 eius
1180 4475 1242 4558 stb,
1273 4481 1307 4539 et
1337 4474 1514 4559 specialiter

394 4591 508 4664 contra
534 4583 735 4655 Societatem
762 4587 888 4654 domini
912 4582 1093 4650 Annichini
1117 4584 1156 4650 de
1173 4583 1353 4668 Bongardo
1370 4589 1405 4648 et
1419 4584 1512 4668 ipsun
