<?xml version="1.0" encoding="UTF-8"?>
<!DOCTYPE html PUBLIC "-//W3C//DTD XHTML 1.0 Transitional//EN"
    "http://www.w3.org/TR/xhtml1/DTD/xhtml1-transitional.dtd">
<html xmlns="http://www.w3.org/1999/xhtml" xml:lang="en" lang="en">
 <head>
  <title>
</title>
<meta http-equiv="Content-Type" content="text/html;charset=utf-8" />
  <meta name='ocr-system' content='tesseract 3.04.00' />
  <meta name='ocr-capabilities' content='ocr_page ocr_carea ocr_par ocr_line ocrx_word'/>
</head>
<body>
  <div class='ocr_page' id='page_1' title='image "./magyardiplomacz01wenzgoog_0407.png"; bbox 0 0 3108 5246; ppageno 0'>
   <div class='ocr_carea' id='block_1_1' title="bbox 550 393 1169 468">
    <p class='ocr_par' dir='ltr' id='par_1_1' title="bbox 550 393 1169 468">
     <span class='ocr_line' id='line_1_1' title="bbox 550 393 1169 468; baseline -0.002 -6"><span class='ocrx_word' id='word_1_1' title='bbox 550 393 645 468; x_wconf 75' lang='lat' dir='ltr'>lala.</span> <span class='ocrx_word' id='word_1_2' title='bbox 1108 396 1169 462; x_wconf 73' lang='lat'>371</span> 
     </span>
    </p>
   </div>
   <div class='ocr_carea' id='block_1_2' title="bbox 46 575 1175 1184">
    <p class='ocr_par' dir='ltr' id='par_1_2' title="bbox 46 575 1175 1184">
     <span class='ocr_line' id='line_1_2' title="bbox 52 575 1175 662; baseline -0.004 -16"><span class='ocrx_word' id='word_1_3' title='bbox 52 601 116 646; x_wconf 87' lang='lat' dir='ltr'>core</span> <span class='ocrx_word' id='word_1_4' title='bbox 133 579 322 648; x_wconf 87' lang='lat' dir='ltr'>mandatum</span> <span class='ocrx_word' id='word_1_5' title='bbox 339 586 495 645; x_wconf 87' lang='lat' dir='ltr'>nostrum.</span> <span class='ocrx_word' id='word_1_6' title='bbox 512 576 548 644; x_wconf 83' lang='lat' dir='ltr'>si</span> <span class='ocrx_word' id='word_1_7' title='bbox 565 599 640 644; x_wconf 83' lang='lat' dir='ltr'>vero</span> <span class='ocrx_word' id='word_1_8' title='bbox 656 575 829 660; x_wconf 88' lang='lat' dir='ltr'>haberetis,</span> <span class='ocrx_word' id='word_1_9' title='bbox 855 578 967 662; x_wconf 84' lang='lat' dir='ltr'>quod</span> <span class='ocrx_word' id='word_1_10' title='bbox 992 577 1083 644; x_wconf 79' lang='lat' dir='ltr'>Rex</span> <span class='ocrx_word' id='word_1_11' title='bbox 1098 576 1175 643; x_wconf 91' lang='lat' dir='ltr'>ali·</span> 
     </span>
     <span class='ocr_line' id='line_1_3' title="bbox 51 685 1174 773; baseline -0.001 -21"><span class='ocrx_word' id='word_1_12' title='bbox 51 697 111 752; x_wconf 83' lang='lat' dir='ltr'>ter</span> <span class='ocrx_word' id='word_1_13' title='bbox 133 697 286 754; x_wconf 85' lang='lat' dir='ltr'>staret</span> <span class='ocrx_word' id='word_1_14' title='bbox 311 688 533 773; x_wconf 86' lang='lat' dir='ltr'>graviter,</span> <span class='ocrx_word' id='word_1_15' title='bbox 555 686 623 753; x_wconf 85' lang='lat' dir='ltr'>vel</span> <span class='ocrx_word' id='word_1_16' title='bbox 647 693 770 752; x_wconf 87' lang='lat' dir='ltr'>esset</span> <span class='ocrx_word' id='word_1_17' title='bbox 802 686 1034 770; x_wconf 79' lang='lat' dir='ltr'>migratus,</span> <span class='ocrx_word' id='word_1_18' title='bbox 1058 685 1174 752; x_wconf 81' lang='lat' dir='ltr'>‹lebeu-</span> 
     </span>
     <span class='ocr_line' id='line_1_4' title="bbox 52 787 1174 880; baseline -0.001 -20"><span class='ocrx_word' id='word_1_19' title='bbox 52 797 88 860; x_wconf 85' lang='lat' dir='ltr'>tis</span> <span class='ocrx_word' id='word_1_20' title='bbox 103 787 159 863; x_wconf 75' lang='lat' dir='ltr'>ros</span> <span class='ocrx_word' id='word_1_21' title='bbox 176 797 323 880; x_wconf 86' lang='lat' dir='ltr'>plenarie</span> <span class='ocrx_word' id='word_1_22' title='bbox 339 794 519 861; x_wconf 86' lang='lat' dir='ltr'>informare</span> <span class='ocrx_word' id='word_1_23' title='bbox 536 793 577 859; x_wconf 91' lang='lat' dir='ltr'>de</span> <span class='ocrx_word' id='word_1_24' title='bbox 602 793 845 860; x_wconf 82' lang='lat' dir='ltr'><strong>condicionibus</strong></span> <span class='ocrx_word' id='word_1_25' title='bbox 861 792 977 878; x_wconf 81' lang='lat' dir='ltr'>Regni,</span> <span class='ocrx_word' id='word_1_26' title='bbox 997 799 1030 860; x_wconf 85' lang='lat' dir='ltr'>et</span> <span class='ocrx_word' id='word_1_27' title='bbox 1046 790 1086 860; x_wconf 86' lang='lat' dir='ltr'>de</span> <span class='ocrx_word' id='word_1_28' title='bbox 1101 793 1174 872; x_wconf 86' lang='lat' dir='ltr'>biis,</span> 
     </span>
     <span class='ocr_line' id='line_1_5' title="bbox 49 899 1173 986; baseline -0.002 -18"><span class='ocrx_word' id='word_1_29' title='bbox 49 907 98 986; x_wconf 83' lang='lat' dir='ltr'>qui</span> <span class='ocrx_word' id='word_1_30' title='bbox 122 911 349 970; x_wconf 83' lang='lat' dir='ltr'>remanserunt</span> <span class='ocrx_word' id='word_1_31' title='bbox 376 903 419 967; x_wconf 86' lang='lat' dir='ltr'>ad</span> <span class='ocrx_word' id='word_1_32' title='bbox 450 903 721 986; x_wconf 71' lang='lat' dir='ltr'>gubernacionem</span> <span class='ocrx_word' id='word_1_33' title='bbox 753 901 869 986; x_wconf 87' lang='lat' dir='ltr'>Regni,</span> <span class='ocrx_word' id='word_1_34' title='bbox 885 909 917 966; x_wconf 92' lang='lat' dir='ltr'>et</span> <span class='ocrx_word' id='word_1_35' title='bbox 934 899 1083 967; x_wconf 89' lang='lat' dir='ltr'>omnibus</span> <span class='ocrx_word' id='word_1_36' title='bbox 1099 900 1173 966; x_wconf 89' lang='lat' dir='ltr'>aliis</span> 
     </span>
     <span class='ocr_line' id='line_1_6' title="bbox 47 1006 1174 1094; baseline -0.002 -19"><span class='ocrx_word' id='word_1_37' title='bbox 47 1013 128 1076; x_wconf 85' lang='lat' dir='ltr'>circa</span> <span class='ocrx_word' id='word_1_38' title='bbox 159 1013 234 1094; x_wconf 87' lang='lat' dir='ltr'>ista,</span> <span class='ocrx_word' id='word_1_39' title='bbox 266 1019 300 1076; x_wconf 84' lang='lat' dir='ltr'>ot</span> <span class='ocrx_word' id='word_1_40' title='bbox 325 1011 462 1076; x_wconf 79' lang='lat' dir='ltr'>sollicite</span> <span class='ocrx_word' id='word_1_41' title='bbox 479 1010 696 1078; x_wconf 81' lang='lat' dir='ltr'>rescribentes</span> <span class='ocrx_word' id='word_1_42' title='bbox 719 1007 822 1090; x_wconf 88' lang='lat' dir='ltr'>nobis,</span> <span class='ocrx_word' id='word_1_43' title='bbox 839 1013 1010 1093; x_wconf 86' lang='lat' dir='ltr'>expectare</span> <span class='ocrx_word' id='word_1_44' title='bbox 1026 1006 1174 1074; x_wconf 83' lang='lat' dir='ltr'>debeatis</span> 
     </span>
     <span class='ocr_line' id='line_1_7' title="bbox 46 1117 406 1184; baseline -0.003 -2"><span class='ocrx_word' id='word_1_45' title='bbox 46 1125 188 1183; x_wconf 89' lang='lat' dir='ltr'>nostrum</span> <span class='ocrx_word' id='word_1_46' title='bbox 204 1117 406 1184; x_wconf 89' lang='lat' dir='ltr'>mandatum.</span> 
     </span>
    </p>
   </div>
   <div class='ocr_carea' id='block_1_3' title="bbox 111 1259 1101 1329">
    <p class='ocr_par' dir='ltr' id='par_1_3' title="bbox 111 1259 1101 1329">
     <span class='ocr_line' id='line_1_8' title="bbox 111 1259 1101 1329; baseline 0.002 -17"><span class='ocrx_word' id='word_1_47' title='bbox 111 1263 145 1325; x_wconf 78' lang='grc' dir='ltr'>(Α</span> <span class='ocrx_word' id='word_1_48' title='bbox 162 1264 273 1313; x_wconf 57' lang='lat' dir='ltr'>abiistir⁴</span> <span class='ocrx_word' id='word_1_49' title='bbox 291 1265 381 1314; x_wconf 80' lang='lat' dir='ltr'>czimtt</span> <span class='ocrx_word' id='word_1_50' title='bbox 394 1263 533 1316; x_wconf 79' lang='lat' dir='ltr'>relenczei</span> <span class='ocrx_word' id='word_1_51' title='bbox 545 1263 783 1329; x_wconf 77' lang='lat' dir='ltr'>allamkbnyvbb&#39;l.</span> <span class='ocrx_word' id='word_1_52' title='bbox 793 1259 881 1314; x_wconf 83' lang='lat' dir='ltr'>XXV.</span> <span class='ocrx_word' id='word_1_53' title='bbox 891 1263 947 1314; x_wconf 74' lang='lat' dir='ltr'>kbt.</span> <span class='ocrx_word' id='word_1_54' title='bbox 965 1265 1022 1316; x_wconf 81' lang='grc'><strong>134.</strong></span> <span class='ocrx_word' id='word_1_55' title='bbox 1037 1263 1101 1323; x_wconf 80' lang='lat' dir='ltr'>lev.)</span> 
     </span>
    </p>
   </div>
   <div class='ocr_carea' id='block_1_4' title="bbox 526 1407 624 1416">
    <p class='ocr_par' dir='ltr' id='par_1_4' title="bbox 526 1407 624 1416">
     <span class='ocr_line' id='line_1_9' title="bbox 526 1407 624 1416; baseline -0.031 0"><span class='ocrx_word' id='word_1_56' title='bbox 526 1407 571 1416; x_wconf 71' lang='lat'>...-</span> <span class='ocrx_word' id='word_1_57' title='bbox 579 1407 624 1414; x_wconf 75' lang='grc'><strong>..--</strong></span> 
     </span>
    </p>
   </div>
   <div class='ocr_carea' id='block_1_5' title="bbox 572 1553 645 1617">
    <p class='ocr_par' dir='ltr' id='par_1_5' title="bbox 572 1553 645 1617">
     <span class='ocr_line' id='line_1_10' title="bbox 572 1553 645 1617; baseline -0.041 0"><span class='ocrx_word' id='word_1_58' title='bbox 572 1553 645 1617; x_wconf 90' lang='grc'><strong>301.</strong></span> 
     </span>
    </p>
   </div>
   <div class='ocr_carea' id='block_1_6' title="bbox 64 1660 1146 1801">
    <p class='ocr_par' dir='ltr' id='par_1_6' title="bbox 64 1660 1146 1801">
     <span class='ocr_line' id='line_1_11' title="bbox 64 1660 1146 1801; baseline 0 -25"><span class='ocrx_word' id='word_1_59' title='bbox 64 1709 91 1776; x_wconf 83' lang='lat' dir='ltr'><em>A</em></span> <span class='ocrx_word' id='word_1_60' title='bbox 107 1713 262 1779; x_wconf 81' lang='lat' dir='ltr'>velenczei</span> <span class='ocrx_word' id='word_1_61' title='bbox 287 1714 570 1801; x_wconf 73' lang='lat' dir='ltr'>kiiztctracactgnak</span> <span class='ocrx_word' id='word_1_62' title='bbox 594 1714 621 1777; x_wconf 84' lang='grc' dir='ltr'>Ι.</span> <span class='ocrx_word' id='word_1_63' title='bbox 639 1713 736 1799; x_wconf 75' lang='lat' dir='ltr'>Lajoa</span> <span class='ocrx_word' id='word_1_64' title='bbox 752 1736 896 1800; x_wconf 70' lang='lat' dir='ltr'>mappas·</span> <span class='ocrx_word' id='word_1_65' title='bbox 911 1660 1033 1800; x_wconf 62' lang='lat' dir='ltr'>kirtly.</span> <span class='ocrx_word' id='word_1_66' title='bbox 1051 1711 1146 1778; x_wconf 76' lang='lat'><strong><em>1349.</em></strong></span> 
     </span>
    </p>
   </div>
   <div class='ocr_carea' id='block_1_7' title="bbox 3 1868 1169 3464">
    <p class='ocr_par' dir='ltr' id='par_1_7' title="bbox 47 1868 1169 2156">
     <span class='ocr_line' id='line_1_12' title="bbox 142 1868 1168 1956; baseline -0.004 -17"><span class='ocrx_word' id='word_1_67' title='bbox 142 1874 274 1942; x_wconf 83' lang='lat' dir='ltr'>Littera</span> <span class='ocrx_word' id='word_1_68' title='bbox 298 1872 457 1940; x_wconf 84' lang='lat' dir='ltr'>Ludovici</span> <span class='ocrx_word' id='word_1_69' title='bbox 480 1871 581 1956; x_wconf 88' lang='lat' dir='ltr'>Regis</span> <span class='ocrx_word' id='word_1_70' title='bbox 605 1873 778 1956; x_wconf 87' lang='lat' dir='ltr'>Hungarie</span> <span class='ocrx_word' id='word_1_71' title='bbox 794 1872 837 1938; x_wconf 88' lang='lat' dir='ltr'>ad</span> <span class='ocrx_word' id='word_1_72' title='bbox 869 1868 995 1938; x_wconf 89' lang='lat' dir='ltr'>Ducem</span> <span class='ocrx_word' id='word_1_73' title='bbox 1012 1869 1168 1939; x_wconf 89' lang='lat' dir='ltr'>Venetia·</span> 
     </span>
     <span class='ocr_line' id='line_1_13' title="bbox 50 1979 1169 2066; baseline 0.002 -22"><span class='ocrx_word' id='word_1_74' title='bbox 50 2002 123 2064; x_wconf 91' lang='lat' dir='ltr'>rum,</span> <span class='ocrx_word' id='word_1_75' title='bbox 139 2003 224 2066; x_wconf 87' lang='lat' dir='ltr'>quas</span> <span class='ocrx_word' id='word_1_76' title='bbox 246 1980 489 2048; x_wconf 86' lang='lat' dir='ltr'>Ambaxatores</span> <span class='ocrx_word' id='word_1_77' title='bbox 514 1980 636 2049; x_wconf 85' lang='lat' dir='ltr'>Veneti</span> <span class='ocrx_word' id='word_1_78' title='bbox 660 1982 696 2047; x_wconf 92' lang='lat' dir='ltr'>in</span> <span class='ocrx_word' id='word_1_79' title='bbox 712 1979 822 2046; x_wconf 87' lang='lat' dir='ltr'>reditu</span> <span class='ocrx_word' id='word_1_80' title='bbox 838 2000 897 2045; x_wconf 90' lang='lat' dir='ltr'>suo</span> <span class='ocrx_word' id='word_1_81' title='bbox 913 1986 1169 2064; x_wconf 84' lang='lat' dir='ltr'>apportaverunt</span> 
     </span>
     <span class='ocr_line' id='line_1_14' title="bbox 47 2087 207 2156; baseline 0.006 -1"><span class='ocrx_word' id='word_1_82' title='bbox 47 2087 207 2156; x_wconf 78' lang='lat' dir='ltr'>Venetias.</span> 
     </span>
    </p>

    <p class='ocr_par' dir='ltr' id='par_1_8' title="bbox 3 2191 1169 3464">
     <span class='ocr_line' id='line_1_15' title="bbox 146 2191 1169 2282; baseline -0.002 -18"><span class='ocrx_word' id='word_1_83' title='bbox 146 2191 348 2265; x_wconf 85' lang='lat' dir='ltr'>Serenitatis</span> <span class='ocrx_word' id='word_1_84' title='bbox 364 2197 484 2267; x_wconf 83' lang='lat' dir='ltr'>Vestro</span> <span class='ocrx_word' id='word_1_85' title='bbox 501 2197 643 2264; x_wconf 82' lang='lat' dir='ltr'>amicitie</span> <span class='ocrx_word' id='word_1_86' title='bbox 659 2204 788 2264; x_wconf 84' lang='lat' dir='ltr'>constat</span> <span class='ocrx_word' id='word_1_87' title='bbox 803 2197 978 2280; x_wconf 85' lang='lat' dir='ltr'>evidenter,</span> <span class='ocrx_word' id='word_1_88' title='bbox 994 2196 1082 2282; x_wconf 90' lang='lat' dir='ltr'>quod</span> <span class='ocrx_word' id='word_1_89' title='bbox 1097 2195 1169 2263; x_wconf 85' lang='lat' dir='ltr'>Nos</span> 
     </span>
     <span class='ocr_line' id='line_1_16' title="bbox 46 2301 1169 2392; baseline 0.005 -26"><span class='ocrx_word' id='word_1_90' title='bbox 46 2303 130 2372; x_wconf 80' lang='lat' dir='ltr'>robis</span> <span class='ocrx_word' id='word_1_91' title='bbox 145 2308 371 2373; x_wconf 82' lang='lat' dir='ltr'>nunciavimus</span> <span class='ocrx_word' id='word_1_92' title='bbox 388 2328 446 2390; x_wconf 89' lang='lat' dir='ltr'>per</span> <span class='ocrx_word' id='word_1_93' title='bbox 462 2307 593 2372; x_wconf 82' lang='lat' dir='ltr'>litteras</span> <span class='ocrx_word' id='word_1_94' title='bbox 608 2311 794 2389; x_wconf 89' lang='lat' dir='ltr'>nostras,ut</span> <span class='ocrx_word' id='word_1_95' title='bbox 810 2306 991 2392; x_wconf 87' lang='lat' dir='ltr'>solempnes</span> <span class='ocrx_word' id='word_1_96' title='bbox 1001 2301 1169 2373; x_wconf 86' lang='lat' dir='ltr'>Ambaxa·</span> 
     </span>
     <span class='ocr_line' id='line_1_17' title="bbox 44 2413 1169 2498; baseline 0.004 -23"><span class='ocrx_word' id='word_1_97' title='bbox 44 2419 123 2480; x_wconf 91' lang='lat' dir='ltr'>tores</span> <span class='ocrx_word' id='word_1_98' title='bbox 153 2413 294 2484; x_wconf 85' lang='lat' dir='ltr'>Vestras</span> <span class='ocrx_word' id='word_1_99' title='bbox 327 2415 370 2480; x_wconf 89' lang='lat' dir='ltr'>ad</span> <span class='ocrx_word' id='word_1_100' title='bbox 395 2414 581 2480; x_wconf 89' lang='lat' dir='ltr'>habendum</span> <span class='ocrx_word' id='word_1_101' title='bbox 612 2414 809 2498; x_wconf 87' lang='lat' dir='ltr'>colloquium</span> <span class='ocrx_word' id='word_1_102' title='bbox 833 2437 898 2480; x_wconf 90' lang='lat' dir='ltr'>una</span> <span class='ocrx_word' id='word_1_103' title='bbox 928 2415 1097 2480; x_wconf 86' lang='lat' dir='ltr'>nobiscum</span> <span class='ocrx_word' id='word_1_104' title='bbox 1128 2413 1169 2479; x_wconf 89' lang='lat' dir='ltr'>de</span> 
     </span>
     <span class='ocr_line' id='line_1_18' title="bbox 45 2521 1168 2607; baseline 0 -21"><span class='ocrx_word' id='word_1_105' title='bbox 45 2541 118 2602; x_wconf 85' lang='lat' dir='ltr'>pace</span> <span class='ocrx_word' id='word_1_106' title='bbox 147 2529 318 2607; x_wconf 87' lang='lat' dir='ltr'>perpetua,</span> <span class='ocrx_word' id='word_1_107' title='bbox 349 2544 412 2606; x_wconf 89' lang='lat' dir='ltr'>que</span> <span class='ocrx_word' id='word_1_108' title='bbox 437 2522 654 2606; x_wconf 87' lang='lat' dir='ltr'>pendentibus</span> <span class='ocrx_word' id='word_1_109' title='bbox 679 2523 826 2606; x_wconf 86' lang='lat' dir='ltr'>treuguis</span> <span class='ocrx_word' id='word_1_110' title='bbox 850 2523 1010 2587; x_wconf 88' lang='lat' dir='ltr'>internos</span> <span class='ocrx_word' id='word_1_111' title='bbox 1026 2521 1168 2588; x_wconf 87' lang='lat' dir='ltr'>stabiliri</span> 
     </span>
     <span class='ocr_line' id='line_1_19' title="bbox 44 2627 1167 2713; baseline -0.004 -18"><span class='ocrx_word' id='word_1_112' title='bbox 44 2639 144 2712; x_wconf 87' lang='lat' dir='ltr'>posset</span> <span class='ocrx_word' id='word_1_113' title='bbox 160 2639 195 2697; x_wconf 89' lang='lat' dir='ltr'>et</span> <span class='ocrx_word' id='word_1_114' title='bbox 210 2631 344 2712; x_wconf 85' lang='lat' dir='ltr'>firmari,</span> <span class='ocrx_word' id='word_1_115' title='bbox 362 2631 405 2698; x_wconf 91' lang='lat' dir='ltr'>ad</span> <span class='ocrx_word' id='word_1_116' title='bbox 429 2653 488 2698; x_wconf 89' lang='lat' dir='ltr'>nos</span> <span class='ocrx_word' id='word_1_117' title='bbox 504 2630 790 2712; x_wconf 79' lang='lat' dir='ltr'>transmitteretis3</span> <span class='ocrx_word' id='word_1_118' title='bbox 815 2649 896 2713; x_wconf 88' lang='lat' dir='ltr'>quos</span> <span class='ocrx_word' id='word_1_119' title='bbox 920 2627 1042 2696; x_wconf 85' lang='lat' dir='ltr'>Vestra</span> <span class='ocrx_word' id='word_1_120' title='bbox 1066 2627 1167 2695; x_wconf 82' lang='lat' dir='ltr'>Celsi·</span> 
     </span>
     <span class='ocr_line' id='line_1_20' title="bbox 3 2736 1168 2821; baseline 0.001 -22"><span class='ocrx_word' id='word_1_121' title='bbox 3 2759 5 2764; x_wconf 94' lang='lat'>·</span> <span class='ocrx_word' id='word_1_122' title='bbox 48 2737 122 2803; x_wconf 90' lang='lat' dir='ltr'>tudo</span> <span class='ocrx_word' id='word_1_123' title='bbox 138 2739 180 2805; x_wconf 93' lang='lat' dir='ltr'>ad</span> <span class='ocrx_word' id='word_1_124' title='bbox 196 2741 355 2806; x_wconf 80' lang='lat' dir='ltr'>Nostram</span> <span class='ocrx_word' id='word_1_125' title='bbox 372 2739 547 2806; x_wconf 87' lang='lat' dir='ltr'>destinavit</span> <span class='ocrx_word' id='word_1_126' title='bbox 577 2740 797 2818; x_wconf 85' lang='lat' dir='ltr'>Maiestatem,</span> <span class='ocrx_word' id='word_1_127' title='bbox 832 2757 957 2821; x_wconf 89' lang='lat' dir='ltr'>nosque</span> <span class='ocrx_word' id='word_1_128' title='bbox 989 2736 1030 2801; x_wconf 91' lang='lat' dir='ltr'>de</span> <span class='ocrx_word' id='word_1_129' title='bbox 1060 2738 1168 2801; x_wconf 91' lang='lat' dir='ltr'>inten-</span> 
     </span>
     <span class='ocr_line' id='line_1_21' title="bbox 48 2841 1167 2931; baseline 0 -24"><span class='ocrx_word' id='word_1_130' title='bbox 48 2845 129 2910; x_wconf 88' lang='lat' dir='ltr'>tione</span> <span class='ocrx_word' id='word_1_131' title='bbox 144 2845 282 2928; x_wconf 88' lang='lat' dir='ltr'>Vestra,</span> <span class='ocrx_word' id='word_1_132' title='bbox 296 2852 335 2910; x_wconf 88' lang='lat' dir='ltr'>ut</span> <span class='ocrx_word' id='word_1_133' title='bbox 350 2845 498 2931; x_wconf 88' lang='lat' dir='ltr'>predicta</span> <span class='ocrx_word' id='word_1_134' title='bbox 513 2867 578 2930; x_wconf 85' lang='lat' dir='ltr'>pax</span> <span class='ocrx_word' id='word_1_135' title='bbox 593 2852 754 2930; x_wconf 90' lang='lat' dir='ltr'>perpetua</span> <span class='ocrx_word' id='word_1_136' title='bbox 768 2847 924 2911; x_wconf 88' lang='lat' dir='ltr'>internos</span> <span class='ocrx_word' id='word_1_137' title='bbox 939 2848 1050 2927; x_wconf 78' lang='lat' dir='ltr'>posset</span> <span class='ocrx_word' id='word_1_138' title='bbox 1066 2841 1167 2909; x_wconf 88' lang='lat' dir='ltr'>stabi·</span> 
     </span>
     <span class='ocr_line' id='line_1_22' title="bbox 47 2949 1167 3038; baseline 0.004 -26"><span class='ocrx_word' id='word_1_139' title='bbox 47 2949 105 3031; x_wconf 86' lang='lat' dir='ltr'>liri,</span> <span class='ocrx_word' id='word_1_140' title='bbox 122 2953 253 3020; x_wconf 87' lang='lat' dir='ltr'>eosdem</span> <span class='ocrx_word' id='word_1_141' title='bbox 269 2951 526 3029; x_wconf 83' lang='lat' dir='ltr'>Ambaxiatores</span> <span class='ocrx_word' id='word_1_142' title='bbox 542 2960 666 3019; x_wconf 82' lang='lat' dir='ltr'>vestros</span> <span class='ocrx_word' id='word_1_143' title='bbox 677 2954 823 3038; x_wconf 88' lang='lat' dir='ltr'>plenarie</span> <span class='ocrx_word' id='word_1_144' title='bbox 831 2952 1005 3018; x_wconf 89' lang='lat' dir='ltr'>habuimus</span> <span class='ocrx_word' id='word_1_145' title='bbox 1015 2951 1167 3018; x_wconf 81' lang='lat' dir='ltr'>informa·</span> 
     </span>
     <span class='ocr_line' id='line_1_23' title="bbox 46 3058 1166 3145; baseline 0 -24"><span class='ocrx_word' id='word_1_146' title='bbox 46 3061 101 3122; x_wconf 90' lang='lat' dir='ltr'>tos.</span> <span class='ocrx_word' id='word_1_147' title='bbox 131 3058 203 3144; x_wconf 79' lang='lat' dir='ltr'>Qua</span> <span class='ocrx_word' id='word_1_148' title='bbox 234 3061 388 3126; x_wconf 83' lang='lat' dir='ltr'>videlicet</span> <span class='ocrx_word' id='word_1_149' title='bbox 416 3083 481 3144; x_wconf 86' lang='lat' dir='ltr'>pax</span> <span class='ocrx_word' id='word_1_150' title='bbox 512 3067 673 3145; x_wconf 87' lang='lat' dir='ltr'>perpetua</span> <span class='ocrx_word' id='word_1_151' title='bbox 699 3061 807 3126; x_wconf 89' lang='lat' dir='ltr'>adbuc</span> <span class='ocrx_word' id='word_1_152' title='bbox 830 3061 962 3126; x_wconf 88' lang='lat' dir='ltr'>minime</span> <span class='ocrx_word' id='word_1_153' title='bbox 990 3059 1074 3123; x_wconf 87' lang='lat' dir='ltr'>inter</span> <span class='ocrx_word' id='word_1_154' title='bbox 1107 3079 1166 3122; x_wconf 89' lang='lat' dir='ltr'>nos</span> 
     </span>
     <span class='ocr_line' id='line_1_24' title="bbox 47 3166 1166 3250; baseline 0.002 -21"><span class='ocrx_word' id='word_1_155' title='bbox 47 3169 144 3250; x_wconf 88' lang='lat' dir='ltr'>potnit</span> <span class='ocrx_word' id='word_1_156' title='bbox 161 3169 328 3248; x_wconf 89' lang='lat' dir='ltr'>ordinari;</span> <span class='ocrx_word' id='word_1_157' title='bbox 354 3173 386 3232; x_wconf 87' lang='lat' dir='ltr'>et</span> <span class='ocrx_word' id='word_1_158' title='bbox 402 3166 488 3248; x_wconf 86' lang='lat' dir='ltr'>licet,</span> <span class='ocrx_word' id='word_1_159' title='bbox 514 3173 550 3232; x_wconf 87' lang='lat' dir='ltr'>ut</span> <span class='ocrx_word' id='word_1_160' title='bbox 572 3166 784 3250; x_wconf 85' lang='lat' dir='ltr'>premittitur,</span> <span class='ocrx_word' id='word_1_161' title='bbox 809 3167 957 3249; x_wconf 82' lang='lat' dir='ltr'>predicta</span> <span class='ocrx_word' id='word_1_162' title='bbox 973 3185 1037 3249; x_wconf 91' lang='lat' dir='ltr'>pax</span> <span class='ocrx_word' id='word_1_163' title='bbox 1053 3186 1166 3250; x_wconf 89' lang='lat' dir='ltr'>perpe-</span> 
     </span>
     <span class='ocr_line' id='line_1_25' title="bbox 47 3275 1166 3357; baseline 0.004 -23"><span class='ocrx_word' id='word_1_164' title='bbox 47 3278 96 3339; x_wconf 90' lang='lat' dir='ltr'>tua</span> <span class='ocrx_word' id='word_1_165' title='bbox 112 3299 196 3343; x_wconf 85' lang='lat' dir='ltr'>nunc</span> <span class='ocrx_word' id='word_1_166' title='bbox 212 3278 298 3340; x_wconf 91' lang='lat' dir='ltr'>inter</span> <span class='ocrx_word' id='word_1_167' title='bbox 314 3297 373 3341; x_wconf 90' lang='lat' dir='ltr'>nos</span> <span class='ocrx_word' id='word_1_168' title='bbox 397 3275 581 3357; x_wconf 86' lang='lat' dir='ltr'>nequiuerit</span> <span class='ocrx_word' id='word_1_169' title='bbox 595 3275 757 3355; x_wconf 87' lang='lat' dir='ltr'>ordinari;</span> <span class='ocrx_word' id='word_1_170' title='bbox 782 3281 892 3340; x_wconf 88' lang='lat' dir='ltr'>tamen</span> <span class='ocrx_word' id='word_1_171' title='bbox 906 3281 1063 3356; x_wconf 85' lang='lat' dir='ltr'>treuguas</span> <span class='ocrx_word' id='word_1_172' title='bbox 1078 3276 1166 3339; x_wconf 87' lang='lat' dir='ltr'>inter</span> 
     </span>
     <span class='ocr_line' id='line_1_26' title="bbox 47 3379 1165 3464; baseline 0.006 -24"><span class='ocrx_word' id='word_1_173' title='bbox 47 3399 97 3443; x_wconf 87' lang='lat' dir='ltr'>nos</span> <span class='ocrx_word' id='word_1_174' title='bbox 112 3383 279 3449; x_wconf 80' lang='lat' dir='ltr'>ordinatas</span> <span class='ocrx_word' id='word_1_175' title='bbox 296 3401 396 3464; x_wconf 87' lang='lat' dir='ltr'>usque</span> <span class='ocrx_word' id='word_1_176' title='bbox 413 3380 456 3446; x_wconf 87' lang='lat' dir='ltr'>ad</span> <span class='ocrx_word' id='word_1_177' title='bbox 471 3387 599 3464; x_wconf 88' lang='lat' dir='ltr'>tempus</span> <span class='ocrx_word' id='word_1_178' title='bbox 615 3381 808 3464; x_wconf 80' lang='lat' dir='ltr'>deputatum</span> <span class='ocrx_word' id='word_1_179' title='bbox 824 3380 970 3446; x_wconf 82' lang='lat' dir='ltr'>volumus</span> <span class='ocrx_word' id='word_1_180' title='bbox 986 3379 1165 3447; x_wconf 87' lang='lat' dir='ltr'>observare.</span> 
     </span>
    </p>
   </div>
   <div class='ocr_carea' id='block_1_8' title="bbox 48 3481 1297 3576">
    <p class='ocr_par' dir='ltr' id='par_1_9' title="bbox 48 3481 1297 3576">
     <span class='ocr_line' id='line_1_27' title="bbox 48 3481 1297 3576; baseline 0.006 -28"><span class='ocrx_word' id='word_1_181' title='bbox 48 3481 126 3552; x_wconf 89' lang='lat' dir='ltr'>Nam</span> <span class='ocrx_word' id='word_1_182' title='bbox 151 3491 178 3554; x_wconf 91' lang='lat' dir='ltr'>si</span> <span class='ocrx_word' id='word_1_183' title='bbox 203 3488 352 3573; x_wconf 87' lang='lat' dir='ltr'>predicta</span> <span class='ocrx_word' id='word_1_184' title='bbox 377 3511 441 3571; x_wconf 86' lang='lat' dir='ltr'>pax</span> <span class='ocrx_word' id='word_1_185' title='bbox 457 3495 616 3572; x_wconf 87' lang='lat' dir='ltr'>perpetua</span> <span class='ocrx_word' id='word_1_186' title='bbox 632 3493 718 3554; x_wconf 89' lang='lat' dir='ltr'>iuter</span> <span class='ocrx_word' id='word_1_187' title='bbox 734 3509 793 3553; x_wconf 85' lang='lat' dir='ltr'>nos</span> <span class='ocrx_word' id='word_1_188' title='bbox 811 3487 883 3554; x_wconf 84' lang='lat' dir='ltr'>fieri</span> <span class='ocrx_word' id='word_1_189' title='bbox 899 3495 932 3553; x_wconf 83' lang='lat' dir='ltr'>et</span> <span class='ocrx_word' id='word_1_190' title='bbox 948 3489 1094 3576; x_wconf 84' lang='lat' dir='ltr'>ordinari</span> <span class='ocrx_word' id='word_1_191' title='bbox 1108 3509 1165 3572; x_wconf 88' lang='lat' dir='ltr'>po·</span> <span class='ocrx_word' id='word_1_192' title='bbox 1293 3530 1297 3540; x_wconf 94' lang='lat'>·</span> 
     </span>
    </p>
   </div>
   <div class='ocr_carea' id='block_1_9' title="bbox 46 3594 1186 4218">
    <p class='ocr_par' dir='ltr' id='par_1_10' title="bbox 46 3594 1186 4218">
     <span class='ocr_line' id='line_1_28' title="bbox 46 3594 1186 3681; baseline 0.002 -25"><span class='ocrx_word' id='word_1_193' title='bbox 46 3596 161 3681; x_wconf 82' lang='lat' dir='ltr'>tuisset,</span> <span class='ocrx_word' id='word_1_194' title='bbox 178 3620 237 3664; x_wconf 87' lang='lat' dir='ltr'>nos</span> <span class='ocrx_word' id='word_1_195' title='bbox 253 3597 370 3664; x_wconf 89' lang='lat' dir='ltr'>libenti</span> <span class='ocrx_word' id='word_1_196' title='bbox 387 3600 493 3666; x_wconf 85' lang='lat' dir='ltr'>animo</span> <span class='ocrx_word' id='word_1_197' title='bbox 512 3598 730 3664; x_wconf 73' lang='lat' dir='ltr'>voluissemus.</span> <span class='ocrx_word' id='word_1_198' title='bbox 743 3597 865 3662; x_wconf 87' lang='lat' dir='ltr'>Datum</span> <span class='ocrx_word' id='word_1_199' title='bbox 877 3595 973 3662; x_wconf 82' lang='lat' dir='ltr'>Bmle</span> <span class='ocrx_word' id='word_1_200' title='bbox 984 3594 1186 3665; x_wconf 68' lang='lat' dir='ltr'>xviidie-</span> 
     </span>
     <span class='ocr_line' id='line_1_29' title="bbox 49 3705 374 3772; baseline 0.018 -10"><span class='ocrx_word' id='word_1_201' title='bbox 49 3709 156 3771; x_wconf 86' lang='lat' dir='ltr'>mensis</span> <span class='ocrx_word' id='word_1_202' title='bbox 173 3705 374 3772; x_wconf 88' lang='lat' dir='ltr'>Decembris.</span> 
     </span>
     <span class='ocr_line' id='line_1_30' title="bbox 142 3811 725 3896; baseline -0.003 -18"><span class='ocrx_word' id='word_1_203' title='bbox 142 3813 327 3880; x_wconf 57' lang='lat' dir='ltr'>laudunicus</span> <span class='ocrx_word' id='word_1_204' title='bbox 342 3811 524 3896; x_wconf 86' lang='lat' dir='ltr'>Hungarie,</span> <span class='ocrx_word' id='word_1_205' title='bbox 540 3813 725 3879; x_wconf 87' lang='lat' dir='ltr'>Jerusalem</span> 
     </span>
     <span class='ocr_line' id='line_1_31' title="bbox 288 3919 548 3987; baseline -0.004 -2"><span class='ocrx_word' id='word_1_206' title='bbox 288 3927 322 3986; x_wconf 85' lang='lat' dir='ltr'>et</span> <span class='ocrx_word' id='word_1_207' title='bbox 338 3919 449 3987; x_wconf 85' lang='lat' dir='ltr'>Sicilie</span> <span class='ocrx_word' id='word_1_208' title='bbox 465 3919 548 3985; x_wconf 89' lang='lat' dir='ltr'>Rex.</span> 
     </span>
     <span class='ocr_line' id='line_1_32' title="bbox 140 4023 1159 4111; baseline -0.004 -14"><span class='ocrx_word' id='word_1_209' title='bbox 140 4031 244 4097; x_wconf 64' lang='lat' dir='ltr'>Kirra</span> <span class='ocrx_word' id='word_1_210' title='bbox 261 4053 268 4092; x_wconf 91' lang='lat'>:</span> <span class='ocrx_word' id='word_1_211' title='bbox 285 4027 516 4095; x_wconf 87' lang='lat' dir='ltr'>Illustrissimo</span> <span class='ocrx_word' id='word_1_212' title='bbox 532 4028 680 4111; x_wconf 87' lang='lat' dir='ltr'>Principi</span> <span class='ocrx_word' id='word_1_213' title='bbox 697 4027 840 4093; x_wconf 90' lang='lat' dir='ltr'>Domino</span> <span class='ocrx_word' id='word_1_214' title='bbox 856 4025 989 4093; x_wconf 87' lang='lat' dir='ltr'>Andree</span> <span class='ocrx_word' id='word_1_215' title='bbox 1006 4023 1159 4093; x_wconf 88' lang='lat' dir='ltr'>Dandulo</span> 
     </span>
     <span class='ocr_line' id='line_1_33' title="bbox 47 4124 978 4218; baseline 0.002 -22"><span class='ocrx_word' id='word_1_216' title='bbox 47 4124 100 4197; x_wconf 88' lang='lat' dir='ltr'>Dei</span> <span class='ocrx_word' id='word_1_217' title='bbox 114 4139 222 4218; x_wconf 84' lang='lat' dir='ltr'>gratia</span> <span class='ocrx_word' id='word_1_218' title='bbox 237 4135 324 4201; x_wconf 89' lang='lat' dir='ltr'>Duci</span> <span class='ocrx_word' id='word_1_219' title='bbox 341 4135 566 4218; x_wconf 83' lang='lat' dir='ltr'>Veneciarum,</span> <span class='ocrx_word' id='word_1_220' title='bbox 583 4137 687 4201; x_wconf 87' lang='lat' dir='ltr'>amico</span> <span class='ocrx_word' id='word_1_221' title='bbox 704 4155 761 4200; x_wconf 90' lang='lat' dir='ltr'>suo</span> <span class='ocrx_word' id='word_1_222' title='bbox 778 4134 978 4200; x_wconf 87' lang='lat' dir='ltr'>honorando.</span> 
     </span>
    </p>
   </div>
   <div class='ocr_carea' id='block_1_10' title="bbox 48 4279 1155 4430">
    <p class='ocr_par' dir='ltr' id='par_1_11' title="bbox 48 4279 1155 4430">
     <span class='ocr_line' id='line_1_34' title="bbox 138 4279 1155 4344; baseline 0.001 -13"><span class='ocrx_word' id='word_1_223' title='bbox 138 4283 173 4344; x_wconf 79' lang='lat' dir='ltr'>(A</span> <span class='ocrx_word' id='word_1_224' title='bbox 188 4279 293 4343; x_wconf 81' lang='lat' dir='ltr'>»copia</span> <span class='ocrx_word' id='word_1_225' title='bbox 306 4279 339 4331; x_wconf 85' lang='lat' dir='ltr'>de</span> <span class='ocrx_word' id='word_1_226' title='bbox 354 4279 593 4332; x_wconf 66' lang='lat' dir='ltr'>Conrmemorialia</span> <span class='ocrx_word' id='word_1_227' title='bbox 608 4279 698 4331; x_wconf 82' lang='lat' dir='ltr'>czlmlt</span> <span class='ocrx_word' id='word_1_228' title='bbox 712 4279 850 4330; x_wconf 80' lang='lat' dir='ltr'>relenezei</span> <span class='ocrx_word' id='word_1_229' title='bbox 865 4279 1092 4344; x_wconf 73' lang='lat' dir='ltr'>allamkbnyvbol</span> <span class='ocrx_word' id='word_1_230' title='bbox 1108 4280 1155 4332; x_wconf 89' lang='lat' dir='ltr'>IV.</span> 
     </span>
     <span class='ocr_line' id='line_1_35' title="bbox 48 4361 319 4430; baseline 0.011 -14"><span class='ocrx_word' id='word_1_231' title='bbox 48 4361 95 4419; x_wconf 67' lang='lat' dir='ltr'>ibt.</span> <span class='ocrx_word' id='word_1_232' title='bbox 109 4375 130 4420; x_wconf 81' lang='lat'>2.</span> <span class='ocrx_word' id='word_1_233' title='bbox 143 4385 166 4424; x_wconf 90' lang='lat' dir='ltr'>r.</span> <span class='ocrx_word' id='word_1_234' title='bbox 179 4373 242 4420; x_wconf 79' lang='lat'>454.</span> <span class='ocrx_word' id='word_1_235' title='bbox 255 4371 319 4430; x_wconf 80' lang='lat' dir='ltr'>lev.)</span> 
     </span>
    </p>
   </div>
   <div class='ocr_carea' id='block_1_11' title="bbox 0 0 1558 5246">
    <p class='ocr_par' dir='ltr' id='par_1_12' title="bbox 0 0 1558 5246">
     <span class='ocr_line' id='line_1_36' title="bbox 0 0 1558 5246; baseline 0 3"><span class='ocrx_word' id='word_1_236' title='bbox 0 0 1558 5246; x_wconf 95' lang='lat' dir='ltr'> </span> 
     </span>
    </p>
   </div>
  </div>
 </body>
</html>
