3108 5246
732 333 968 383 cunculcatur
985 317 1151 384 mutiana.

905 625 978 688 310.

375 783 406 848 A
433 783 584 848 velerrrzei
609 784 956 871 kornranyrmmcsnak
980 807 1019 848 aa
1045 785 1161 849 celrici
1186 784 1310 869 tangeri
1326 787 1481 870 bajoariam

680 894 854 958 uonotlrozo'
869 895 1071 958 batarozoto.
1096 895 1192 956 13430.

482 1049 581 1116 Anno
615 1049 780 1118 MCOCL.
811 1053 865 1117 die
898 1051 1002 1116 XIII.
1027 1051 1119 1117 Maii.
1144 1051 1305 1134 Capta:
1331 1049 1417 1134 Quia
1437 1072 1484 1134 pro

373 1161 515 1224 transitu
533 1159 636 1243 Regis
653 1159 826 1244 Hungaric
844 1161 877 1224 in
894 1157 1057 1243 Apuleam
1074 1161 1177 1224 multa
1193 1181 1276 1224 nova
1293 1165 1485 1224 occurrerunt

373 1273 405 1330 et
422 1275 553 1350 possent
569 1269 601 1331 in
619 1267 764 1334 futurum
780 1289 960 1351 occurrere,
971 1291 1034 1352 qne
1044 1268 1260 1352 provisionem
1277 1266 1449 1349 requirent,
1461 1277 1485 1332 et

373 1374 436 1436 ista
461 1376 593 1457 negotia
608 1375 745 1440 comiter
761 1382 896 1458 tangere
921 1383 1057 1458 possunt
1074 1380 1107 1440 et
1124 1381 1275 1458 spectare
1291 1374 1336 1438 ad
1352 1376 1485 1440 securita·
1540 1421 1542 1450 z

371 1485 437 1546 tem
462 1480 665 1563 navigiorum
690 1487 723 1545 et
748 1481 973 1563 navigantium
1000 1487 1034 1546 et
1059 1483 1102 1547 ad
1117 1481 1325 1546 securitatem
1341 1487 1485 1545 terrarum
1539 1493 1542 1560 t

371 1583 560 1654 Sclavonie:
571 1587 659 1652 vadit
674 1609 762 1670 para,
777 1587 864 1672 puod
879 1589 914 1652 in
930 1589 1021 1654 novis
1037 1595 1069 1654 ot
1086 1588 1189 1668 factis,
1207 1609 1271 1670 que
1289 1596 1485 1653 occurrerunt
1540 1571 1542 1652 l

370 1698 403 1757 et
428 1703 595 1760 occurrent
620 1698 807 1763 occassione
832 1699 991 1762 transitus
1020 1696 1097 1761 dicti
1114 1697 1216 1778 Regis
1232 1697 1399 1779 sapientes
1416 1693 1484 1758 ordi·

369 1821 446 1864 num
462 1808 496 1866 et
512 1803 676 1884 sapientes
694 1801 876 1882 Sclarcnie,
893 1804 1038 1886 quelibet
1054 1827 1167 1869 manus
1184 1825 1296 1888 perse,
1308 1804 1485 1882 examinent

369 1914 402 1971 et
417 1906 496 1973 dent
511 1908 603 1973 nobis
621 1931 712 1974 suum
728 1912 898 1975 consilium
922 1913 955 1975 in
972 1912 1110 1994 scriptis,
1127 1933 1200 1976 cum
1217 1933 1282 1994 quo
1304 1914 1421 1976 erimus
1434 1909 1484 1975 hic.

369 2017 401 2076 et
425 2013 489 2095 fiet,
515 2016 600 2080 sicut
626 2013 796 2081 videbitur.
824 2017 870 2082 Et
893 2017 1033 2100 quilibet
1050 2017 1152 2100 possit
1168 2038 1290 2100 ponere
1307 2025 1482 2100 partem;et

368 2122 463 2186 duret
479 2121 538 2186 hec
552 2122 688 2187 libertas
704 2145 762 2207 per
777 2131 883 2188 totum
899 2145 1041 2190 mensem
1058 2123 1153 2190 Junii
1168 2123 1325 2189 futurum.

476 2265 511 2326 (A
528 2265 635 2314 «Missi»
651 2267 742 2318 ozimu
756 2269 896 2319 relenczei
910 2270 1091 2334 allamkbnyv
1104 2270 1192 2320 XXV.
1206 2271 1369 2330 kotetenol.)

852 2413 903 2420 μυ.-
916 2414 1012 2422 --ω-..-

898 2557 972 2618 311.

364 2710 485 2775 Dasan
503 2713 614 2779 latoria
630 2714 719 2779 eaerb
735 2715 849 2802 kirtly
859 2717 1209 2804 velenczeipolqa'rack
1217 2719 1389 2802 felectetr'k.
1401 2721 1479 2786 1350.

470 2867 623 2938 Andreas
649 2875 805 2939 Dandulo
829 2883 890 2944 etc.
906 2879 1063 2942 universis
1079 2885 1112 2942 et
1128 2878 1266 2961 singulis
1284 2901 1412 2963 presens
1427 2879 1478 2964 pri·

362 2973 514 3057 vilegium
540 2983 771 3064 conspecturus,
796 2983 910 3047 amicis
937 2984 1074 3068 dilectis,
1101 2985 1240 3051 salutem
1260 2995 1295 3052 et
1311 2987 1478 3052 sinceredi·

360 3078 509 3147 lectionis
525 3085 686 3153 affectum.
706 3089 845 3154 Ducalis
865 3091 1113 3175 Magnificentia
1130 3101 1208 3159 tunc
1225 3097 1419 3162 sublimioris
1433 3094 1477 3157 bo

362 3190 452 3252 noris
478 3193 614 3274 suscipit
637 3196 881 3279 incrementum,
908 3219 981 3264 cunr
1006 3201 1091 3266 ciras
1108 3203 1260 3284 acquirit,
1276 3225 1357 3285 quos
1372 3204 1475 3268 exaltat

360 3292 458 3357 decus
483 3303 517 3360 et
540 3297 726 3367 sublimitas
752 3303 941 3388 lmperialis
958 3313 991 3371 et
1007 3307 1114 3390 Regio
1139 3307 1340 3376 Maiestatis.
1366 3309 1474 3374 Scimus

359 3419 508 3484 namque,
533 3407 623 3486 quod
647 3405 853 3476 serenissimi
878 3412 1001 3477 domini
1018 3413 1128 3497 Reges
1145 3415 1253 3480 Raxie
1270 3417 1314 3480 ad
1330 3415 1473 3482 Ducatuu

359 3513 502 3574 nostrum
527 3532 653 3596 semper
678 3537 820 3582 amorem
846 3521 996 3585 intimum
1023 3529 1120 3604 grata
1136 3523 1342 3589 exhibicione
1358 3543 1472 3607 operum

359 3610 622 3684 demonstrarunt
646 3624 738 3704 adeo,
765 3627 854 3706 qnod
880 3630 1134 3710 propinquitatis
1161 3615 1308 3696 affinitas
1323 3633 1396 3696 binc
1413 3629 1470 3695 inde

356 3723 533 3804 antiquitus
568 3733 739 3797 emanarit.
767 3733 928 3818 Precipue
954 3745 1065 3802 autem
1090 3759 1225 3820 presens
1252 3739 1465 3806 Serenissinus

356 3825 506 3894 dominus
532 3831 718 3918 Stephanus
743 3838 926 3908 Grecorum
953 3845 1141 3929 Imperator
1167 3868 1295 3931 semper
1321 3849 1469 3932 Augustus

356 3938 390 3995 et
414 3933 521 4002 Rarie
539 3939 611 4006 Rex
626 3944 763 4013 illustris
778 3952 972 4032 propensius
996 3961 1146 4020 nostrum
1162 3955 1332 4021 Ducatum
1348 3957 1470 4037 diligere.

355 4045 388 4102 et
411 4043 573 4112 subiectos
598 4051 699 4132 ipsius
725 4055 874 4121 Ducatus
900 4058 1042 4124 honores
1068 4069 1101 4126 et
1129 4063 1350 4129 subiectorum
1367 4071 1467 4128 nostro·

354 4164 426 4212 rum
452 4154 621 4222 commoda
647 4163 826 4241 gratiosius
852 4170 1083 4248 promovendo.
1112 4171 1299 4256 Propterea
1320 4167 1467 4256 quodsuis

355 4256 388 4312 et
413 4273 543 4321 suorum
569 4263 780 4349 solempnium
806 4269 1072 4344 Ambaxatorum
1098 4300 1158 4361 pro
1183 4280 1255 4363 ipso
1273 4277 1465 4346 Serenissinr

361 4355 491 4423 domino
516 4362 719 4449 Imperatore
744 4384 777 4440 et
802 4377 893 4464 Rege
918 4387 1105 4465 potenciam
1131 4388 1284 4470 precibus
1307 4391 1466 4455 annuentes,
1520 4413 1524 4420 ·

357 4467 526 4548 tamquam
552 4476 594 4539 ad
612 4476 675 4544 Sue
703 4481 889 4552 Maiestatis
914 4489 1055 4558 honores
1076 4495 1194 4562 derota
1210 4505 1318 4564 mente
1335 4489 1465 4581 dispositi,
