3220 5262
386 387 451 450 etl
735 401 967 453 orrnouaczmr
984 393 1152 454 aurnuns.

384 563 509 648 Regem
535 563 674 630 Polonie
699 563 838 632 fratrem
863 574 894 632 et
914 567 1111 633 auunculum
1130 573 1280 632 nostrum
1306 566 1504 634 karissimum
1587 581 1591 588 ’

383 673 561 757 excipimus
587 673 725 756 singulis
750 675 784 738 in
806 675 983 758 premissis.
998 674 1348 759 Impremissarumque
1363 675 1506 740 rnionnm

383 791 575 868 perpetuam
601 783 790 851 firmitatem
806 805 865 850 nos
882 785 1070 851 Lodouicus
1085 783 1159 850 Rex
1173 784 1321 868 prelatus
1337 783 1507 868 pronubis

382 898 417 956 et
442 889 482 955 de
508 891 630 957 nostris
645 889 813 974 iratribus,
837 895 1023 976 nostrisque
1038 899 1072 958 ct
1087 893 1276 959 eorumdem
1292 890 1465 959 heredibus
1479 897 1508 954 et

383 998 624 1066 successoribus
650 1001 817 1082 ruiuersis,
841 1000 901 1066 has
931 1000 1062 1067 litteras
1093 1000 1252 1067 fratribus
1282 1007 1314 1066 et
1346 999 1506 1066 auunculis

382 1110 504 1176 nostris
519 1107 683 1193 predictis,
699 1130 811 1175 eornm
821 1108 996 1177 heredibus
1012 1116 1045 1174 et
1055 1109 1305 1193 successoribus,
1315 1109 1505 1192 appensione

382 1217 485 1282 nostri
511 1216 611 1300 sigilli
636 1216 752 1282 damus
777 1218 917 1302 desuper
944 1218 1117 1300 sigillatas.
1140 1217 1264 1282 Datum
1280 1217 1416 1282 Posonii
1431 1215 1504 1280 feria

383 1326 497 1408 quinta
507 1327 658 1410 proxima
669 1333 744 1410 post
753 1325 871 1392 festum
892 1324 1090 1392 Natiuitatis
1101 1323 1252 1392 Gloriosa
1272 1325 1422 1410 Virginis
1442 1324 1503 1389 hla-

383 1434 443 1514 rie,
459 1456 544 1502 anno
558 1433 694 1499 Domini
710 1432 881 1501 millesimo
897 1431 993 1502 OOC.
1009 1435 1212 1517 sexagesimo
1228 1454 1323 1499 nono.

381 1579 525 1642 (Eredetie
545 1581 717 1644 borhtrtptn
731 1580 924 1632 Mttnchenbcu
938 1597 955 1632 a
967 1582 1046 1647 bajor
1059 1579 1163 1646 kirtlyi
1174 1579 1306 1645 orsztgos
1319 1577 1503 1636 levtlthrban.)

867 1725 913 1734 ..--
922 1725 966 1731 --..
973 1723 1027 1730 ...-

912 1873 985 1935 503.

383 2031 408 2097 I.
434 2035 536 2118 Lujos
564 2055 707 2117 mappae·
730 2032 845 2119 ttrcly
877 2035 909 2096 e's
940 2031 1007 2097 teet
1038 2032 1156 2118 arrjoui
1186 2033 1315 2112 lrerczep
1345 2029 1503 2113 saitvetse‘pe

688 2139 798 2204 Albae
814 2139 907 2225 hujot·
924 2141 1109 2226 herczepqel.
1128 2140 1224 2203 1369,

489 2299 559 2364 Nos
591 2300 777 2366 Lodouicus
808 2300 872 2366 Dei
903 2302 1016 2384 gracia
1046 2299 1120 2366 Rex
1151 2300 1308 2384 Vngarie,
1339 2297 1505 2362 Dalmacie

382 2405 530 2489 Croacie,
554 2407 659 2476 Reme
685 2407 808 2489 Seruis,
834 2407 986 2489 Gallicis,
1011 2407 1215 2489 Lodomcrie,
1244 2405 1412 2484 Comanis,
1431 2404 1505 2470 Bul-

382 2518 548 2600 garieque,
572 2518 732 2601 Princeps
759 2516 987 2584 salernitanus
1013 2525 1047 2583 et
1073 2516 1220 2583 Honoris
1245 2515 1371 2582 Montis
1396 2512 1506 2580 Sancti

325 2659 327 2669 ν
382 2625 502 2708 Angeli
519 2625 678 2691 Dominus
695 2627 955 2709 recognoscimus
971 2647 1031 2711 pro
1048 2624 1139 2690 nobis
1156 2632 1189 2691 et
1204 2622 1397 2690 Illustribns
1417 2621 1506 2686 Prin-

381 2734 507 2819 cipibus
541 2735 681 2800 dominis
707 2733 864 2820 Philippo
893 2735 1099 2820 Imperatore
1131 2731 1506 2815 Constantinopolitano,

381 2843 589 2925 Dispositure
599 2842 771 2926 Romania,
787 2843 924 2928 Achaye
940 2849 973 2908 et
990 2843 1128 2908 Tarenti
1145 2843 1310 2926 Principe,
1326 2863 1365 2906 ac
1381 2839 1507 2906 Karulo

379 2950 473 3016 Duce
485 2949 809 3032 Du1·aoie,frutribus
820 2954 941 3020 nestris
960 2953 1147 3033 carissimis,
1157 2971 1337 3034 eorumque
1348 2956 1379 3015 et
1392 2948 1506 3014 nostris

380 3059 554 3124 heredibus
583 3068 619 3124 et
650 3061 891 3128 suecessoribus
921 3060 1049 3145 publice
1081 3059 1291 3144 profitemur:
1325 3056 1422 3142 Quod
1452 3075 1507 3120 nos

380 3168 489 3233 animo
538 3167 619 3234 bene
668 3168 858 3250 deliberato,
900 3177 1028 3235 maturo
1073 3168 1177 3234 eciam
1217 3168 1357 3250 desuper
1396 3164 1507 3249 preha

380 3273 449 3339 bito
475 3275 610 3342 consilio
638 3284 668 3341 et
694 3299 733 3342 ex
753 3284 844 3343 certa
859 3285 984 3362 nostra,
999 3276 1275 3359 Prelatorunrque
1290 3283 1324 3339 et
1340 3274 1507 3340 Beronum

378 3389 566 3451 nostrorum
589 3388 739 3466 sciencia,
763 3388 803 3454 ob
829 3394 991 3454 terrarum
1022 3393 1207 3453 nostrarum
1238 3391 1271 3449 et
1303 3383 1505 3450 subditorum

380 3497 566 3558 nostrorum
592 3493 737 3559 fidelium
762 3497 918 3560 maiorem
945 3494 1165 3560 defensionem
1190 3513 1264 3558 curn
1291 3492 1450 3556 rniuersis
1479 3497 1509 3555 et

380 3599 514 3684 singulis
539 3603 647 3684 terris,
671 3601 833 3684 dominiis,
858 3603 1008 3668 fidelibus
1034 3609 1068 3666 et
1093 3600 1232 3668 subditis
1260 3601 1391 3680 nostris,
1422 3621 1509 3682 quas,

380 3730 443 3792 que
470 3731 527 3775 seu
544 3733 625 3794 quos
642 3713 834 3795 impresenti
850 3711 1017 3792 habemus,
1036 3718 1068 3776 et
1084 3711 1217 3774 inantea
1233 3708 1431 3773 eoncedente
1446 3709 1512 3774 Do-

379 3817 468 3884 mino
499 3819 645 3885 habituri
678 3842 797 3889 sumus,
828 3843 901 3886 curn
934 3820 1149 3886 Seruuissimo
1191 3817 1346 3900 Principe
1383 3817 1512 3884 domino

379 3925 523 3992 Alberto
549 3925 678 3993 Oomite
705 3929 788 3994 Rani
815 3929 970 3996 Palatino
997 3934 1030 3994 et
1054 3926 1147 3994 Duce
1166 3927 1312 3992 Bauarie
1328 3947 1370 3992 ao
1386 3924 1514 3992 Gemite

380 4034 569 4116 Hellandie,
594 4035 697 4101 fratre
724 4043 757 4101 et
775 4037 939 4104 auunculo
956 4043 1068 4103 nostro
1085 4035 1253 4102 carissimo
1270 4035 1405 4117 eiusque
1422 4035 1513 4099 hore·

379 4141 477 4208 dibus
504 4149 534 4206 et
554 4145 804 4226 successoribus,
820 4145 1020 4211 hereditario
1037 4148 1071 4210 et
1086 4147 1244 4227 perpetuo
1261 4142 1392 4207 nomine
1413 4143 1513 4208 ruini-

379 4273 459 4333 mus,
485 4261 665 4336 tenoreque
691 4258 896 4338 presencium
921 4257 1048 4321 ruimus
1073 4255 1107 4317 in
1132 4253 1263 4319 modum
1284 4251 1515 4322 subnotatum:¹

378 4358 490 4425 Primo
508 4361 677 4445 siqnidem,
694 4349 784 4446 quod
798 4387 857 4430 nos
874 4370 906 4428 et
922 4364 1000 4428 dicti
1016 4362 1136 4428 fratres
1153 4361 1460 4444 nautarumque
1479 4369 1512 4425 et

379 4469 484 4535 nostri
499 4466 637 4535 heredes
663 4478 696 4536 et
723 4493 935 4552 successores,
962 4470 1184 4555 supradictum
1204 4468 1343 4535 fratrem
1359 4475 1394 4534 et
1409 4489 1511 4534 auun-

379 4575 486 4642 culum
513 4584 660 4642 nostrum
687 4577 813 4646 Duceni
837 4581 991 4665 Dauarie,
1016 4599 1191 4662 omnesque
1216 4577 1288 4642 eius
1313 4575 1452 4642 heredes
1477 4582 1509 4642 et
