3110 5248
574 373 669 436 1348.
1118 373 1179 436 281

70 552 146 614 inter
161 549 338 620 Commune
355 549 512 616 Vestrum
537 557 570 614 et
595 545 773 615 Commune
789 548 934 632 ipsorum
950 549 1187 630 Catanensium,

70 655 145 739 Quia
160 679 286 742 semper
302 659 451 724 volumus
469 663 503 723 et
512 657 713 724 intendimus
728 655 910 742 adimplere
919 657 1119 724 voluntatem
1135 679 1188 722 ve·

1 823 2 853 ῖ
66 771 157 830 stram
173 773 332 849 quantum
348 766 454 850 magis
478 785 657 850 possumus.
685 764 854 850 Rogamus
879 767 992 848 eciam,
1018 772 1055 831 ut
1076 765 1188 848 digne·

1 916 2 923 κ
64 872 134 936 mici
157 875 326 958 precipere
352 873 557 954 vestratibus,
583 894 623 938 ne
648 873 753 939 nostri
778 870 974 940 (latarenses
990 873 1033 938 ab
1050 873 1097 940 eis
1116 871 1187 940 siue

1 1007 2 1012 ¹
63 980 126 1044 iure
141 981 276 1063 aliquod
293 1003 470 1064 gravamen
487 1003 552 1048 non
568 981 721 1050 habeant
1143 967 1151 984 ’

1 1205 2 1210 ¹
161 1121 195 1186 (A
218 1123 325 1190 »Copia
343 1125 376 1176 de
400 1125 658 1180 oommsrmonan«
682 1125 825 1181 valenczei
839 1125 1066 1192 tilamiduyvbtl
1079 1121 1127 1180 IV.
1139 1125 1189 1176 lic·

1 1225 2 1230 ’
66 1217 101 1263 tet
114 1217 135 1263 2.
149 1215 187 1274 r.)'

1 1671 3 1706 l

61 1803 104 1868 Aa
117 1806 145 1869 Ι.
164 1807 266 1891 Lajos
282 1827 423 1892 mappae·
439 1805 610 1892 kirdlyltcz
634 1806 760 1871 ealdan
776 1805 929 1872 velenceei
945 1804 1134 1870 k'c'vetekcek
1150 1807 1189 1892 nj

1 1917 2 1965 ἕ
477 1917 650 1979 ctaeitdoa.
669 1914 765 1980 1348.

157 2069 260 2138 Anno
277 2069 577 2139 MOCOXLVIH.
593 2071 771 2138 indictione
784 2072 899 2156 prima,
911 2071 966 2137 die
975 2069 1076 2140 VIII.
1087 2070 1188 2157 Apri·

59 2177 103 2242 lis.
133 2177 280 2264 Capta
305 2202 313 2243 :
340 2176 437 2262 Quod
467 2174 707 2263 respondeatur
737 2173 1020 2246 Ambaxatoribus
1058 2179 1188 2264 uostris,

60 2285 140 2367 quod
164 2308 225 2371 per
251 2284 473 2371 Raphaynum
498 2284 675 2352 Notarium
701 2292 850 2353 nostrum
866 2287 1085 2354 intelleximus
1111 2308 1188 2372 que-

61 2414 192 2477 cumque
207 2393 357 2461 feoerunt
371 2415 443 2461 cum
468 2395 598 2461 domino
613 2393 707 2478 Rege
723 2390 871 2476 Vngarie
887 2400 920 2461 et
936 2415 1008 2462 cum
1025 2399 1187 2462 tractato·

1 2561 2 2577 ,
59 2501 142 2568 ribus
157 2503 244 2583 suis;
268 2503 308 2567 de
334 2501 453 2586 quibus
479 2502 631 2569 omnibus
657 2509 690 2567 et
715 2501 820 2568 modis
835 2521 895 2586 per
910 2522 965 2568 eos
990 2503 1129 2568 servatis
1147 2502 1183 2567 in

1 2648 3 2730 p
59 2609 148 2674 laetis
164 2610 228 2676 sibi
244 2610 423 2676 commissis
438 2608 678 2693 providentiam
695 2603 732 2674 et'
744 2607 994 2674 sollicitudinem
1011 2630 1102 2674 suam
1112 2608 1184 2693 plu-

1 2733 2 2782 i
59 2718 170 2784 rimum
187 2718 459 2784 commendamus.
477 2715 543 2783 Sed
559 2718 638 2803 quia
654 2723 806 2801 optamus
822 2738 881 2801 per
898 2737 1026 2784 omnem
1041 2717 1184 2797 modum,

60 2845 118 2907 quo
134 2826 207 2893 fieri
221 2831 340 2910 potest,
356 2829 525 2909 pervenire
541 2824 585 2892 ad
599 2845 722 2908 pacem,
732 2822 945 2890 concordium
958 2825 1189 2890 etacccncium

61 2954 127 2998 cum
153 2933 285 3000 domiuo
302 2933 393 3017 Rege
416 2931 547 3018 prefato
563 2957 569 2999 :
587 2933 777 2999 mandamus
795 2933 859 3010 eis,
884 2930 972 3015 quod
987 2951 1045 3016 per
1062 2951 1189 2997 omnem

2 3025 3 3100 l
64 3043 154 3122 viam,
170 3064 236 3127 qua
251 3045 414 3125 poterunt,
430 3041 583 3107 studeant
598 3042 753 3108 accedere
769 3039 812 3106 ad
827 3038 1029 3122 presenciam
1039 3039 1189 3122 Regiam,

61 3149 249 3232 ubicumque
275 3149 349 3231 erit,
374 3154 408 3213 et
433 3154 607 3232 exponant,
633 3147 721 3231 quod
747 3145 973 3214 affectantibus
997 3145 1091 3212 uobis
1116 3167 1189 3210 cum
1248 3227 1249 3232 ἵ

60 3257 286 3341 Magnitudine
304 3254 373 3322 Sua
388 3257 588 3340 pertransire
614 3257 648 3322 in
674 3277 786 3322 amore
805 3255 941 3340 pacifico
958 3261 991 3320 et
1007 3252 1187 3336 tranquillo

3 3365 6 3450 j
61 3386 146 3432 more
162 3385 295 3432 suonam
310 3363 584 3447 predecessorum,
610 3363 724 3448 procul
739 3363 839 3446 pulsis
856 3369 889 3429 et
905 3362 1039 3428 remotis
1057 3362 1188 3444 quibos·

3 3553 4 3558 ἵ
61 3493 194 3555 cumque
217 3471 402 3537 valentibus
428 3474 630 3537 contrarium
654 3470 811 3538 inducere
835 3468 886 3537 vel
911 3490 1080 3553 generare,
1097 3476 1131 3535 et
1146 3469 1189 3534 ob

3 3589 5 3628 ⁷
60 3579 141 3646 hane
156 3585 302 3646 nostram
319 3578 569 3664 disposicionem
585 3579 705 3645 bonam
720 3578 873 3645 fiduciam
889 3582 1101 3656 assumentes,
1119 3596 1190 3658 spc-

3 3685 4 3688 ’
62 3687 212 3752 rubemus
239 3685 447 3752 Maiestatem
473 3683 574 3751 Suam
598 3686 742 3753 invenire
767 3685 946 3770 propiciam
967 3690 1000 3750 et
1016 3682 1190 3766 benignam
1247 3769 1250 3776 1

4 3863 5 3866 ¹
63 3813 98 3858 ac
112 3815 249 3878 pronam
265 3792 308 3858 ad
324 3791 411 3857 hunc
436 3812 580 3860 amorem
607 3792 900 3876 consederandum;
924 3792 981 3859 sed
996 3791 1117 3859 auditis
1133 3811 1191 3855 nu-

4 3883 6 3962 ss
65 3901 198 3986 perrime
214 3898 499 3985 postulaciouibus
515 3900 639 3984 Regiis,
656 3921 719 3984 que
735 3901 777 3966 ab
795 3901 881 3966 omni
908 3901 1052 3984 equitate
1069 3905 1191 3964 semote

62 4008 206 4092 existunt,
221 4029 287 4074 non
304 4006 465 4073 modicum
492 4009 695 4074 admiramur
721 4016 752 4073 et
768 4009 954 4075 nullatenus
971 4027 1025 4074 eas
1041 4005 1114 4071 fieri
1130 4027 1189 4089 par

5 4165 6 4168 ,
63 4113 195 4200 Regiam
216 4119 431 4185 Maiestatem
456 4116 589 4182 credere
617 4122 819 4201 poteramus3
844 4121 877 4180 et
901 4115 979 4197 quia
1004 4114 1038 4176 in
1062 4118 1190 4179 tautum

67 4231 140 4290 suut
163 4224 311 4291 inaudite
336 4231 369 4289 et
394 4223 436 4290 ab
462 4224 605 4308 equitate
632 4229 762 4302 semote,
788 4243 853 4288 non
877 4227 1029 4305 putamus
1053 4218 1191 4303 Regiam

64 4330 272 4400 Maiestatem
298 4333 332 4397 in
357 4339 424 4398 tam
450 4331 533 4396 doro
558 4350 676 4414 aspero
702 4331 870 4415 proposito
888 4349 947 4394 suo
964 4325 1090 4394 diucius
1117 4349 1191 4394 con·

66 4443 158 4524 stare,
181 4439 323 4506 maxime
347 4439 475 4504 intuitu
498 4437 728 4521 disposicionis
754 4443 875 4519 nostre,
901 4456 999 4519 quam
1026 4457 1105 4520 erga
1122 4436 1191 4501 eius

67 4542 221 4616 &ronam
235 4547 380 4633 gerimus
404 4551 437 4611 et
463 4545 630 4612 habemus.
660 4546 706 4612 Et
732 4552 909 4629 propterea
933 4544 976 4610 ad
992 4544 1191 4630 presenciam
