3108 5246
573 357 666 423 1349.
1022 353 1032 362 ’
1124 355 1187 432 361

59 541 181 622 tempus
208 543 244 604 et
268 536 383 624 locum,
407 536 441 602 in
467 536 556 622 quod
581 541 614 602 et
629 531 672 601 ad
689 555 785 620 quem
802 531 1048 606 Ambaxatores
1065 539 1189 625 Vestri,

60 665 137 728 quos
162 643 284 711 libenti
300 647 409 713 animo
426 653 459 712 et
476 651 647 728 gratanter
663 641 867 730 recipiemus,
884 647 949 712 siut
966 651 1141 734 accessuri,
1157 652 1191 716 et

59 751 96 818 de
111 751 299 819 firmatione
326 754 473 840 predicte
486 755 578 840 pacis
610 778 674 820 una
698 755 866 821 nobiscum
882 758 1066 840 tractaturi,
1083 758 1189 825 stude·

56 859 156 923 bimus
173 858 365 943 declarare3
382 861 459 946 qnia
474 861 591 928 libenti
607 862 715 927 animo
732 863 887 944 volumus,
898 869 935 929 ut
950 865 1090 930 durante
1101 864 1190 932 dicta

56 975 193 1052 treugua
210 977 370 1054 perpetua
387 977 420 1035 et
435 993 520 1055 pura
537 993 602 1054 pax
617 970 702 1037 inter
721 993 779 1038 nos
795 973 899 1056 possit
916 972 1063 1040 ordinari
1079 979 1189 1042 etsta·

55 1075 138 1141 biliri
154 1074 301 1144 Domino
318 1079 522 1145 concedente.
533 1077 657 1144 Datum
667 1080 701 1145 iu
711 1079 826 1146 Polus
836 1081 907 1146 loco
918 1083 1099 1148 venationis
1115 1102 1190 1149 nos*

56 1189 102 1250 tre
117 1183 185 1251 XI.
203 1185 258 1250 die
275 1186 395 1252 mensis
410 1185 505 1253 Julii.

161 1349 198 1410 (A
215 1351 320 1412 »eopia
334 1349 368 1401 de
383 1351 626 1404 Commemorisli«
641 1352 732 1404 czimtt
747 1352 889 1404 veleuczei
899 1353 1127 1421 allamkonyvuol
1141 1355 1190 1405 IV.

55 1435 108 1488 leot.
123 1441 147 1489 2.
163 1454 186 1488 r.
200 1441 245 1492 40.
260 1441 327 1504 lev.)

544 1623 703 1632 -—-——-

590 1863 662 1926 291.

172 2023 389 2088 thssiu'aak
405 2023 606 2089 bereskedc'se
623 2024 941 2113 Maqyarurszcippal
967 2024 1063 2092 1349.

158 2181 234 2249 Nos
261 2181 452 2250 Kazimirus
468 2181 532 2249 Dei
549 2184 663 2268 gracia
678 2182 816 2251 Polonie
832 2183 906 2251 Rex
922 2193 1035 2253 notum
1050 2183 1186 2252 iacimus

56 2292 166 2356 tenore
183 2293 392 2374 presencium
409 2290 526 2375 quibus
543 2290 674 2374 expedit
691 2293 857 2372 uniuersis,
873 2294 962 2378 quod
977 2294 1099 2360 nostris
1115 2313 1187 2377 reg·

57 2397 169 2464 tricolis
187 2399 349 2480 omnibus,
367 2406 400 2464 et
416 2402 587 2484 presertim
599 2399 750 2466 Civitatis
762 2397 1190 2484 Sandomiriensis‚neonon

58 2505 236 2573 incolarum
264 2514 297 2572 et
321 2507 580 2575 inhabitancium
605 2507 752 2588 eandem,
778 2510 999 2577 condicionem
1015 2509 1121 2576 facere
1137 2529 1190 2573 vo·

55 2613 155 2680 lentes
171 2615 356 2699 meliorem,
382 2622 415 2681 et
440 2617 616 2684 commodis
633 2639 672 2682 ac
687 2615 882 2683 utilitatibus
898 2619 1044 2703 ipsorum
1058 2637 1119 2700 pro
1135 2637 1189 2681 no·

56 2723 131 2787 stris
146 2724 274 2790 viribus
289 2724 458 2790 intendere
483 2730 517 2789 et
532 2723 704 2807 invigilare
720 2745 921 2810 summopere
938 2725 1114 2809 cupientes,
1125 2745 1190 2790 om·

1 2875 2 2878 ,
57 2829 148 2896 nibus
165 2837 201 2897 et
223 2831 360 2915 singulis
377 2833 613 2900 mercatoribus
630 2831 669 2897 de
687 2831 830 2916 Thorun,
841 2837 874 2898 et
890 2832 1038 2916 partibus
1055 2853 1094 2898 ac
1109 2831 1190 2897 locis

58 2937 208 3006 omnibus
235 2939 342 3006 Terre
368 2939 509 3022 Prussie,
534 2960 594 3004 neo
618 2958 683 3004 non
708 2945 741 3005 et
756 2939 830 3006 aliis
847 2939 1093 3024 quibuscunque
1109 2939 1190 3006 locis

59 3065 111 3110 seu
125 3045 281 3131 partibus
308 3049 529 3131 cuiuscunque
552 3051 659 3113 status
674 3047 737 3130 ipsi
751 3052 951 3115 mercatores
967 3045 1018 3114 vel
1033 3047 1191 3114 condicio·

58 3153 104 3218 nis
119 3156 277 3236 existant,
293 3176 365 3220 oum
376 3157 521 3240 ipsorum
531 3154 629 3220 rebus
639 3160 672 3219 et
681 3154 843 3222 mercibus
853 3177 965 3223 uersus
975 3155 1192 3240 Hungariam,

59 3259 107 3326 rel
123 3283 339 3348 quascunque
356 3269 467 3348 partes
483 3267 516 3327 et
532 3262 604 3328 loca
619 3263 722 3346 ipsius
738 3260 841 3328 Terre
857 3261 1029 3348 Hungarie
1047 3262 1189 3330 transire

58 3370 250 3455 volentibus,
276 3391 335 3456 per
361 3372 528 3438 ciuitatem
555 3370 690 3436 eandem
714 3375 862 3438 nostram
893 3369 1191 3440 Sandomiriensem

61 3497 131 3544 cum
145 3480 247 3546 rebus
273 3485 306 3547 et
330 3480 491 3547 mercibus
508 3479 655 3564 ipsorum
672 3480 864 3546 transeundi
888 3487 922 3547 et
938 3479 1038 3547 eundi
1052 3478 1192 3545 liberam

61 3591 91 3650 et
106 3587 328 3654 omnimodam
352 3595 466 3654 tenore
492 3585 696 3671 presencium
712 3587 792 3671 ipsis
809 3587 923 3654 damus
940 3595 973 3655 et
988 3587 1191 3655 concedimus

61 3690 267 3775 facultatem
293 3694 376 3762 nulli
401 3697 489 3779 ipsis,
506 3695 534 3761 si
549 3715 615 3760 non
646 3696 728 3761 alias
746 3716 955 3780 quascunque
970 3696 1192 3762 transiuerant

60 3800 133 3884 rias,
150 3801 202 3868 vel
218 3802 316 3868 alicui
341 3805 487 3886 ipsorum
512 3803 646 3886 aliquod
679 3803 916 3869 incommodum
933 3811 965 3870 et
980 3803 1191 3887 impedimen-

63 3912 128 3974 tum
143 3909 534 3996 preparando.Si1nilite1·
558 3932 633 3977 vero
650 3933 667 3975 e
692 3930 859 3993 conuerso,
875 3915 1056 3996 quicunque
1070 3929 1191 3974 merca-

62 4020 146 4083 tores
177 4018 219 4083 de
251 4018 428 4105 Hungaria
459 4024 492 4083 et
524 4019 594 4084 eius
621 4020 866 4103 quibuscunque
892 4019 972 4086 loeis
989 4025 1021 4084 et
1038 4017 1187 4103 partibus

63 4144 171 4192 versus
198 4125 335 4193 Thorun
364 4133 397 4192 et
420 4133 532 4211 partes
558 4125 692 4192 Prussie
720 4128 885 4212 predictas
909 4149 942 4192 se
959 4149 1030 4194 cum
1045 4127 1191 4211 ipsorum

65 4231 157 4300 rebus
183 4241 217 4302 et
233 4235 403 4318 mercibus,
420 4240 455 4299 ut
479 4236 690 4319 premittitur,
705 4257 764 4320 per
788 4235 909 4301 dictam
926 4235 1092 4301 ciuitatem
1108 4229 1190 4317 Sau-

66 4339 289 4410 domiriensem
314 4343 522 4426 transferant,
549 4343 651 4410 libere
667 4363 706 4409 ac
731 4364 843 4409 secure
869 4365 940 4408 cum
957 4343 1079 4411 eisdem
1095 4343 1191 4408 rebus

67 4453 276 4519 transeuntes.
286 4453 351 4519 Per
369 4453 430 4520 lroc
446 4459 555 4520 autem
574 4457 722 4518 nostrum
733 4452 922 4519 mandatum
934 4452 1191 4519 Ciuitatinostre

68 4553 272 4630 Cracouiensi
287 4563 321 4629 in
338 4562 429 4630 nullo
444 4565 574 4649 penitus
601 4561 807 4648 derogamus.
823 4561 864 4629 Iu
880 4562 969 4631 cuius
986 4561 1033 4630 rei
1049 4561 1191 4629 testimo·
