3134 5252
448 377 453 384 ·
581 357 675 424 1346.
1127 367 1192 432 159

1 556 2 578 l
81 533 199 616 teribus
213 539 250 601 ut
263 532 432 601 videbitur.
442 535 489 602 ut
505 537 583 621 quia
600 537 735 619 videtur,
746 539 835 623 quod
852 537 969 607 Comes
986 539 1135 626 Doymus
1146 547 1189 611 sit

1 631 2 650 ³
83 649 223 709 mactator
238 643 333 708 huius
349 643 438 724 facti,
454 647 607 710 mittatur
624 645 667 712 ad
684 667 757 712 eum
771 669 856 713 unus
866 649 906 716 de
917 647 1064 716 Notariis
1082 649 1191 740 Ourie,

1 808 2 813 ,
82 749 249 835 agravaudo
264 748 394 834 facturn,
414 752 671 820 sicutridebitur
687 757 867 822 convenire.

224 908 259 979 (A
273 911 400 964 »Secreta
413 915 528 966 Consilii
542 917 800 982 Rogatcrumebbl.
819 919 866 970 Lit
879 921 913 969 A.
926 923 980 971 vol.
998 924 1031 984 1.)

596 1388 669 1450 156.

1 1504 2 1580 1
81 1543 105 1608 A
127 1547 272 1612 velmczec‘
286 1547 634 1633 kermdoytaadcanok
659 1547 740 1611 ozI.
761 1549 860 1634 Lajoe
874 1571 1015 1637 mappas·
1031 1551 1146 1639 kirtly
1162 1555 1194 1618 ta

207 1677 245 1720 az
260 1653 425 1738 aquileioi
441 1653 624 1739 patriacha
639 1654 726 1720 lebeti
747 1657 934 1743 ciaeooprdi.
953 1659 1048 1724 1346.

173 1813 267 1881 Anno
283 1811 544 1882 MOOOXLVL
562 1812 614 1879 die
624 1812 708 1880 XX
724 1814 853 1881 Maiae
866 1838 917 1901 ap
927 1824 942 1882 t
952 1839 989 1882 a:
1007 1816 1103 1904 Quod
1119 1821 1198 1885 scri·

0 1953 1 1956 *
80 1920 165 1986 batm
192 1919 342 1988 Amadeo
373 1919 515 1988 Notario
539 1927 652 1987 nostro
676 1923 711 1986 in
737 1922 849 2004 Curia,
864 1924 954 2008 quod
969 1925 1196 2010 intelleximus,

82 2029 158 2112 quod
171 2027 368 2096 Patriarcba
384 2028 630 2113 Aquilegiensis
647 2029 752 2095 iturus
772 2038 822 2097 est
838 2031 881 2097 ad
896 2031 1022 2115 Regem
1040 2033 1197 2118 Vngarie,

81 2143 109 2200 et
131 2137 213 2220 qnod
228 2135 360 2221 publica
374 2157 436 2203 vox
460 2143 494 2201 et
509 2134 599 2202 iama
618 2141 675 2216 est,
691 2136 779 2221 quod
795 2138 864 2223 ipse
880 2141 1068 2224 procuravit
1083 2148 1116 2208 et
1130 2163 1196 2208 non

81 2253 173 2310 cessat
187 2264 367 2329 procurare
383 2243 549 2310 sinistrum
565 2250 599 2310 et
614 2243 766 2310 mmnum
783 2247 985 2327 agendorum
1000 2254 1196 2316 nostrorum.

80 2352 303 2438 Etpropterea
333 2351 525 2418 mandamus
542 2353 580 2435 ei,
596 2360 756 2436 quatenus
789 2354 905 2420 hahita
935 2355 1108 2423 collatione
1124 2379 1196 2424 cum

81 2460 196 2528 domino
222 2460 413 2527 Turcelensi
429 2466 462 2527 et
480 2483 554 2530 cum
573 2462 642 2526 eins
658 2460 794 2528 consilio
811 2460 929 2530 debeat
944 2465 993 2532 ire
1009 2464 1051 2532 ad
1067 2487 1197 2551 presen-

79 2569 149 2636 tiam
163 2571 282 2638 domini
298 2571 404 2636 nostri
420 2568 522 2654 Pape,
537 2575 572 2635 et
587 2590 748 2655 exponere
779 2592 839 2655 pro
854 2579 949 2656 purte
968 2580 1093 2658 nostra,
1109 2575 1197 2659 quod

80 2676 147 2744 licet
169 2700 296 2763 semper
320 2678 362 2743 ob
387 2679 602 2745 reverentiam
626 2676 691 2743 Dei
709 2683 743 2744 et
758 2677 834 2745 fidei
853 2680 1063 2747 habuerimus
1077 2683 1112 2746 in
1128 2702 1197 2767 spe

80 2783 144 2850 ciali
165 2787 346 2853 reverentia
370 2790 403 2851 et
427 2806 537 2852 amore
561 2804 720 2869 personas
745 2786 992 2870 ecclesiasticas,
1008 2795 1042 2856 et
1056 2791 1197 2856 maxime

80 2891 230 2960 domiuum
254 2893 487 2960 Petriarcham
502 2893 770 2978 Aquilegiensem
787 2901 936 2963 nostrum
952 2897 1197 2978 circavicinum;

79 3003 176 3066 tamen
189 3001 296 3086 pridie
312 3002 455 3086 receptis
471 3002 593 3068 litteris
608 3000 813 3086 Apostolicis
834 3002 1055 3085 suadentibus,
1071 3009 1108 3068 ut
1124 3025 1197 3070 cum

80 3107 140 3190 ipso
163 3109 292 3177 domino
308 3109 507 3176 Patriarcha
521 3110 556 3174 in
572 3111 711 3176 caritate
728 3115 762 3176 et
777 3131 858 3195 paee
873 3111 979 3177 vivere
996 3110 1197 3196 deberemus,

80 3215 283 3300 disposuimus
311 3217 418 3284 adhuc
433 3216 605 3284 ferventius
620 3222 761 3284 mentem
776 3224 923 3286 nostram
937 3217 980 3285 ad
998 3218 1199 3305 complacen-

82 3321 147 3390 dum
171 3333 203 3392 et
218 3325 425 3394 serviendum
440 3326 528 3392 dioto
544 3325 675 3392 domino
694 3325 892 3413 Patriarche
908 3329 942 3392 in
959 3327 1047 3392 omni
1063 3327 1149 3396 bono
1166 3333 1199 3396 et

80 3431 188 3501 honore
213 3457 280 3516 suo,
307 3440 341 3501 et
356 3457 486 3502 servare
502 3457 575 3502 cum
591 3456 630 3502 eo
647 3456 775 3502 omnem
790 3436 1045 3503 benivolentiam
1062 3445 1094 3502 et
1109 3458 1199 3504 amo·

6 3530 11 3538 ⁵
80 3561 146 3626 rem,
175 3551 355 3629 sperantes,
386 3545 475 3629 quod
491 3545 596 3611 simile
621 3543 692 3610 fieri
711 3545 843 3611 deberet
857 3564 918 3628 per
931 3545 1038 3629 ipsum
1054 3544 1095 3611 ob
1111 3565 1199 3611 reve-

81 3651 204 3718 rentiam
229 3653 376 3719 mandati
401 3650 549 3736 Papalis.
566 3651 623 3720 Set
639 3653 730 3720 salva
745 3654 928 3720 reverentia
945 3674 1013 3736 sua,
1029 3675 1095 3720 non
1110 3652 1197 3720 vide·
1329 3683 1332 3690 ·

80 3761 182 3846 tursio
197 3782 328 3828 servare
346 3781 427 3844 erga
443 3781 510 3843 nos,
526 3781 600 3844 ymo
631 3761 745 3846 pocius
762 3766 867 3827 totum
899 3762 1105 3847 oppositum,
1121 3783 1197 3828 uam

81 3866 154 3934 ucut
175 3871 245 3936 eius
270 3870 437 3937 Sanctitas
461 3868 545 3936 scire
560 3873 679 3954 potest,
696 3867 751 3936 diu
769 3875 828 3950 est,
845 3869 934 3952 quod
951 3868 1127 3937 Civitatem
1142 3890 1198 3935 no-

1 3953 2 3978 *
81 3979 171 4042 stram
185 3977 300 4060 Jadre,
315 3977 408 4044 nobis
424 3976 588 4059 rebellem,
615 3978 781 4046 obsessam
805 3979 967 4044 tenuimus
999 3999 1059 4063 per
1074 3984 1198 4044 terram

82 4088 111 4146 et
130 4105 225 4168 mare,
239 4092 278 4151 nt
294 4105 366 4152 eam
390 4085 617 4152 reduceremus
643 4085 685 4152 ad
717 4085 940 4152 obedienciam
956 4092 989 4151 et
1003 4084 1197 4152 fidelitatem

83 4197 224 4260 nostram.
240 4192 336 4263 Cives
352 4201 451 4262 auten
467 4196 569 4280 ipsius
585 4217 650 4262 uon
666 4196 813 4262 videntes
831 4217 864 4260 se
880 4216 976 4279 posse
992 4195 1089 4261 aliter
1105 4195 1195 4261 adiu·

1 4352 2 4394 ,
84 4317 160 4380 vare,
174 4303 320 4386 nequicia
337 4302 435 4385 ducti,
451 4303 535 4370 falso
551 4301 771 4369 informarunt
791 4309 824 4368 et
838 4301 1017 4368 informant
1033 4302 1199 4369 dominum

85 4405 197 4491 Regem
212 4409 367 4493 Vngaric,
392 4410 480 4494 quod
504 4411 615 4477 veniat
640 4410 691 4478 vel
714 4411 828 4476 mittat
843 4409 886 4475 ad
902 4411 1128 4495 occupandum
1143 4431 1199 4476 no·

1 4498 2 4578 1
85 4519 177 4582 stram
189 4515 361 4587 Civitatem
377 4518 580 4604 premissam,
595 4519 709 4585 dantes
725 4519 754 4584 ei
771 4517 930 4603 intellegi,
941 4517 1039 4604 quod,
1049 4517 1198 4586 habendo
