3134 5252
1123 299 1186 361 111
1253 273 1256 276 ’

170 466 221 535 Ad
235 471 369 538 tertium
385 469 575 554 capitulum,
590 472 619 536 si
636 477 746 539 castra
762 493 821 556 per
838 471 1097 539 desertacionem
1113 492 1188 537 oon·

5 602 17 660 ,¹
80 581 168 641 tracte
182 577 229 641 vel
244 576 383 644 deffectu
399 577 588 646 victualium
598 586 656 644 aut
671 578 836 645 hominurn
852 583 956 645 teneri
973 600 1038 648 111
1054 585 1187 664 possent

5 675 7 724 ³
80 689 130 749 eto.
142 685 387 769 respondeatur:
404 686 492 771 quod
517 707 589 751 cum
615 687 723 752 dictus
750 709 844 754 casus
864 693 1059 770 occurreret,
1083 689 1189 771 provi·

80 791 206 860 debimus
227 802 337 861 nostro
362 817 470 880 posse,
496 794 584 878 quod
608 796 762 862 victualia
788 797 932 862 habeant
957 815 1018 879 pro
1042 797 1188 879 pecunia,

78 907 232 968 etomnem
248 903 395 969 favorem
412 908 445 968 et
461 902 633 968 consilium
657 903 871 969 libentissime
902 903 1136 988 impendemus
1152 909 1191 969 ut

5 997 7 1088 l
78 1008 138 1092 ipsa
151 1016 254 1076 eastra
269 1012 456 1076 conservari
473 1010 605 1095 possint

5 1093 7 1114 ι
166 1116 219 1183 Ad
244 1125 409 1203 quartum,
435 1118 462 1182 si
486 1119 609 1183 inimici
634 1117 822 1184 obsiderent
838 1125 947 1186 castra
964 1141 1024 1186 sua
1041 1125 1189 1204 111111-

5 1205 7 1296 l
76 1225 254 1308 pendentur:
272 1227 366 1310 quod
380 1229 413 1292 in
423 1226 486 1292 boo
500 1225 712 1310 providebtur
729 1247 789 1310 per
803 1245 871 1310 nos,
887 1228 969 1296 sicut
986 1249 1046 1313 pro
1063 1229 1187 1295 honore

5 1415 7 1430 Ι
77 1341 104 1398 11
115 1335 192 1400 bono
207 1341 324 1402 nostro
341 1317 376 1401 et
392 1357 450 1401 suo
467 1335 530 1401 erit
546 1335 749 1401 conveniens.

167 1439 219 1506 Ad
236 1446 400 1526 quintum,
411 1444 438 1509 si
450 1442 640 1509 Dominatio
656 1443 839 1526 acquireret
854 1449 1057 1509 contractam
1067 1443 1191 1511 Obroa-

5 1593 6 1598 κ
76 1551 123 1632 oie,
150 1550 186 1615 de
202 1551 368 1635 possendo
384 1551 505 1617 habere
522 1572 615 1616 suum
632 1555 690 1615 eto.
707 1552 963 1635 respondeatur:
981 1552 1067 1636 quod
1085 1553 1113 1618 si
1129 1554 1191 1620 hoo

5 1645 7 1668 '
76 1659 209 1740 eveniret,
224 1658 420 1724 Dominatio
447 1664 560 1723 nostra
575 1655 760 1741 providebit
776 1658 816 1723 de
832 1659 1006 1725 tractando
1023 1666 1055 1724 et
1070 1659 1192 1726 haben·

5 1789 7 1836 1
77 1764 111 1830 do
125 1767 224 1848 ipsum
243 1766 545 1832 recommendatum
568 1765 709 1849 benigne
725 1765 758 1830 in
777 1767 843 1831 suis
858 1766 992 1851 iuribus,
1012 1767 1096 1834 sicut
1112 1789 1192 1834 sem-

75 1894 122 1955 per
136 1871 239 1940 lacere
256 1875 425 1940 consuevit
441 1872 654 1939 servientibus
670 1873 708 1938 ei.
731 1881 735 1888 '

167 1979 221 2047 Ad
247 1989 387 2065 sextum,
411 2002 471 2067 per
487 1982 574 2065 quod
589 1983 673 2065 petit
689 1981 853 2048 observari
869 1982 932 2049 sibi
945 1983 1119 2069 privilegia
1134 2003 1194 2050 sua

5 2055 7 2160 l
77 2095 127 2153 eto.
149 2090 407 2174 respondeatur:
435 2087 529 2180 quod¹
547 2109 674 2173 semper
699 2089 841 2155 inveniet
872 2111 929 2156 uos
955 2091 1130 2177 dispositos
1150 2092 1193 2158 ad

5 2169 7 2272 l
76 2201 177 2280 omnis,
202 2219 265 2282 qne
291 2199 428 2265 honeste
444 2205 477 2264 et
492 2198 642 2264 decenter
656 2197 728 2264 fieri
746 2203 902 2283 poterunt
918 2199 960 2265 ad
976 2201 1193 2268 conservatio·

5 2275 7 2418 ἰ
73 2328 134 2372 111
149 2307 268 2372 iurium
288 2328 431 2373 suorum.

5 2427 7 2494 j
167 2411 224 2481 Ad
241 2416 429 2499 septimum,
445 2413 473 2480 si
505 2413 629 2481 Civitas
659 2414 684 2480 J
685 2413 763 2481 adre
779 2413 954 2484 habebitur
983 2437 1044 2501 per
1060 2437 1117 2484 nos
1133 2423 1193 2484 etc.

5 2501 10 2592 l
73 2525 307 2606 respondeatur,
324 2524 411 2607 quod
425 2527 541 2604 totum,
552 2521 639 2606 quod
654 2522 836 2588 invenietur
853 2543 922 2588 esse
938 2543 1041 2606 suum,
1057 2524 1191 2591 dabitur

5 2599 10 2718 l
73 2629 107 2711 ei,
128 2637 159 2696 et
183 2631 385 2698 tractabitur
399 2652 458 2716 per
473 2651 533 2697 nos
548 2630 582 2694 in
598 2631 669 2696 iure
686 2638 718 2696 et
733 2630 868 2715 iustitia,
883 2637 983 2716 prout
998 2631 1136 2716 quilibet
1151 2635 1192 2699 ei-

72 2741 113 2804 vis
126 2747 243 2806 noster.

5 2877 11 2934 1
168 2851 225 2917 Ad
241 2855 396 2918 octavum
414 2849 454 2916 de
478 2849 563 2917 villis
580 2847 745 2918 derobatis
762 2855 823 2916 eto.
840 2849 1093 2938 respondeatur;
1108 2849 1196 2935 quod

5 2943 10 3050 l
71 2977 122 3042 per
135 2980 193 3026 nos
210 2959 387 3044 superinde
402 2958 627 3043 providebitur
643 2957 726 3024 siout
742 2959 918 3025 conveniet

5 3053 7 3160 ζ
168 3067 227 3135 Ad
244 3087 366 3132 nonum
391 3064 432 3130 de
464 3064 593 3130 ducatis
610 3064 641 3133 V
658 3064 745 3130 mille
777 3063 978 3149 deponendis
1010 3063 1097 3150 apud
1112 3065 1195 3134 alios

5 3163 8 3254 l
72 3171 105 3239 X
118 3175 205 3241 mille
223 3181 283 3242 eto.
315 3172 574 3259 respondeatur:
589 3171 676 3256 quod
693 3194 804 3239 sumus
836 3176 991 3258 contenti,
1007 3173 1095 3260 quod
1110 3176 1195 3258 ipsos

5 3255 643 3370 &mmwmm

5 3371 7 3412 ⁵
170 3390 233 3459 Oa
243 3415 263 3477 p
274 3400 290 3459 t
300 3411 339 3457 a:
356 3391 402 3457 Et
416 3410 476 3474 pro
491 3387 649 3475 predictis
666 3387 813 3456 volumus
829 3392 863 3454 et
878 3388 1034 3472 petimus:

172 3499 299 3582 Primo,
317 3497 406 3583 quod
423 3494 540 3564 Comes
565 3493 746 3581 Gregorius
760 3497 884 3563 habeat
899 3516 959 3580 pro
976 3496 1115 3564 inimicis
1131 3516 1198 3564 om·

71 3629 122 3676 nes
137 3607 288 3676 inimicos
299 3609 490 3676 Communis
498 3605 723 3688 venetiarum,
736 3612 768 3672 et
783 3626 844 3690 pro
862 3607 976 3671 amicis
992 3626 1102 3672 omnes
1118 3611 1197 3674 ami—

72 3737 136 3800 oos;
150 3718 364 3802 intelligendo
380 3715 501 3784 amicos
517 3721 550 3779 et
579 3713 726 3781 inimicos
758 3713 840 3796 illos,
858 3714 915 3795 qui
939 3712 1194 3781 declarabuntur

5 3823 7 3908 ῗ
72 3845 124 3908 per
139 3825 269 3894 litteras
285 3825 337 3892 vel
352 3824 488 3892 nuncios
504 3821 626 3889 domini
641 3820 745 3888 Ducis
761 3820 984 3891 Venetiamm.

5 4005 6 4008 ,
173 3933 261 3999 Item
284 3932 374 4018 quod
398 3937 548 3998 teneatur
574 3931 654 3996 totis
679 3929 804 3996 viribus
823 3934 858 3995 et
872 3949 970 4015 posse
986 3927 1198 3998 damnificare

5 4081 7 4136 3
72 4037 263 4110 dadratinos
288 4043 325 4108 in
339 4041 458 4108 havere
484 4048 518 4108 et
532 4040 689 4127 personis,
705 4045 738 4106 11
754 4039 918 4125 quoslibet
933 4040 980 4104 eis
995 4039 1199 4138 adherentes,

5 4137 7 4156 ³
73 4149 120 4217 vel
134 4156 319 4236 prestantes
335 4150 383 4216 eis
399 4150 555 4217 auxilium
570 4149 622 4216 vel
637 4147 791 4218 favorem.

5 4249 7 4342 J
176 4259 259 4327 Item
285 4261 314 4324 si
338 4259 525 4326 necessaria
556 4266 663 4326 essent
692 4258 804 4343 aliqua
828 4263 1013 4326 anacastra
1029 4254 1202 4325 Communi

5 4349 7 4400 J
75 4361 297 4449 Venetiamm,
314 4368 402 4453 quod
429 4367 552 4435 dietum
569 4364 747 4433 Commune
762 4364 975 4435 Venestorum
991 4366 1024 4432 in
1040 4367 1116 4451 ipsis
1133 4387 1201 4432 oas-

5 4495 7 4502 ·
76 4474 135 4538 tris
165 4478 268 4560 possit
298 4497 421 4559 ponere
437 4475 562 4559 equites
578 4481 611 4540 et
625 4474 753 4559 pedites
768 4472 811 4540 ed
828 4493 921 4542 suum
952 4473 1201 4562 beneplacitum,
