3254 5260
611 385 705 448 1343.
1174 387 1214 450 13

115 565 141 622 et
161 555 321 623 incauto
338 559 439 623 etiam
455 558 570 640 eundo,
587 558 636 624 vel
656 559 833 640 redeundo,
851 559 937 623 idem
952 558 1053 625 faciat
1067 549 1127 642 pio
1143 547 1216 626 nos·¹

20 691 22 730 i
111 664 230 747 nisibi,
252 685 316 730 non
341 664 502 730 ttahendo
527 687 588 748 pro
613 665 708 731 dictis
731 665 828 731 factis
844 666 894 730 rel
910 665 1024 746 aliquo
1041 687 1152 732 eorum
1167 667 1214 732 ibi

111 791 226 836 moram.

20 953 22 970 ,
201 878 353 962 Capta:
371 877 469 962 Quod
485 881 707 947 committatur
723 881 811 948 dioto
824 877 1053 963 Ambaxatori‚
1070 881 1158 964 quod
1176 882 1218 946 si·

113 989 157 1048 cut
169 967 198 1048 et
210 986 336 1069 quaudo
353 987 383 1050 ei
397 987 571 1072 ridebitur,
601 987 841 1053 recommendet
856 986 944 1052 dicto
959 985 1046 1070 Regi
1064 1009 1134 1054 cum
1152 988 1217 1054 illis

20 1133 22 1186 p
112 1091 211 1172 verbis,
233 1114 290 1176 que
317 1093 436 1159 viderit
460 1095 640 1177 convenire,
656 1101 761 1160 terras
777 1103 907 1161 nostras
924 1091 1106 1174 Seleucum,
1121 1101 1157 1160 ut
1172 1097 1218 1160 eis

20 1197 23 1276 t
115 1199 150 1262 sit
169 1197 356 1280 favorabilis,
382 1203 468 1267 sicut
493 1223 660 1286 speramus
680 1203 720 1269 de
737 1201 805 1268 Sua
821 1203 1008 1281 Maiestate,
1022 1203 1056 1267 in
1073 1223 1110 1270 eo
1127 1201 1217 1286 quod

20 1347 22 1390 ;
116 1308 201 1369 nostri
224 1305 330 1373 fideles
354 1307 513 1373 habereut
537 1309 645 1376 iacere
670 1331 743 1376 cum
768 1309 885 1375 Banno
900 1309 1050 1390 Roscius,
1066 1331 1138 1374 oum
1157 1305 1217 1372 Co-

116 1413 179 1477 nite
199 1415 346 1498 Neliptio,
362 1423 396 1480 et
420 1417 494 1482 aliis
509 1416 695 1484 Beronibus
711 1415 896 1499 Sclauouie,
911 1438 950 1483 ne
966 1417 1219 1499 faciantgravs-

117 1519 189 1584 mina
202 1523 314 1586 nostris
329 1522 482 1588 fidelibus
498 1529 531 1589 et
546 1525 644 1590 terris
660 1523 826 1608 predictis,

205 1625 359 1711 Copta:
384 1627 483 1713 Quod
506 1629 610 1696 irater
635 1630 845 1696 Benvenutus
870 1627 1007 1695 Ordinis
1032 1626 1218 1694 Heremits·

20 1721 21 1730 ¹
116 1753 176 1796 mm
197 1734 391 1801 conducatur
403 1737 586 1821 Ragusium
612 1760 684 1804 oum
704 1760 774 1804 uno
786 1739 883 1820 soci0‚
899 1759 971 1802 cum
987 1757 1050 1820 quo
1066 1735 1158 1800 vadit
1174 1733 1217 1800 ad

115 1838 205 1906 dictas
228 1851 335 1925 partes
356 1849 468 1910 noster
483 1843 690 1912 Ambuxatcr
714 1847 820 1911 iturus
845 1843 889 1909 ad
913 1845 1078 1909 dominum
1096 1841 1220 1926 Regem

20 1959 22 1966 ’
115 1943 212 2010 Ruris.

204 2113 235 2166 (Α
251 2111 360 2162 ›Misi-i«
374 2113 464 2164 ezimii
477 2115 615 2164 velenczei
628 2114 856 2176 allumkbnyvbdl
876 2115 951 2162 XXI.
975 2113 1033 2162 bot.
1048 2117 1088 2162 63.
1102 2113 1166 2172 lev.)

576 2329 601 2338 a·
612 2329 735 2338 —-.-.--

633 2583 683 2643 10.

111 2750 293 2820 Aodeucaei
327 2757 671 2844 kormduytuudcauub
695 2759 888 2822 tatorozata
914 2757 1028 2822 Judro
1054 2761 1147 2822 vetros
1163 2731 1224 2822 da·

105 2861 298 2950 josmupyar
328 2864 513 2951 kirciiylyal
536 2865 660 2930 'tortdut
684 2864 979 2944 olkudoza'suinok,
1011 2867 1042 2928 ds
1073 2865 1223 2928 Erzsttet

110 2990 238 3054 mapyur
252 2972 499 3058 orayakirdtpnc'
514 2969 683 3058 Apulidda
699 2984 840 3037 teuvezott
870 2972 1075 3036 utuzdcdnok
1093 2975 1223 3059 tdrpyd·

20 3073 21 3084 ἵ
565 3079 637 3144 don.
662 3081 757 3146 1343.

207 3233 303 3300 Anno
328 3237 464 3302 Domini
489 3235 751 3304 Mccoxmss.
778 3238 829 3303 die
855 3235 952 3304 XIV.
977 3236 1080 3317 ducii,
1095 3233 1161 3302 XI.
1177 3237 1225 3304 in·

109 3335 257 3408 dictionis.
274 3341 436 3428 Capta:
460 3343 551 3413 Visis
566 3352 599 3412 et
615 3344 789 3428 diligenter
804 3345 997 3410 examinatis
1016 3345 1135 3410 litteris
1150 3346 1225 3410 mis·

20 3515 21 3518 ,
108 3448 148 3510 sis
171 3468 227 3531 per
250 3451 357 3532 ipsum
383 3449 556 3532 Comitem,
580 3451 718 3517 Judices
744 3457 777 3517 et
794 3451 971 3518 Commune
995 3449 1101 3516 Jadre
1121 3451 1226 3532 simul,

107 3553 229 3619 ridetur
253 3555 474 3642 Sapientibus,
504 3560 592 3642 quod
623 3557 804 3641 Jadratini‚
836 3561 963 3623 attenta
994 3556 1161 3638 fidelitate,
1185 3556 1228 3620 ad

20 3651 21 3662 ¹
107 3678 199 3740 quam
223 3664 314 3729 nobis
339 3670 503 3746 tenentur,
537 3674 570 3733 et
594 3667 808 3733 consideratis
833 3664 992 3740 omnibus,
1020 3686 1081 3748 que
1097 3663 1229 3730 veniunt

20 3763 22 3780 ¹
91 3768 346 3856 ,consideranda
371 3772 534 3839 debebant
558 3775 763 3859 acquiescere
789 3772 956 3858 oppinioni
982 3771 1061 3837 dicti
1087 3769 1226 3836 Comitis

105 3874 192 3941 nobis
218 3899 276 3961 per
301 3880 407 3946 dictas
431 3882 560 3948 litteras
596 3881 758 3963 denotate,
784 3886 817 3946 et
841 3901 906 3944 non
931 3879 1108 3962 procedere
1124 3875 1230 3943 adf-

20 4047 21 4070 ἒ
104 3983 245 4049 ciendum
271 3985 415 4052 finaliter
432 3990 677 4072 responsionem
693 3988 823 4053 domino
842 3987 927 4068 Regi
942 3983 1088 4068 Vngsrie
1105 3982 1228 4066 absque

20 4173 22 4176 Ι
103 4095 227 4157 conscia
258 4102 379 4159 nostra
411 4093 456 4158 Et
487 4103 662 4178 propterea
694 4093 897 4160 concorditer
929 4090 1110 4172 consulunt,
1143 4088 1229 4170 quod

102 4200 262 4266 scribatur
279 4201 375 4266 dictis
391 4199 522 4283 Comiti,
537 4200 711 4268 Judicibus
722 4208 756 4269 et
772 4200 952 4279 Communi,
970 4197 1057 4280 quod
1073 4195 1231 4260 miramur

20 4311 22 4378 Ξ
103 4305 138 4370 dc
162 4309 254 4374 dicto
277 4309 377 4389 facto,
404 4329 476 4374 cum
502 4311 634 4394 oppinio
661 4310 740 4375 dicti
770 4305 906 4373 Comitis
931 4305 1017 4370 foret
1042 4303 1182 4368 honesta
1200 4308 1233 4368 et

102 4415 310 4496 rationabilis,
336 4422 368 4480 et
393 4417 588 4484 ostendebat
610 4419 643 4482 in
671 4419 717 4481 eis
751 4415 954 4492 fidelitatem,
985 4433 1082 4495 quern
1107 4409 1151 4474 ad
1175 4429 1234 4472 nos

20 4543 22 4588 r
103 4521 218 4587 debent
243 4522 373 4605 habere,
399 4529 433 4588 et
457 4524 546 4606 quod
570 4523 633 4588 hoc
657 4545 717 4587 uos
733 4529 892 4605 aggravat
911 4521 994 4584 sicut
1009 4522 1135 4601 potest;
1161 4515 1238 4578 licet
