3220 5262
383 374 446 434 618
734 388 972 436 urenouaozmr
989 376 1156 434 ernanus.

380 552 493 632 uersis,
509 552 598 636 quod
615 548 774 616 Perthold
792 549 962 616 Holchner
987 553 1020 615 et
1043 551 1068 618 J
1071 547 1213 616 ohannes
1228 553 1348 632 Ebner,
1366 553 1464 620 Ciues
1480 563 1508 620 et

380 661 497 728 Jurati
522 660 564 724 de
588 657 819 742 Neurumperg
846 659 881 722 in
898 658 964 722 suis
995 677 1034 722 uc
1064 659 1288 726 uniuersorum
1305 661 1424 727 ciuium
1456 685 1510 730 seu

381 769 546 854 hospitum
571 766 741 832 decadem
760 767 987 850 Neuremperg
1012 768 1159 851 personis
1175 765 1299 834 Nostro
1315 768 1509 837 Serenitatis

380 877 529 944 adientes
546 881 765 960 conspectum,
781 873 998 940 exhibuerunt
1015 875 1108 942 nobis
1123 875 1289 958 quoddam
1305 877 1509 961 priuilegium

381 991 527 1052 nostrum
544 985 661 1050 maiori
687 991 720 1049 et
737 983 840 1066 priori
857 981 966 1066 sigillo
984 988 1094 1049 nostro
1110 982 1145 1046 in
1160 989 1252 1049 terra
1268 982 1377 1052 Vzure
1392 983 1510 1050 furtiue

381 1095 509 1161 sublato
526 1094 733 1176 consignatos
743 1113 839 1176 super
849 1091 991 1157 diuersis
1001 1090 1191 1158 libertatum
1201 1092 1347 1176 ipsorum
1357 1093 1510 1174 articulis,

380 1204 499 1288 quibus
524 1202 558 1267 in
582 1201 663 1269 locis
689 1202 887 1268 tributorum
912 1200 1020 1284 Regni
1045 1200 1150 1266 nostri
1175 1200 1222 1266 vsi
1248 1208 1332 1283 sunt,
1358 1208 1509 1268 consueto

380 1312 564 1378 confectum
589 1311 714 1376 tenoris
746 1309 947 1394 infrascripti
959 1333 966 1390 ;
999 1308 1221 1393 supplicantes
1251 1307 1373 1376 Nostro
1405 1309 1508 1394 Regio
1599 1369 1600 1374 ,

380 1419 522 1487 Culmini
547 1419 713 1486 humiliter
738 1425 771 1486 et
787 1419 913 1502 devote,
938 1425 972 1486 vt
997 1419 1076 1502 quia
1092 1418 1156 1502 ipsi
1170 1425 1306 1502 propter
1322 1419 1508 1487 discrimina

380 1529 506 1596 viarum
530 1534 713 1614 protectum
739 1527 950 1613 priuilegium
975 1547 1081 1592 seeum
1107 1527 1142 1592 in
1168 1528 1274 1612 specie
1300 1527 1427 1594 deferre
1448 1549 1508 1595 non
1598 1549 1600 1556 ·

380 1637 555 1720 anderent;
580 1637 655 1703 ideo
681 1658 740 1702 nos
764 1641 908 1702 tenorem
934 1636 1079 1701 eiusdem
1105 1636 1145 1701 de
1170 1636 1268 1703 verbo
1301 1637 1344 1702 ad
1376 1637 1508 1703 verbum

379 1746 583 1832 presentibus
609 1745 729 1811 nostris
760 1743 880 1810 litteris
913 1743 1101 1828 patentibus
1124 1745 1312 1811 transsiribi
1342 1752 1376 1811 et
1405 1751 1508 1810 trans-

379 1855 507 1940 sumpni
522 1853 682 1935 iaciendo,
697 1853 972 1937 opposicioneque
989 1853 1065 1918 noui
1083 1851 1184 1936 sigilli
1201 1855 1307 1919 nostri
1317 1875 1377 1937 pro
1388 1853 1507 1919 eisdem

378 1983 554 2049 eorumque
593 1961 769 2030 heredibus
808 1961 1018 2045 dignaremur
1049 1960 1249 2028 confirmare.
1281 1961 1383 2029 Ocius
1414 1969 1507 2026 tenor

379 2073 455 2140 talis
471 2080 529 2138 est.

485 2180 671 2249 Lodouious
698 2179 758 2245 Dei
782 2183 894 2265 gracia
922 2181 1095 2264 Hungarie
1121 2181 1184 2249 stb.
1204 2181 1287 2248 Rex.
1303 2179 1365 2247 stb.
1383 2177 1507 2265 (libret-

376 2288 470 2356 kezik
501 2289 528 2354 I.
560 2288 660 2372 Lajos
691 2309 827 2374 magyar
857 2287 1032 2373 kirtlynak
1066 2289 1200 2356 1357-11
1231 2289 1393 2374 okmanya
1422 2287 1506 2353 mint
1599 2329 1600 2336 1

377 2397 509 2464 lentebb
525 2401 599 2463 387.
616 2419 658 2464 sa.
674 2395 717 2480 a.)

484 2503 556 2571 Nos
575 2506 686 2589 itaque
697 2503 796 2589 justis
813 2509 846 2569 et
859 2505 926 2588 juri
942 2508 1102 2589 consonis,
1119 2506 1380 2590 admissioneque
1397 2505 1504 2590 dignis
1598 2505 1600 2516 '

379 2611 677 2700 supplicationibus
692 2613 895 2696 prefatorum
913 2612 1086 2679 Pertholdi
1104 2621 1137 2679 et
1152 2615 1177 2680 J
1179 2615 1325 2696 ohannis,
1336 2613 1463 2680 Cinium
1474 2621 1504 2679 et

376 2725 401 2790 J
402 2728 572 2789 oratorum
590 2721 629 2785 de
647 2722 760 2787 eadem
776 2699 1017 2806 Neurumberg
1030 2723 1096 2788 suis
1107 2730 1139 2787 et
1150 2728 1374 2789 vniuersorum
1387 2723 1504 2789 ciuium

377 2839 410 2898 et
435 2831 600 2915 hospitum
627 2828 667 2894 de
692 2830 805 2896 eadem
831 2828 1063 2914 Neurumberg
1094 2839 1125 2897 et
1155 2831 1199 2897 de
1230 2832 1342 2915 Praga
1373 2833 1441 2897 sice
1471 2838 1503 2896 et
1578 2814 1599 2892 'J

375 2938 559 3006 nominibus
583 2940 706 3006 Nostre
738 2938 904 3003 humiliter
935 2940 1095 3023 porrectis
1127 2939 1299 3006 Maiesteti
1331 2939 1503 3005 fauorabili

375 3051 498 3132 pietate
522 3047 681 3128 inclinati,
706 3046 897 3132 predactum
924 3047 1130 3132 priuilegium
1147 3055 1295 3113 nostrum
1312 3051 1398 3114 omni
1413 3068 1502 3131 pror·
1597 3035 1599 3048 ’

376 3180 431 3222 sus
456 3158 637 3240 suspicione
664 3162 697 3220 et
722 3155 804 3220 vicio
824 3162 972 3221 carentes
993 3155 1033 3220 de
1051 3156 1147 3223 verbo
1164 3158 1207 3222 ad
1223 3157 1357 3224 verbum
1373 3177 1501 3241 presen-
1597 3173 1598 3176 ’

374 3264 463 3329 tibus
480 3262 672 3336 transscribi
689 3269 723 3328 et
737 3263 968 3348 transsumpnri
981 3263 1141 3348 faciendo,
1153 3265 1248 3331 simul
1259 3287 1332 3330 cnm
1343 3264 1501 3331 dictarum
1596 3281 1598 3308 ⁴

374 3373 562 3439 libertatum
587 3371 735 3439 articulis
760 3372 794 3436 in
820 3377 932 3436 tenore
952 3373 1096 3438 eiusdem
1113 3375 1274 3440 contentis
1292 3381 1325 3440 et
1341 3374 1501 3458 expressis
1596 3371 1598 3450 ἶ

375 3503 434 3564 pro
451 3481 607 3565 predictis
625 3479 750 3545 ciuibus
766 3487 799 3544 et
810 3479 991 3564 hospitibus
1002 3480 1282 3567 deNeurumberg
1293 3484 1373 3549 etde
1390 3481 1500 3563 Prega

375 3611 550 3675 eorumque
570 3587 745 3654 heredibus
761 3593 920 3674 perpetuo
938 3589 1175 3657 confirmamus.
1192 3592 1316 3657 Datum
1332 3591 1365 3655 in
1382 3590 1499 3654 Wisse·
1596 3651 1597 3656 ,

374 3697 457 3781 grad
481 3700 515 3762 in
541 3698 668 3763 octenis
694 3697 767 3762 festi
793 3697 974 3765 Beatorum
991 3699 1082 3765 Petri
1100 3707 1132 3768 et
1148 3700 1249 3766 Pauli
1263 3697 1497 3785 Apostolorum

373 3827 458 3871 anno
474 3805 607 3870 Domini
622 3805 792 3870 millesimo
809 3802 904 3872 000.
920 3805 997 3873 LX.
1014 3814 1140 3890 quarto.

453 3949 591 4012 (Eredetie
602 3949 777 4015 borhartyein
790 3965 807 4000 u
820 3951 970 4003 miincheni
984 3952 1066 4018 bejor
1079 3953 1130 4005 kir.
1145 3951 1424 4014 chamlevelcerban.)

858 4208 927 4216 ...-
