3214 5260
428 344 496 410 494
783 363 1018 410 ummuecmar
1033 343 1200 410 mauce.

429 525 462 590 in
480 543 607 608 guerra,
623 543 724 607 quam
737 521 847 589 facere
857 522 999 588 intendit
1008 524 1157 590 dominus
1169 523 1368 588 Rexccmra
1378 519 1543 587 sumum

429 631 545 698 Raxie.
560 629 622 708 Aa
633 633 730 697 istam
748 638 902 714 quartam
917 633 1109 715 petitionem
1125 652 1315 715 responsum
1340 631 1413 712 fuit,
1429 628 1546 713 quodsi

429 741 605 823 contingat,
639 737 804 804 dominum
837 738 963 822 Regem
997 739 1167 823 Huugarie
1202 740 1251 803 ire
1284 745 1403 804 contra
1435 738 1545 820 Regem
1588 815 1592 821 Ι

429 846 536 912 Raxie
551 867 623 911 cum
639 867 744 926 curce,
758 845 910 911 dominus
927 846 1004 911 Dux
1021 847 1084 911 sibi
1109 847 1202 911 dabit
1226 866 1365 930 corpora
1390 845 1545 928 galearum

429 977 501 1020 cum
517 955 643 1019 coredis
669 956 787 1020 suiset
810 955 885 1020 aliis
909 954 1117 1034 fulcimentis,
1141 961 1174 1019 et
1199 953 1398 1038 stipendium
1423 974 1484 1036 pro
1505 973 1545 1017 ar·

429 1063 549 1128 mando
565 1063 655 1145 ipsas
671 1083 731 1145 pro
748 1084 806 1127 sex
822 1063 997 1129 mensibus.

536 1168 661 1254 Quinto
687 1171 872 1255 petiverunt
896 1177 1024 1235 centum
1048 1169 1140 1235 milia
1165 1168 1304 1235 florenos
1329 1166 1547 1252 pro-expensis

430 1277 527 1343 factis
553 1296 612 1360 per
635 1276 800 1342 domiuum
825 1277 960 1360 Regem.
985 1277 1042 1343 Ad
1075 1278 1171 1341 istam
1196 1277 1345 1358 quintam
1370 1275 1547 1358 petitionem

428 1385 492 1451 luit
516 1405 716 1468 responsum,
742 1384 830 1468 quod
855 1385 988 1450 domino
1013 1385 1099 1467 Regi
1115 1385 1182 1450 XL
1198 1384 1290 1449 milia
1313 1382 1459 1449 florenos
1473 1381 1548 1446 inira

428 1494 527 1558 talem
552 1493 726 1557 terminum
752 1491 851 1558 saciet
875 1493 1027 1557 dominus
1052 1492 1128 1557 Dux
1163 1493 1329 1574 assignare
1353 1489 1548 1574 integraliter
1595 1475 1597 1548 ζ

429 1607 462 1666 et
477 1599 629 1684 perfecte.
1596 1673 1597 1678 ἵ

536 1707 636 1774 Sexto
653 1709 839 1792 petiverunt
853 1730 913 1792 per
939 1708 1105 1774 dominum
1131 1706 1256 1772 Ducem
1282 1705 1358 1772 dari
1384 1707 1420 1771 X
1448 1704 1547 1790 galeas
1596 1727 1597 1750 ³

429 1837 603 1900 perunum
620 1837 742 1880 anuum
760 1818 827 1882 suis
843 1818 994 1900 expensis
1010 1817 1139 1880 domino
1156 1815 1249 1898 Regi,
1266 1816 1378 1880 sicum
1389 1816 1547 1896 contingat

429 1924 613 2007 sepulcrum
630 1925 826 1991 dominicum
842 1947 940 1990 manu
956 1931 1088 1990 armata
1106 1923 1187 1988 velle
1210 1923 1354 1987 visitare.
1381 1922 1439 1987 Ad
1462 1925 1546 1987 istam
1595 1917 1597 1934 ‘

428 2037 552 2096 sextam
578 2034 767 2116 petitionem
792 2030 856 2096 fuit
881 2053 1081 2115 responsum,
1115 2030 1203 2112 quod
1236 2031 1263 2095 si
1287 2030 1344 2095 fiet
1368 2031 1546 2112 passagium
1594 2081 1597 2126 4

427 2139 579 2220 generale
604 2161 644 2205 ex
669 2139 877 2206 ordinatione
902 2140 1025 2204 domini
1053 2137 1178 2204 Summi
1203 2138 1385 2217 Pontifieis,
1411 2138 1548 2204 domium

428 2245 507 2310 Dux
523 2243 561 2309 X
578 2247 689 2328 galeas
706 2248 814 2312 mittet
830 2247 873 2312 ad
888 2246 1010 2311 dictum
1035 2249 1230 2331 passagium,
1255 2247 1283 2310 si
1309 2245 1461 2311 domiuus
1484 2243 1548 2310 Rex

427 2349 505 2417 illuc
530 2354 749 2436 personaliter
773 2354 853 2436 ibit,
887 2362 921 2418 et
946 2355 1095 2418 domiuus
1121 2354 1215 2436 Papa
1246 2353 1379 2418 modum
1406 2351 1546 2426 inueniat,

428 2458 516 2542 quod
533 2479 676 2542 expensa
691 2461 797 2542 possit
812 2460 884 2524 fieri
901 2482 961 2543 pro
978 2461 1082 2544 galeis
1098 2467 1131 2525 et
1147 2467 1317 2524 armatura
1332 2461 1489 2543 ipsarum.
1595 2449 1597 2532 l

536 2564 683 2647 Septimo
700 2566 898 2648 potirerunt,
909 2566 1103 2631 adherentes
1114 2573 1147 2631 et
1157 2587 1311 2648 sequaces
1321 2565 1546 2646 domiuiRegis

428 2673 462 2736 in
485 2691 568 2754 pace
593 2671 727 2736 includi.
753 2670 811 2737 Au
836 2694 933 2755 quiam
960 2675 1128 2757 septimam
1154 2675 1345 2757 petitionem
1369 2689 1545 2758 responsum
1596 2719 1597 2722 ,

428 2778 501 2860 suit,
518 2777 607 2859 quod
623 2799 734 2844 omnes
759 2779 817 2862 illi,
843 2782 898 2864 qui
924 2781 1056 2846 fuerunt
1081 2781 1275 2846 adherentes
1298 2782 1423 2846 domini
1447 2781 1543 2863 Regia
1595 2825 1597 2856 2

427 2885 461 2948 in
478 2905 558 2968 pace
575 2885 790 2952 includentur.
1595 2867 1597 2902 l

537 2993 737 3060 Obtulerunt
777 2996 911 3079 insuper
955 2996 1077 3061 domini
1118 2992 1374 3062 Ambaxiatores
1417 2992 1545 3080 predicti

427 3105 566 3182 propter
582 3101 733 3182 predicta
743 3104 916 3168 restituere
926 3102 1008 3168 velle
1019 3110 1177 3186 occupata
1186 3124 1244 3187 per
1254 3103 1422 3169 dominum
1432 3104 1545 3185 Regem
1584 3117 1597 3150 ·=

427 3206 460 3270 in
477 3203 646 3273 Comitatu
662 3208 835 3274 Tarvisino
852 3216 885 3275 et
902 3210 1092 3292 Genetense,
1108 3218 1141 3275 et
1156 3211 1238 3277 uelle
1263 3211 1387 3277 habere
1417 3212 1544 3277 amicum
1594 3173 1597 3332 l

427 3333 488 3395 pro
505 3314 609 3379 amico
626 3321 659 3380 et
673 3316 838 3382 inimicum
853 3338 913 3400 pro
929 3318 1067 3398 inimico,
1084 3318 1173 3383 salvo
1189 3320 1311 3383 honore
1331 3318 1456 3384 domini
1473 3316 1544 3399 Sep
1595 3335 1597 3384 t

427 3420 509 3484 remi
534 3417 702 3486 Pontificis
729 3431 763 3488 et
791 3421 910 3490 Sancte
943 3424 1065 3490 Matris
1099 3424 1256 3490 Ecclesia.
1289 3426 1338 3490 Et
1371 3425 1543 3508 predictam
1596 3459 1597 3480 i

427 3525 581 3592 dixerunt
606 3549 717 3594 eorum
752 3537 784 3595 et
809 3531 931 3596 domiui
955 3531 1057 3614 Regis
1090 3531 1263 3614 Hungarie
1296 3529 1543 3598 Ambaxiatores

427 3633 574 3699 ultimam
601 3642 634 3701 et
659 3635 789 3702 finalem
814 3659 885 3703 esse
911 3641 1122 3704 intentionem
1149 3646 1181 3704 et
1196 3639 1296 3704 etiam
1311 3638 1437 3705 domini
1452 3636 1542 3720 Regis
1596 3725 1597 3732 ἵ

427 3741 592 3806 antedicti.
619 3742 675 3809 Ad
709 3745 769 3810 hec
804 3767 864 3830 pro
899 3751 995 3830 parte
1028 3747 1233 3812 dominorum
1268 3744 1469 3814 Venetorum
1491 3744 1543 3809 luit
1595 3769 1597 3778 ’

425 3869 625 3934 responsum,
642 3852 728 3935 quod
744 3855 956 3936 consideratu,
974 3855 1058 3937 quod
1076 3855 1159 3920 alias
1176 3861 1210 3921 et
1233 3856 1374 3920 maxime
1399 3876 1482 3920 nunc
1502 3854 1542 3917 ul·
1596 3837 1597 3840 Ἴ

425 3957 507 4021 timo
532 3958 566 4021 in
591 3959 768 4043 Huugaria
801 3961 935 4027 fuerant
970 3963 1089 4028 diversi
1121 3969 1282 4028 tractatus
1316 3961 1425 4029 habiti
1458 3981 1542 4046 super

427 4065 611 4153 concordia,
628 4088 724 4151 super
740 4070 989 4151 quaderentum
1014 4092 1078 4136 non
1104 4069 1212 4136 fuerat
1237 4069 1279 4136 ad
1304 4071 1480 4153 petitiones
1501 4070 1540 4132 ita
1595 4149 1597 4160 ⁴

426 4172 510 4237 altas
535 4179 569 4237 et
593 4195 745 4258 maguas3
762 4176 948 4257 credebaut,
974 4178 1062 4261 quod
1087 4177 1293 4243 considerata
1312 4176 1436 4243 domini
1452 4175 1540 4258 Regis

426 4280 620 4358 constantia,
648 4281 823 4363 petitiones
848 4284 995 4366 predicte
1015 4305 1079 4349 non
1095 4282 1375 4364 assuefacienda,
1390 4289 1539 4368 necpote
1595 4273 1597 4350 l

427 4389 504 4448 rant
518 4385 585 4450 ullo
602 4388 698 4452 modo
715 4410 773 4472 per
789 4391 877 4474 ipsos
892 4391 1032 4472 admitti,
1048 4394 1125 4476 quia
1140 4393 1187 4456 eis
1203 4391 1538 4458 intollerabileserant.
1595 4355 1597 4436 1

430 4487 527 4557 Unde
543 4493 570 4556 si
587 4515 685 4578 super
710 4496 772 4562 hiis
797 4498 948 4564 insistere
973 4500 1097 4566 relleut
1120 4499 1276 4580 totaliter,
1289 4519 1357 4564 non
1374 4507 1444 4564 erat
1460 4516 1540 4582 expe·
1595 4479 1597 4540 l
