3110 5248
4 57 55 156 iss

568 320 663 392 1348.
884 327 892 341 '
1113 331 1178 396 305

4 523 5 580 ς
63 499 98 586 C)
134 498 160 566 I.
206 504 344 588 Lajos
389 505 571 588 ma'gyar
611 502 857 586 kiralynak
889 504 1070 574 kdvetei
1104 505 1178 575 Ve-

423 611 802 678 Ionatham-1348.

150 736 250 804 Anno
285 735 584 806 MOOOXLVIII.
620 738 673 806 die
697 740 803 824 primo
828 736 983 822 Augusti.
1009 739 1171 824 Capta:

4 917 5 922 ἵ
59 844 134 926 quod
155 844 401 914 Ambaxatores
418 847 542 913 domini
557 846 662 931 Regis
678 848 852 932 Hungarie
868 847 990 914 fuerint
1005 846 1103 915 hodie
1120 870 1173 914 co-

4 961 5 1046 ]
58 973 119 1018 ram
147 952 312 1037 Dominio,
331 962 361 1021 et
385 956 476 1040 prius
501 956 613 1040 aliqua
627 956 829 1022 raoiocinata
844 956 919 1022 hinc
935 956 1019 1037 inde,
1034 957 1178 1024 finaliter

56 1060 162 1144 dicam,
186 1063 226 1130 de
252 1063 402 1132 faciendo
427 1070 583 1149 treuguas
608 1067 695 1131 inter
720 1065 885 1131 domiuum
909 1065 1035 1148 Regem
1061 1072 1094 1131 et
1114 1087 1174 1132 nos

4 1227 5 1234 ,
57 1169 199 1251 usquead
209 1172 481 1255 quinquennium.
502 1170 588 1257 Quia
597 1174 728 1240 interim
744 1173 940 1239 concedente
955 1171 1098 1238 Domino
1117 1195 1173 1258 po·

4 1263 6 1360 [
53 1279 123 1342 terit
145 1285 305 1364 perpetua
329 1302 395 1364 pax
412 1282 571 1350 tractari:
587 1280 678 1346 vadit
697 1301 785 1364 pars,
801 1287 838 1346 ut
854 1281 886 1346 in
902 1281 967 1348 hiis
983 1279 1080 1348 factis
1097 1303 1174 1366 pro·

4 1387 6 1418 ²
54 1383 114 1450 cedi
136 1387 240 1470 possit
266 1395 300 1453 et
323 1388 395 1453 fieri
420 1386 463 1472 id,
485 1389 575 1473 quod
607 1388 651 1453 sit
675 1387 779 1455 bonor
795 1395 909 1455 noster
925 1395 959 1454 et
974 1391 1177 1456 conservatio

4 1475 6 1532 ἶ
52 1497 142 1557 status
157 1495 274 1578 nostri,
294 1495 383 1579 quod
403 1496 627 1562 committatur
651 1496 854 1580 sapientibus
870 1495 913 1561 sd
930 1497 989 1561 hoc
1004 1497 1177 1580 deputatis,

53 1599 128 1682 qood
152 1622 225 1668 esse
252 1601 394 1669 debeant
420 1626 492 1672 curn
518 1602 654 1688 prelatis
678 1602 974 1684 Ambaxatoribus‚
994 1603 1177 1670 inducendo

4 1699 6 1766 ὲ
55 1727 101 1773 eos
114 1729 172 1792 per
188 1712 419 1778 convenientia
434 1712 544 1794 verba,
561 1712 648 1795 quod
658 1718 794 1795 treugae
809 1709 891 1778 fiant
906 1711 949 1777 ad
963 1733 1062 1796 quam
1071 1714 1177 1780 maius

54 1821 170 1901 tempus
185 1817 261 1885 fieri
278 1821 401 1904 poterit
423 1842 443 1886 a
462 1822 605 1904 quinque
625 1821 718 1886 aunis
736 1841 853 1904 supra3
869 1826 903 1885 et
919 1819 945 1882 si
962 1818 1080 1885 adicto
1095 1826 1176 1886 tem·

4 1927 6 2010 ξ
51 1943 122 2007 pore
136 1948 239 2012 supra
257 1928 543 2011 consecrabuntur,
559 1935 639 1996 tunc
653 1927 824 2012 Dominus,
844 1927 1043 2008 Consiliarii,
1059 1927 1178 2012 Capita

4 2011 6 2116 ξ
52 2039 79 2096 et
94 2031 266 2118 Sapientes
290 2055 350 2119 per
374 2036 532 2101 maiorem
557 2043 683 2119 partem
701 2056 811 2100 eorum
827 2033 971 2100 habeant
987 2035 1176 2102 libertatem

4 2135 9 2244 ζ
53 2138 196 2208 firmandi
225 2142 333 2208 dictas
357 2149 514 2227 treuguas
539 2164 559 2207 a
583 2143 670 2210 dicto
696 2163 797 2227 supra
813 2142 985 2227 quamplus
1008 2148 1174 2227 poterunt,

50 2249 288 2315 remanentibus
313 2250 465 2333 portibus
490 2251 521 2314 in
539 2255 627 2317 statu
643 2250 796 2334 presenti,
814 2257 847 2314 et
862 2249 1051 2316 tenentibus
1067 2251 1173 2334 quiete

4 2375 6 2408 ·
50 2358 78 2419 et
100 2356 166 2423 sine
191 2357 347 2423 molestia
372 2377 421 2438 ea,
441 2378 505 2441 que
520 2358 765 2442 presentialiter
781 2363 911 2437 tenent;
927 2356 1123 2422 includendo
1140 2359 1174 2422 iu

4 2447 6 2506 3
48 2465 89 2527 eis
111 2484 223 2530 omnes
243 2471 352 2532 terras
369 2473 403 2530 et
417 2464 491 2531 loca
510 2487 548 2531 ac
566 2465 678 2532 fideles
694 2471 727 2530 et
743 2463 891 2532 subditos
907 2471 1047 2548 nostroS,
1064 2471 1096 2530 et
1113 2464 1175 2532 Oo-

4 2555 6 2614 Ϊ
48 2571 148 2636 mitem
175 2572 320 2640 Paulum
346 2573 387 2638 de
412 2573 533 2640 Olissia
558 2593 631 2640 oum
657 2572 746 2651 locis,
770 2593 832 2657 que
848 2577 956 2653 tenet;
977 2579 1010 2636 et
1025 2573 1175 2656 predicta

4 2669 6 2760 ζ
48 2675 121 2743 fiant
139 2702 200 2764 per
217 2702 318 2764 quam
335 2681 529 2746 securiorem
547 2680 680 2746 modum
695 2679 766 2747 fieri
782 2685 945 2764 poterunt,
975 2701 1047 2747 oum
1064 2687 1176 2748 caute·

4 2787 8 2860 t
48 2783 84 2850 lis
107 2788 301 2871 opportunis
327 2787 367 2853 de
393 2787 538 2854 Consilio
555 2787 755 2871 Sapientum.
780 2786 1009 2878 Intelligendo‚
1033 2786 1120 2870 quod
1136 2787 1196 2852 in·

4 2881 8 3010 ἰ
47 2896 213 2978 scripturis
238 2895 355 2962 fiendis
383 2896 423 2962 de
443 2896 601 2981 predictis
627 2897 817 2964 observetur
832 2895 876 2978 id,
892 2898 979 2981 quod
995 2897 1078 2964 alias
1093 2917 1168 2982 cap·

4 3025 6 3118 ι
47 3006 109 3068 tum
126 3002 198 3088 fuit,
215 3005 375 3086 videlicet,
392 3005 480 3088 quod
497 3007 524 3071 si
545 3005 693 3071 dominus
709 3003 783 3070 Rex
799 3009 934 3089 poneret
949 3004 983 3068 in
1000 3024 1058 3069 suo
1073 3005 1171 3070 titulo

4 3119 6 3208 j
49 3104 254 3177 Dalmaciam
280 3119 314 3178 et
337 3111 522 3196 Crouciam,
542 3121 653 3180 noster
678 3112 827 3179 similiter
842 3111 958 3178 titulus
973 3116 1062 3178 totus
1079 3133 1177 3196 pono·

46 3223 112 3299 tnr;
130 3222 157 3286 si
174 3241 252 3286 sero
269 3220 352 3288 illud
367 3227 501 3306 taceret,
517 3243 580 3286 non
597 3221 793 3287 nominando
804 3218 1011 3286 Dalmaciam
1027 3225 1060 3284 et
1075 3219 1177 3286 Oroa-

4 3329 6 3414 ζ
46 3326 136 3409 ciam,
157 3349 220 3394 nos
240 3330 338 3395 etiam
358 3335 533 3414 toceamus,
544 3329 680 3396 dicendo
700 3329 803 3396 solum
827 3325 924 3395 »Dux
933 3325 1173 3395 veneciarum«

4 3439 7 3518 t
51 3441 103 3500 eto.
113 3437 161 3504 nt
173 3438 199 3522 si
210 3437 336 3506 factum
349 3460 421 3506 oum
431 3439 496 3505 Dei
507 3441 621 3524 gracia
632 3437 858 3523 complebitur,
874 3460 945 3503 oum
961 3457 1101 3522 persona
1118 3434 1176 3502 do·

47 3543 121 3608 mini
146 3545 253 3630 Regis
278 3568 344 3612 non
368 3548 412 3613 sit
426 3548 489 3630 hic,
507 3567 566 3612 nos
582 3546 683 3614 stiam
699 3569 759 3630 pro
777 3545 901 3612 honore
916 3552 1029 3611 nostro
1046 3544 1177 3610 firmare

4 3655 6 3742 ζ
49 3649 221 3720 debeamus
248 3654 374 3722 factum
399 3676 458 3739 par
477 3655 628 3740 syndioos
643 3661 779 3722 nostros.
796 3653 841 3719 Et
857 3655 885 3720 si
901 3654 1039 3719 tractari
1054 3650 1178 3737 poterit

4 3757 5 3794 ³
48 3757 83 3822 de
97 3759 258 3848 iaciendo,
275 3765 361 3847 quod
376 3764 524 3830 dominus
539 3763 612 3830 Rex
621 3761 838 3849 personaliter
853 3762 939 3828 infra
957 3767 1081 3827 certum
1095 3768 1177 3828 tem·

4 3895 6 3902 ·
46 3889 102 3951 pus
126 3871 235 3938 firmet
260 3869 408 3956 predicta
433 3893 492 3956 per
508 3879 755 3951 sacramentum,
772 3892 831 3935 nos
847 3869 947 3937 etiam
964 3869 1115 3934 similiter
1130 3867 1177 3934 fa·

4 3995 5 4004 ¹
47 3999 116 4045 cere
141 3981 338 4058 debeamus;
364 3979 391 4045 si
408 4000 483 4045 vero
510 3979 572 4047 hoo
589 4000 739 4048 essenon
755 3978 868 4064 possit,
885 3983 918 4044 et
933 3973 1176 4042 Ambasatores

4 4151 5 4154 ,
47 4087 93 4151 sui
117 4086 238 4154 dictum
265 4094 504 4154 sacramentum
529 4088 638 4155 faeere
658 4087 826 4168 voluerint,
842 4105 899 4152 uos
916 4086 1014 4151 etiam
1030 4083 1174 4151 iuremus

4 4209 6 4258 2
48 4210 103 4276 per
119 4194 259 4260 sindioos
275 4202 418 4278 nostros,
433 4198 481 4262 ita
497 4197 585 4282 quod
601 4197 763 4281 equalitas
784 4196 980 4262 observetur.

147 4303 211 4371 Die
227 4301 296 4371 III.
311 4299 467 4387 Augusti.
485 4303 645 4391 Capta:
664 4303 700 4371 Si
711 4303 954 4372 Ambaxatoras
970 4297 1095 4367 domini
1111 4296 1177 4367 Re·

49 4411 96 4494 gis
121 4411 278 4492 dicerent,
304 4411 332 4477 si
356 4411 391 4477 in
410 4433 496 4496 casu,
513 4432 578 4496 quo
593 4413 662 4496 ipsa
678 4409 730 4478 vel
754 4433 833 4496 gens
844 4433 906 4478 sua
922 4411 1064 4476 transire
1079 4410 1177 4476 vellet

50 4517 81 4582 in
96 4513 257 4604 Apuleam
285 4541 343 4604 per
359 4539 450 4586 more
466 4519 515 4586 rol
531 4541 589 4603 per
605 4525 737 4602 terram,
752 4524 862 4585 utrum
878 4525 1098 4603 prestaremus
1115 4515 1177 4584 sibi

4 4647 5 4664 ²
95 4655 400 4696 uou.uo=o.n1er.·-
415 4657 484 4692 nors
499 4657 559 4694 exo.
576 4657 608 4694 11.
1022 4628 1064 4690 20
