3166 5256
547 381 643 443 1³45.
1121 377 1161 438 ol

53 557 140 640 primo
154 553 298 637 viderint,
314 553 439 620 factum
457 576 554 638 posse
571 555 680 622 sortiri
696 554 855 636 effectum,
871 559 904 620 et
920 573 975 618 eos
986 552 1164 636 dispositos

53 683 108 726 esse
123 662 160 725 ad
175 661 399 744 complendum
408 661 569 744 predicta.

140 764 195 831 Ser
209 767 344 833 Marcus
360 767 516 832 Dandulo
532 765 681 852 Sapiens.
706 767 913 832 Examinatis
945 767 1063 832 litteris
1080 764 1160 831 Pro·

52 878 169 942 visorum
184 882 369 942 nostrorum
386 877 537 958 consulit,
562 878 650 960 quod
667 875 788 943 eisdem
822 876 1070 959 respondeatur,
1088 874 1163 938 soli-

1 981 2 1073 i
52 984 204 1049 citudinem
220 990 252 1049 et
267 986 480 1069 prudenciam
497 1006 588 1052 suam
604 987 720 1050 merito
737 983 1010 1064 commendand03
1025 989 1058 1047 et
1074 982 1161 1064 quod

1 1093 2 1156 t
52 1091 180 1156 8innitus
195 1093 280 1158 inter
296 1093 448 1159 Berones
464 1091 636 1158 Solanonie
651 1092 726 1158 fieri
750 1093 919 1177 potuisset,
945 1092 1038 1158 nobis
1063 1090 1163 1174 pluri-

53 1219 123 1263 num
138 1206 264 1282 gratum
280 1199 417 1282 fuisset,
443 1200 499 1266 sed
515 1200 729 1267 consideratis
744 1200 997 1282 diversitatibus,
1012 1219 1075 1282 que
1092 1218 1162 1263 esse

51 1304 177 1370 videntur
199 1307 285 1371 inter
311 1306 463 1372 Berones
489 1305 638 1390 prefatos,
664 1329 703 1374 ao
729 1309 841 1390 eciam,
867 1305 955 1390 quod
981 1306 1043 1388 ipsi
1059 1310 1162 1374 nostri

51 1411 216 1479 Provisores
240 1415 283 1479 ad
309 1413 437 1498 aliquid
461 1415 496 1479 in
521 1417 587 1482 suis
613 1414 732 1480 litteris
748 1421 872 1480 eertum
888 1435 922 1480 se
938 1433 1002 1479 non
1018 1417 1161 1496 ponunt3

50 1519 126 1585 nobis
140 1541 200 1585 non
216 1520 396 1602 videretur,
412 1521 499 1605 quod
516 1520 640 1605 absque
671 1522 764 1605 gravi
781 1521 894 1586 labore
910 1519 1018 1585 unitas
1033 1517 1162 1602 prefata

1 1697 2 1722 χ
50 1625 233 1693 adeffeotnm
250 1628 391 1713 perduoi
406 1635 527 1712 posset,
542 1634 651 1694 tamen
668 1629 821 1694 studeant
836 1629 923 1711 ipsos
938 1625 1086 1690 Berones
1104 1646 1163 1707 per

1 1765 2 1768 ¹
51 1733 157 1800 litteras
173 1736 222 1800 vel
238 1735 461 1818 personaliter
476 1736 595 1802 iterato
611 1736 712 1801 ortari
728 1736 772 1800 ad
788 1736 938 1800 unionem
967 1730 1160 1814 faciendam,

1 1829 2 1916 i
51 1859 102 1902 non
119 1841 342 1909 differentibus
368 1845 447 1927 ipsis
471 1851 657 1928 propterea,
681 1851 714 1908 et
739 1843 883 1908 dieentes
909 1843 964 1924 eie,
984 1841 1070 1923 quod
1088 1859 1162 1904 suas

50 1949 215 2029 oppiniones
231 1957 265 2015 et
283 1951 369 2015 velle
386 1951 568 2015 audiverint
583 1952 618 2016 in
644 1948 739 2015 factis
765 1949 929 2031 predictis,
955 1955 987 2012 et
1007 1947 1093 2030 quod
1110 1967 1161 2009 ve-

1 2059 2 2134 i
48 2053 124 2119 nient
138 2055 295 2124 Venetiae
311 2058 355 2122 ad
371 2057 598 2123 conferendum
624 2078 722 2142 super
737 2057 800 2122 hiis
817 2079 889 2123 oum
905 2055 1025 2120 Duoali
1042 2055 1157 2118 Domi-

49 2161 99 2238 nio,
113 2161 193 2243 quod
208 2163 447 2247 providebitur,
461 2172 498 2229 nt
514 2164 631 2230 viderit
657 2163 835 2228 convenire.
861 2161 935 2247 Quo
951 2159 1039 2226 facto
1054 2158 1161 2228 Vene-

48 2267 325 2336 tiasrerertantur.

1 2338 2 2382 i

1 2388 2 2413 r

138 2449 172 2508 (n
186 2452 301 2502 ›metr‹
332 2451 424 2500 ezrmn
438 2449 575 2500 verenam
588 2448 813 2514 ruamkenyvuor
840 2447 930 2498 xx11.
952 2448 1009 2497 nur.
1025 2451 1083 2496 roo.
1096 2445 1161 2510 rev.)

514 2645 674 2656 *-

1 3015 4 3060 μ
48 3035 176 3126 Major
190 3064 338 3127 mayyar
356 3040 538 3128 kirdlynuk
554 3039 724 3126 seducisdqe
741 3041 834 3122 bajor
852 3042 951 3126 Lajoo
965 3037 1072 3104 rdmai
1097 3039 1164 3102 cad·

1 3217 3 3238 ¹
46 3149 244 3228 meinaim.
263 3147 420 3213 Kazimir
435 3148 557 3234 lenqyel
573 3148 755 3234 kirotylyaz
771 3150 804 3212 ts
814 3147 924 3214 Aldert
934 3147 1081 3212 nrrsztria
1098 3147 1165 3209 ker·-

260 3256 382 3340 czeqpel
397 3255 502 3320 Jonas
517 3257 586 3320 creir
603 3255 716 3342 kirtly
732 3255 820 3320 elien.
840 3259 933 3321 1344.

1 3400 4 3494 i
137 3413 344 3480 ›Ludovious
369 3413 530 3498 Bauarus,
557 3417 613 3498 qui
652 3437 686 3482 se
712 3415 951 3499 Imperatorem
985 3411 1165 3480 nominauit

1 3499 4 3589 i
45 3538 103 3584 eum
116 3518 207 3603 Rege
225 3520 386 3604 ungarie,
402 3521 495 3588 Duce
510 3519 654 3590 Austrie.
671 3521 763 3606 Rege
796 3522 952 3588 Craoovie
970 3520 1031 3586 stb.
1048 3519 1165 3585 sortem

2 3593 4 3710 i
45 3628 334 3709 snperJohannem
349 3627 476 3712 Regem
503 3629 660 3696 Bohemio
686 3651 725 3696 ao
750 3627 906 3695 Corolum
937 3627 1164 3696 Marohionem

2 3716 6 3742 '
45 3731 179 3800 Mornuie
196 3735 301 3820 ligem
318 3743 587 3818 construxerunt3
604 3739 659 3822 qui
677 3759 786 3802 omnes
803 3739 926 3802 dietum
935 3739 961 3804 J
962 3737 1121 3802 ohannem
1133 3741 1165 3797 et

2 3825 5 3895 Ϊ
43 3837 181 3909 Carolum
197 3845 232 3908 in
249 3867 316 3910 uua
334 3845 516 3927 septimana
531 3845 598 3910 suis
615 3844 734 3910 litteris
753 3845 973 3911 diffiderunt«

135 4023 195 4086 (IV.
209 4025 318 4088 Kdroly
333 4023 421 4074 romei
435 4027 600 4076 cstszrtrnak
611 4025 833 4076 oneretirssabol.
847 4027 878 4075 L.
893 4025 1014 4074 Bithmer
1027 4025 1081 4084 Fr,
1094 4022 1167 4071 Fon·

2 4109 3 4128 κ
42 4105 75 4146 us
87 4110 135 4146 rer.
146 4097 239 4150 uem
253 4101 397 4161 seurtgart
413 4102 490 4150 rues.
503 4099 525 4150 1.
539 4100 598 4148 rot.
614 4103 674 4148 rae.
689 4100 728 4150 sk.
743 4100 785 4160 11.)

2 4137 4 4234 i

3 4353 5 4446 i
