3110 5248
4 587 9 698 J

478 357 500 394 -'
572 335 667 406 1348.
768 371 785 444 ι,

563 647 637 710 265.

4 793 6 872 J
65 809 90 872 Ι.
110 809 197 893 Lujos
220 829 362 894 moqyar
386 805 500 892 lively
534 805 715 892 Ncipolybril
742 805 971 886 vtoszate‘rven,
997 806 1165 873 hcoeceivet

4 895 6 998 J
64 942 81 980 o
105 915 243 979 cclenczei
269 914 481 1000 Jc'o'ztcirsaedp
505 912 662 999 folytatja
680 937 701 976 α
717 913 1054 979 ὂέΙιοαΙΙιιιᾱοοάιοΙοαΙ.
1072 916 1168 980 1348.

4 1213 8 1270 Ι

4 1279 9 1360 Ι

149 1088 243 1156 Anno
259 1086 556 1156 MOCOXLVIH.
567 1089 619 1155 die
639 1096 758 1174 quarto
768 1090 794 1156 J
795 1090 872 1156 unii.
890 1087 1053 1175 Capta:
1070 1088 1167 1176 Quod

62 1219 110 1281 pro
130 1199 207 1264 hono
232 1197 313 1263 facti
329 1203 362 1262 et
380 1219 441 1281 pro
461 1197 615 1264 velociori
638 1198 859 1282 expedictione
876 1199 1097 1264 committatur
1112 1219 1167 1264 no

62 1307 125 1370 stris
138 1303 437 1387 Ambaxiatoribus,
453 1303 509 1387 qui
528 1303 601 1370 fuer
603 1311 662 1370 unt
676 1305 720 1370 ad
735 1305 862 1388 Regem
876 1302 1034 1388 Vngerie,
1044 1311 1078 1372 et
1092 1313 1168 1372 sunt

4 1449 12 1518 J
4 1377 202 1504 Jiniormati
228 1415 273 1482 ad
298 1414 430 1499 plenum
455 1414 494 1479 de
509 1421 584 1480 nost
585 1435 623 1480 ra
649 1415 833 1481 intencione
835 1414 946 1499 ,quod
964 1415 1030 1482 sint
1044 1421 1079 1480 et
1095 1433 1168 1480 con-

4 2257 10 2314 J

4 2317 13 2480 J

4 3365 73 3562 J

4 3515 8 3688 J

60 1524 171 1588 remant
193 1544 266 1589 cum
283 1520 451 1588 Ambaxat
452 1521 563 1588 oribus
589 1521 712 1588 domini
727 1523 829 1607 Regis
844 1522 1000 1606 Vngarie‚
1016 1528 1048 1589 et
1034 1521 1149 1589 tab
1121 1543 1167 1588 ers

59 1630 175 1696 trahant
195 1636 306 1697 totam
332 1630 549 1696 intencionem
574 1629 651 1697 drc
627 1635 653 1696 1
673 1630 795 1697 domini
814 1628 942 1715 Regis'
933 1651 968 1695 ιιι
984 1629 1088 1711 factis,
1104 1649 1168 1713 que

62 1737 152 1805 iacere
174 1737 332 1804 habemus
357 1759 430 1804 cum
454 1759 501 1819 ec,
526 1737 663 1805 dicendo
680 1744 713 1804 et
728 1737 936 1805 fortificando
953 1737 1097 1804 rationes
1113 1759 1169 1802 no·

58 1851 127 1912 eras
150 1845 240 1911 iuxta
266 1851 377 1928 partes
402 1851 515 1929 captas
541 1845 574 1910 in
599 1845 663 1911 isto
689 1843 865 1925 Consili03‘
880 1852 913 1910 et
929 1866 1001 1911 cum
1027 1851 1096 1911 toto
1120 1865 1168 1926 eo,

60 1953 133 2036 quod
156 1952 340 2032 habuerint,
365 1959 398 2018 et
422 1954 554 2019 trahere
570 1954 715 2035 poterint
732 1952 774 2019 ab
790 1953 847 2034 eis,
862 1953 1009 2018 venietur
1025 1951 1067 2018 ad
1083 1950 1168 2018 istud

59 2056 230 2141 Consilium,
257 2064 292 2123 et
319 2059 383 2139 fiet,
400 2060 484 2124 sicut
508 2058 689 2141 videbitur,
713 2066 746 2125 et
762 2061 789 2125 si
806 2079 916 2126 omnes
932 2064 998 2125 tres
1013 2060 1169 2124 interesse

60 2187 113 2232 non
134 2173 276 2251 possent,
301 2166 358 2230 alii
384 2166 448 2232 duo
473 2167 588 2249 exequi
615 2165 756 2233 debeant
780 2167 945 2250 predicta;
961 2173 995 2232 et
1010 2166 1170 2250 incipient

58 2273 125 2339 dicti
136 2271 379 2341 Ambaxatores
395 2274 499 2339 nostri
522 2293 593 2338 esse
610 2295 682 2339 cum
699 2275 746 2340 eis
763 2295 834 2340 oras
850 2275 884 2339 in
899 2293 995 2340 mane
1006 2279 1037 2339 et
1046 2293 1170 2339 succes

58 2381 336 2463 sire,sicutlue1it
362 2383 552 2467 expediens3
569 2390 600 2448 et
618 2384 745 2467 possint
731 2382 839 2450 tdicti
857 2381 1099 2451 Amhaxatores
1114 2402 1170 2445 no

57 2490 161 2555 striet
183 2489 324 2575 quilibet
348 2510 459 2555 eorum
483 2510 604 2573 ponere
630 2496 706 2574 part
708 2512 757 2556 em
783 2491 817 2555 in
833 2491 897 2556 isto
915 2487 1059 2556 Consilio
1075 2507 1171 2572 super

58 2591 139 2660 dictis
152 2595 257 2662 factis.

151 2699 278 2784 Capta:
304 2699 402 2785 Quod
425 2721 485 2785 pro
510 2702 635 2766 honore
660 2708 772 2767 nosue
795 2700 867 2767 istis
888 2697 1057 2768 Ambaxat
1058 2696 1170 2764 oribus

57 2805 164 2876 domiui
187 2811 290 2896 Regis
317 2813 462 2896 Vngan‘e
479 2835 646 2898 quousque
662 2821 758 2880 erunt
773 2813 836 2893 hic,
851 2812 933 2878 fiant
959 2814 1005 2878 eis
1032 2831 1170 2894 expense

57 2937 107 2998 per
128 2925 275 2986 nostrum
301 2918 487 3007 Commune,
512 2922 595 2987 siout
620 2922 782 2988 ridebitur
797 2921 949 3004 Domino,
967 2917 1170 2986 Consiliariis

58 3029 85 3088 et
100 3022 278 3110 Capitibus.

151 3133 216 3199 Die
240 3134 301 3203 VI.
317 3135 422 3202 Junii.
438 3133 599 3218 Capta:
616 3133 713 3219 Quod
729 3139 833 3200 nostrl
852 3133 1094 3203 Ambaxatores
1111 3129 1169 3198 ad·

57 3235 111 3304 hue
134 3243 246 3306 statim
271 3243 394 3308 radant
419 3241 462 3306 ad
487 3238 655 3308 Ambexat
642 3249 730 3308 tores
756 3242 877 3308 dorriini
895 3242 997 3326 Regis
1013 3239 1172 3325 Vngarie,
1197 3255 1200 3260 ·

58 3347 243 3414 attrahant
268 3347 361 3415 ab
334 3370 380 3416 ers
396 3368 456 3433 per
471 3347 565 3414 illum
580 3355 694 3432 aptum
709 3347 848 3428 modum,
865 3350 920 3431 qui
937 3347 982 3413 eis
998 3347 1171 3428 videbitur,

57 3453 90 3518 le
106 3477 169 3538 qua
186 3459 371 3538 quantitate
385 3458 521 3539 pecunie
537 3461 806 3522 contestarentur
821 3477 880 3540 pro
892 3456 965 3522 aliis
976 3454 1171 3522 Civitatibus

57 3569 122 3627 nost
120 3565 188 3645 ris,
213 3571 245 3630 et
262 3566 290 3629 si
307 3585 418 3630 eorum
434 3563 601 3649 responsio
617 3564 782 3630 rideretur
797 3563 946 3646 Domino,
963 3563 1171 3629 Consiliariis

4 3679 6 3768 J
57 3667 304 3755 etSapientibus
320 3679 353 3738 et
369 3669 657 3754 Amhaxatoribus,
674 3671 921 3756 quireperirent
923 3693 970 3752 ur,
987 3692 1043 3737 seu
1060 3689 1172 3736 eorum

4 3769 6 3832 J

4 3833 8 3870 ι

58 3777 170 3843 maiori·
189 3781 278 3862 parti
303 3779 530 3846 inconveniens
546 3786 578 3844 et
593 3781 725 3862 iniusta,
741 3785 775 3844 et
791 3780 880 3863 quod
895 3801 959 3845 non
974 3778 1097 3844 faceret
1111 3797 1171 3860 pro

4 3873 6 3964 J
58 3886 151 3967 nobis,
166 3890 295 3970 possint
310 3888 483 3953 licenciare
498 3907 554 3952 eos
573 3908 646 3952 cum
662 3886 730 3953 illis
745 3888 862 3968 verbis,
878 3910 940 3971 que
958 3889 1004 3953 eis
1020 3886 1173 3952 videbun·

56 3995 114 4070 tur,
137 4000 170 4058 et
186 3996 232 4060 eis
248 3995 354 4079 possit
369 3993 503 4061 concedi
518 3994 643 4078 lignum
660 4001 807 4060 nostrum
824 3995 943 4078 riperie
960 4011 1020 4077 pro
1036 3991 1173 4058 conduc·

58 4103 89 4159 tu
103 4119 210 4166 eorum
226 4100 380 4184 Segnam,
396 4102 447 4196 rel
462 4103 538 4182 alio,
555 4104 638 4168 sicut
654 4102 824 4168 voluerint.

4 4199 6 4224 J

157 4205 279 4293 Capta:
306 4207 401 4293 Quod
426 4209 661 4294 respondeatur
675 4206 955 4277 Ambaxatoribus
972 4207 1094 4274 domini
1111 4205 1174 4272 Re-

61 4313 104 4394 gis
126 4313 310 4400 Huugarie,
335 4317 475 4399 qualiter
502 4338 627 4402 semper
653 4315 876 4382 affectavimus
891 4315 1012 4382 habere
1029 4335 1174 4381 amorem

4 4407 6 4462 J
61 4425 90 4482 et
111 4419 226 4486 bonam
241 4423 451 4489 concordiam
472 4445 545 4490 cum
564 4425 635 4507 ipso
651 4424 782 4492 domino
799 4425 902 4507 Rege,
918 4431 951 4488 et
968 4425 1014 4489 sio
1030 4423 1175 4489 conside-

4 4603 12 4668 J

4 4671 6 4746 J

60 4543 163 4592 ramus
187 4551 287 4612 nuuc,
313 4530 369 4596 sed
394 4553 454 4616 per
479 4553 527 4616 ea,
551 4553 613 4615 que
636 4539 753 4616 petunt
769 4539 802 4599 et
819 4533 939 4612 dicunt,
964 4550 1027 4619 que
1043 4532 1173 4618 penitus
