3166 5256
478 413 481 419 ¹
572 339 668 402 1346.
1120 344 1183 408 135

70 507 177 575 Oomiti
193 508 329 596 Capelle
346 514 471 595 Regie3
488 512 607 580 Comiti
634 515 798 598 Palatino,
814 516 928 582 Judici
955 517 1055 584 Curie
1070 519 1185 604 Regie,

1 683 15 698 ,,
68 612 223 700 Stephano
237 619 344 686 Lasso
371 619 492 686 Comiti
517 619 656 690 Comitis
681 623 836 707 Palatini,
853 623 978 694 comiti
996 625 1134 712 Duymo,
1151 632 1184 694 et

1 718 3 769 t
65 725 285 796 Bmtbolomeo
300 728 410 812 tratri,
425 734 458 795 et
473 729 599 796 Thomu
614 731 792 816 Wayuode.

375 911 410 973 (V
412 912 434 962 1.
444 911 577 963 Kelemen
590 912 661 978 papa
674 913 861 980 regesttibbl.)

537 1126 697 1138 ——-—.

65 1571 281 1640 Adulmatiai
305 1576 443 1642 vsroaou
459 1599 480 1641 a
496 1577 651 1644 oeleaczai
677 1579 917 1666 bozra-samgar
936 1579 1054 1667 aegitik
1067 1581 1180 1648 Jadra

515 1685 604 1752 clleo.
623 1689 721 1754 1346.

155 1857 252 1925 Anno
263 1857 545 1928 MOOOXLVH.
561 1861 613 1929 die
622 1862 726 1931 XIX.
736 1863 896 1930 Jenuarii.
907 1863 965 1932 Oa
975 1871 1066 1949 pta:
1084 1865 1181 1951 Quod

65 1965 213 2033 scribatur
227 1968 350 2034 nostris
367 1965 666 2039 communitatibus
692 1972 842 2056 Ragusii,
859 1971 1026 2058 Tragurij,
1043 1973 1181 2060 Spalati,

66 2072 187 2140 Sibinioi
202 2081 236 2141 et
251 2075 347 2160 Pagi,
364 2078 656 2144 recommendando
687 2078 784 2145 fidem
800 2085 832 2146 et
848 2081 1054 2148 deuotionem
1069 2104 1181 2152 eorum

62 2181 97 2246 de
110 2182 197 2266 liguis
212 2191 246 2250 et
260 2183 413 2268 gentibus
429 2187 504 2267 suis,
520 2207 601 2271 quas
616 2193 790 2253 tennerunt
804 2189 959 2256 hactenus
975 2191 1017 2258 ad
1033 2198 1182 2258 nostrum

63 2286 203 2358 honorem
218 2299 250 2358 et
266 2294 438 2360 seruitium
454 2301 570 2362 contra
584 2295 611 2362 [I
611 2295 725 2363 adram
741 2297 801 2364 stb.

210 2475 247 2538 (A
261 2475 394 2527 »Secreta
407 2476 521 2527 Consilii
533 2477 780 2542 Rogatorumobbl
793 2480 847 2531 Lib.
863 2479 896 2531 Δ.
909 2482 963 2530 vol.
977 2481 1010 2542 Ι.)

529 2689 689 2700 ..ρ-...-

580 2965 651 3028 128.

66 3139 187 3223 Lubrica,
203 3143 336 3210 sicubiui
359 3143 580 3232 azolqo'lotbuu
595 3142 663 3206 ullo
677 3161 816 3229 moqyar
838 3144 1062 3229 boclnagynaio
1081 3165 1181 3230 ayug-

237 3257 413 3340 tatvctnya,
428 3254 509 3339 boyy
526 3250 654 3336 zsoldjo
671 3250 868 3334 kifizetrereu.
887 3253 981 3315 1346.

155 3426 218 3493 Dio
235 3430 393 3513 vigesimo
409 3430 507 3495 tertio
523 3428 643 3494 mensis
654 3429 679 3494 J
681 3427 808 3510 anuarij
826 3426 1069 3510 quartodecimo¹
1083 3426 1182 3492 indie·

8 3550 15 3559 ·
67 3534 150 3600 tionis
166 3535 253 3620 apud
268 3537 302 3604 N
305 3541 497 3602 eocastrum.
515 3537 590 3619 Ego
607 3533 765 3601 Luc-usius
780 3532 935 3618 Vagarus
952 3539 1094 3599 statutus
1109 3534 1181 3599 loco

67 3637 202 3728 Gregorij
228 3642 357 3724 Vngari
381 3641 606 3710 Comestabuli
630 3642 845 3726 Vngarorum
869 3663 906 3706 eo
931 3663 1003 3706 oum
1020 3641 1131 3706 decem
1148 3645 1182 3705 et

66 3753 125 3812 uoto
139 3747 204 3812 eius
220 3755 411 3833 computata
427 3770 575 3834 persona,
590 3750 623 3814 in
640 3749 788 3815 absentia
804 3748 907 3831 ipsius
926 3746 1077 3830 Gregorij
1096 3767 1182 3813 nuno

65 3857 175 3935 agentis
190 3856 231 3922 de
246 3855 401 3939 Reginali
423 3856 579 3923 mandato
595 3857 629 3922 in
646 3855 793 3940 partibus
816 3853 975 3937 Vngarie,
998 3854 1180 3919 militantes

64 3959 98 4024 ad
118 3963 250 4030 seruitia
272 3962 451 4046 Reginalia
465 3965 499 4027 in
516 3963 669 4047 partibus
692 3961 847 4029 Calabria
872 3983 945 4026 cum
968 3959 1113 4044 Vngaris
1129 3983 1181 4026 ar-

63 4067 177 4151 migeris
199 4069 241 4136 de
265 4067 512 4137 Comestabulin
535 4070 638 4154 ipsius
663 4069 813 4153 Gregorij
840 4070 882 4136 ad
906 4075 1062 4134 consueta
1079 4069 1179 4151 gagia

65 4175 104 4238 eis
123 4197 179 4260 per
202 4176 336 4244 Curiam
361 4184 487 4244 statuta
510 4182 544 4242 et
566 4178 729 4257 ordinata,
752 4183 852 4260 prout
874 4177 961 4242 infra
978 4175 1182 4241 describitur.

157 4283 198 4349 In
212 4286 380 4370 presentia
403 4281 572 4351 Guillelmi
587 4286 693 4368 Longi
715 4282 886 4368 Reginalis
901 4285 926 4350 J
929 4283 1032 4348 udicis
1057 4281 1182 4348 Ciuita-

69 4387 104 4452 tis
116 4388 290 4474 bimenstri,
306 4391 444 4460 Andree
459 4393 499 4458 de
516 4391 665 4458 Oliuerio
681 4393 722 4458 de
739 4391 883 4458 Cossano
900 4391 1053 4474 Reginali
1071 4396 1182 4455 auoto-

70 4493 155 4565 utun
175 4498 303 4585 Puplioi
326 4521 385 4585 per
402 4504 508 4566 totum
530 4499 683 4585 Regnum
706 4497 817 4566 Sicilie
841 4497 983 4586 Notarij,
999 4505 1031 4570 ot
1049 4497 1181 4588 testium
