3166 5256
563 397 658 461 1345.
1116 395 1177 458 131

3 535 6 608 f
62 572 143 656 gnie,
171 571 294 640 Comiti
325 573 431 641 Paulo
461 572 574 640 Judici
604 573 704 640 Ourie
730 571 848 656 Regis,
873 567 1042 656 Stephano
1072 569 1179 638 Lasso

3 713 5 738 ι
63 678 177 763 domiti,
186 683 332 749 Nicolno
350 681 471 748 Comiti
485 681 647 768 Psintino,
657 679 778 754 comiti
794 680 924 767 Doymo
942 701 980 748 ao
995 676 1094 746 fratri
1109 697 1178 761 suo,

3 821 5 834 2
63 787 227 858 sci'home
243 787 418 862 Wnivode.

371 953 429 1017 (vl.
442 951 575 1005 Kelemen
585 953 657 1019 pipo
669 953 857 1020 regesttibdl.)

578 1443 650 1506 129.

67 1599 253 1669 Aeetenczei
277 1603 623 1689 kormdoytancicenak
638 1601 806 1683 renectere,
830 1603 912 1691 dopy
937 1627 958 1668 a
984 1603 1086 1668 tinini
1109 1605 1182 1684 odr,

127 1710 236 1798 metyet
252 1736 274 1776 a
292 1733 433 1798 mapyor
449 1709 563 1798 kirely
577 1711 643 1793 hir,
658 1735 696 1774 ne
713 1711 984 1797 iddoryattaeeek.
1002 1711 1098 1776 1346.

3 1931 6 1960 ,
158 1867 256 1936 Anno
281 1867 522 1939 MOOOXLV.
547 1870 600 1935 die
625 1867 705 1938 VII.
724 1868 888 1936 Jennarii.
904 1867 1067 1953 Oepte:
1084 1865 1182 1954 Quod

67 1975 290 2060 respondeatur
316 1975 496 2062 Capitoneo
522 1983 556 2042 et
581 1975 866 2044 Gubernatoribus
882 1977 1002 2044 nostris
1022 1975 1124 2070 Terre
1140 1975 1184 2042 ad

3 2089 5 2164 ξ
65 2083 187 2164 litteras,
204 2105 288 2168 ques
304 2085 398 2153 nobis
414 2085 572 2151 miserunt
580 2106 653 2151 enm
662 2085 780 2152 litteris
796 2085 929 2151 inclusis
945 2084 1084 2152 Comitis
1098 2082 1184 2150 Mle·

3 2185 6 2214 ¹
66 2189 134 2274 dini,
148 2191 387 2258 continentibus
418 2192 459 2258 de
484 2192 626 2278 quodam
650 2199 806 2276 tractatu,
832 2214 928 2277 quem
945 2191 1050 2259 dictus
1066 2189 1183 2258 Comes

65 2304 171 2366 asserit
194 2299 317 2367 habere
333 2321 392 2386 pre
409 2299 559 2368 manibus
575 2303 610 2367 in
626 2299 717 2368 teoto
733 2300 854 2383 Tinini
870 2301 959 2386 quod
975 2302 1061 2368 sicut
1077 2303 1184 2366 sciunt

67 2402 337 2494 incompositione
366 2406 456 2476 faeta
482 2429 541 2494 per
556 2430 612 2476 eos
629 2431 701 2476 eum
717 2409 812 2476 Bane
829 2408 937 2476 Bosne
954 2415 988 2476 et
1003 2408 1183 2492 Hungeris,

68 2517 249 2597 promissum
266 2515 331 2583 init
346 2537 405 2601 pro
430 2521 525 2600 perte
542 2523 656 2586 nostre
671 2539 737 2584 non
752 2517 915 2598 invadere,
930 2522 1042 2584 tenere
1059 2537 1117 2584 seu
1132 2536 1184 2581 oe·

68 2643 175 2707 cupere
190 2624 229 2690 de
246 2625 380 2708 iuribus,
396 2623 569 2707 nobilibus,
583 2627 744 2710 gentibus,
760 2625 856 2692 terris
872 2645 928 2691 eeu
944 2623 1185 2709 possesionibus

67 2729 175 2796 domini
189 2729 293 2814 Regis
308 2730 482 2815 Hungerie
498 2737 533 2800 et
547 2731 656 2817 Regni
672 2731 731 2800 sui.
747 2729 844 2800 Vnde
862 2751 925 2796 non
940 2727 1073 2798 videtur
1088 2727 1183 2796 nobis

66 2835 232 2920 honesturn,
256 2860 318 2905 neo
342 2838 449 2906 facere
475 2861 534 2924 pro
559 2837 655 2907 fectis
681 2839 811 2919 nostris,
827 2837 1049 2904 intromittere
1066 2856 1125 2903 nos
1142 2835 1183 2901 de

68 2943 145 3012 dioto
167 2953 275 3014 oestro
301 2945 421 3030 Tinini,
438 2947 527 3031 quod
542 2969 600 3032 per
616 2947 696 3014 dicti
710 2947 815 3031 Regis
831 2951 963 3029 gentem
978 2942 1184 3029 presentiali-

68 3055 113 3116 ter
126 3055 320 3136 custoditum
336 3059 370 3122 et
386 3055 461 3122 ideo
476 3056 668 3122 mandemus
685 3056 742 3137 eis,
753 3053 842 3140 quod
857 3051 1079 3137 respondeant
1094 3049 1183 3117 dicto

70 3157 175 3228 Comiti
183 3161 344 3247 MlndinO,
353 3163 648 3232 recommendendo
659 3184 733 3230 eum
742 3163 782 3230 de
793 3183 854 3230 sue
863 3161 950 3227 bons
960 3157 1185 3244 dispositione,

71 3287 155 3351 quarn
168 3271 268 3338 hebet
284 3273 319 3337 in
334 3272 512 3341 honoribus
527 3273 636 3340 nostri
650 3271 848 3350 Communis,
865 3269 922 3336 sed
939 3265 1185 3352 presentialiter

72 3376 222 3448 intendere
246 3401 313 3446 non
331 3388 467 3464 possunt
482 3377 527 3448 ed
543 3380 666 3447 dictum
680 3379 822 3463 factum
839 3384 871 3445 et
887 3375 1043 3443 recedant
1060 3393 1080 3439 a
1095 3372 1185 3440 fecto

12 3492 20 3503 '
70 3503 131 3550 cunr
152 3485 211 3555 hiis
238 3494 271 3554 et
297 3487 372 3557 aliis
397 3488 522 3573 pulcris
547 3486 666 3572 verbis,
691 3508 754 3573 que
780 3487 827 3554 eie
853 3483 1051 3553 videbuntur
1069 3501 1184 3550 eonve-

73 3611 140 3662 nne.

212 3761 248 3825 (Α
267 3759 395 3813 »Seeerta
409 3759 524 3812 Consilii
537 3756 786 3826 sogawmnwsn
801 3755 856 3812 nn.
872 3757 905 3810 A.
919 3755 975 3810 vol.
990 3755 1025 3818 1.)
