3220 5262
376 383 441 446 630
740 362 976 438 nrauounozml
993 386 1161 436 3333333.

374 560 467 624 31333
482 557 636 639 ueridica,
661 554 754 640 quod
774 554 925 620 (13331333
951 551 1023 618 Rex
1049 553 1221 638 Hungarie
1242 553 1389 619 intendit
1403 553 1509 620 133333

375 669 498 734 armari
514 671 548 734 in
564 665 713 751 partibus
729 662 823 730 Nioie
849 669 882 728 et
907 660 1078 729 Provincia
1099 662 1305 729 subditorum
1322 663 1509 747 Majestatis

378 775 444 842 Sue
460 776 498 842 X
514 775 635 860 galeas.
659 774 708 840 Et
725 793 828 858 quare
848 769 933 836 diets
950 771 1043 855 galee
1059 777 1194 855 possunt
1209 772 1327 839 1331133
1343 772 1454 837 333133
1469 773 1510 840 ad

378 885 534 951 damnum
550 886 706 963 nostrum,
731 901 890 947 memores
915 879 1048 963 antique
1063 879 1291 946 benevoleuoie
1307 882 1464 964 predicte,
1479 888 1510 948 et

377 993 623 1059 reminiscentes
649 991 740 1077 quod
762 991 797 1055 in
821 989 1034 1069 novitatibus
1061 1009 1144 1072 quas
1170 988 1254 1056 31133
1274 988 1425 1056 dominus
1439 990 1510 1056 Rex

378 1101 552 1184 Hungarie
576 1119 706 1166 movere
730 1096 861 1164 volebat
886 1103 1001 1162 333133
1029 1096 1177 1180 Regnum
1202 1117 1307 1181 suum,
1331 1099 1509 1183 sicutipse

381 1207 466 1275 bene
491 1208 593 1289 33311,
618 1206 780 1274 33131333
806 1205 868 1272 3111
895 1205 1007 1271 133333
1023 1206 1091 1271 3113
1107 1205 1213 1287 modo,
1229 1206 1288 1272 sed
1303 1197 1376 1272 oum
1391 1210 1511 1274 nostris

356 1367 360 1374 .
382 1315 486 1398 galeis
501 1315 535 1381 id
552 1315 757 1382 turbavimus
773 1319 843 1380 toto
858 1334 970 1398 posse;
987 1313 1239 1380 deliberavimus
1253 1313 1385 1380 mittere
1395 1313 1439 1380 ad
1448 1314 1511 1380 Ex-

381 1425 570 1493 celleneiam
597 1423 697 1492 Suam
722 1422 765 1490 ad
788 1423 971 1506 rogandum
996 1444 1077 1502 3331,
1093 1429 1255 1505 quatenus
1271 1424 1376 1488 nostri
1392 1425 1511 1490 amoris

380 1536 506 1602 intuitu
522 1534 662 1616 ordinet,
678 1536 789 1618 sieque
805 1553 876 1598 oum
894 1529 1012 1598 effectu
1027 1532 1189 1617 disponat,
1205 1532 1292 1615 qnod
1307 1532 1399 1598 nullo
1414 1533 1510 1599 modo

382 1644 468 1710 dicte
493 1644 587 1728 galee
612 1643 663 1710 331
689 1641 802 1726 aliqua
827 1661 948 1724 earum,
971 1645 1031 1706 331
1047 1641 1168 1706 similes
1185 1639 1279 1725 galee
1294 1647 1465 1708 armentur
1479 1643 1511 1707 in

382 1752 478 1818 dictis
494 1751 653 1836 partibus,
678 1751 728 1818 331
754 1748 828 1816 aliis
842 1749 924 1816 13313
941 1748 1098 1833 subjectis
1114 1749 1321 1816 Exoellenoie
1338 1747 1416 1832 Sue,
1431 1749 1511 1816 31331

383 1861 478 1944 plene
496 1879 675 1945 speramus.
701 1859 749 1926 Et
764 1860 791 1924 si
807 1865 844 1924 tu
859 1857 1022 1924 obtinebis
1047 1864 1191 1926 nostram
1211 1858 1429 1925 intentionem
1444 1881 1512 1944 pre·

383 1969 514 2050 dictam,
538 1971 586 2035 ita
611 1968 699 2051 quod
719 1968 759 2034 de
774 1969 839 2034 hae
854 1967 987 2034 domina
1004 1966 1135 2050 Regina
1151 1967 1194 2033 sit
1209 1974 1365 2034 33313313
1381 1974 1416 2033 31
1431 1989 1512 2033 oom-

382 2076 630 2161 313333133113,
647 2097 787 2162 procura
813 2083 881 2142 toto
906 2095 1001 2161 posse
1017 2075 1164 2142 obtinere
1179 2075 1309 2143 litteras
1325 2097 1403 2142 3333
1419 2096 1511 2160 super

384 2185 473 2252 dieta
488 2186 637 2268 materia,
662 2208 726 2271 que
750 2185 844 2253 nobis
868 2187 1044 2252 mittantur
1070 2207 1167 2271 super
1182 2187 1371 2253 1313331333
1388 2207 1466 2266 333;
1480 2191 1510 2250 31

385 2316 457 2360 eum
473 2315 510 2359 eo
526 2293 613 2378 quod
623 2293 786 2376 habueris,
803 2290 1509 2380 133331333313331333311333331331333

383 2399 589 2468 informatus.
614 2400 651 2468 Si
667 2418 742 2467 3333
758 2421 822 2465 333
838 2421 950 2484 333333
966 2401 1115 2467 obtinere
1134 2408 1280 2470 nostram
1294 2403 1510 2469 intensionem

383 2510 574 2594 predictam,
600 2531 702 2593 quare
726 2507 812 2575 forte
838 2507 926 2576 diota
951 2508 1082 2593 Regina
1101 2508 1226 2577 diceret
1237 2511 1308 2597 jam
1326 2513 1508 2596 promisisse

386 2619 448 2685 hoo
473 2619 602 2685 domino
628 2617 723 2701 Regi,
738 2617 789 2682 331
814 2616 882 2683 3113
907 2637 1024 2700 33333;
1055 2624 1133 2683 1333
1158 2619 1247 2685 dieas
1272 2619 1337 2685 sibi
1361 2618 1508 2699 finaliter,

382 2729 469 2812 quod
486 2729 514 2794 si
528 2728 621 2812 galee
637 2726 782 2812 predicte
793 2726 1017 2808 armabuntur,
1032 2733 1070 2792 ut
1086 2733 1136 2792 est
1152 2727 1286 2813 dietum,
1302 2735 1336 2795 et
1353 2728 1507 2795 33113331

382 2835 716 2919 33313113331133313
741 2839 773 2899 31
797 2832 948 2900 fidelibus
973 2835 1095 2898 3331313
1121 2832 1256 2918 aliquod
1274 2833 1401 2901 1331331
1425 2835 1508 2902 dam-

383 2965 459 3009 nam
477 2942 713 3026 quoquomodo,
738 2941 981 3026 providebimus
999 2948 1032 3007 31
1048 2942 1220 3026 providere
1235 2943 1432 3011 intendimus
1446 2943 1507 3008 illis

381 3050 541 3134 remediis,
567 3071 630 3132 que
647 3049 842 3115 3333331331
858 3049 956 3116 saluti
972 3057 1006 3115 et
1021 3048 1107 3116 bono
1133 3056 1253 3133 nostro,
1269 3073 1330 3117 neo
1345 3073 1506 3135 possemus

384 3159 466 3226 talia
481 3157 648 3224 ullatenus
673 3157 837 3224 tollerare.
861 3157 909 3223 nt
929 3163 1065 3241 3333313
1081 3157 1268 3226 honorabili
1285 3167 1430 3225 comeatu
1446 3157 1506 3226 Ve-

381 3269 488 3335 ueoias
514 3267 629 3334 redeas
653 3267 694 3334 de
719 3268 868 3334 omnibus
892 3267 1095 3336 informatus.
1143 3267 1270 3336 Datum
1296 3275 1355 3338 313.
1380 3267 1506 3355 (januar

383 3378 434 3442 34.
453 3375 563 3462 1365.)

502 3520 537 3582 (Α
553 3521 653 3573 »Liber
668 3521 861 3573 secretorum«
878 3521 969 3573 ozimtt
981 3522 1124 3574 velenezei
1138 3522 1382 3588 allamkbnyvbttt)

867 3669 938 3676 ..---.

907 3831 983 3893 468.

387 3991 420 4056 V.
438 3993 550 4059 Orbda
562 3995 657 4078 poipo
674 4015 713 4056 oz
738 3991 843 4078 ifjabb
860 3989 970 4057 Altero
986 3991 1152 4057 arrsztrioi
1168 3993 1296 4079 1333339
1313 3994 1346 4057 eis
1365 3989 1502 4056 Erzse'bet

381 4100 482 4166 33131
497 4101 614 4166 Ι313313
629 4123 772 4188 maggae·
788 4099 977 4187 berozsgueb
994 4101 1113 4188 leciayo
1130 4099 1218 4164 boza·
1231 4101 1412 4186 1313333393
1428 4097 1500 4163 elles

786 4209 999 4297 oyilatko:ik.
1018 4211 1114 4276 1365.

487 4369 645 4437 Vrbauus
669 4371 855 4455 Episeopus
880 4377 939 4436 313.
966 4371 1135 4436 carissimo
1161 4370 1193 4434 in
1211 4366 1346 4436 Ohristo
1361 4369 1427 4434 filio
1443 4369 1499 4434 Lu·

379 4477 494 4547 dorico
518 4479 603 4562 Regi
628 4479 777 4563 Ungarie
800 4478 921 4546 illustri
947 4479 1085 4546 salutem
1109 4485 1169 4544 etc.
1194 4476 1250 4543 Ad
1275 4485 1421 4545 nostrum
1436 4498 1502 4562 per-

379 4589 468 4657 33311
484 4587 642 4674 auditum,
659 4589 746 4680 quod
766 4589 952 4658 carissimus
962 4591 997 4658 13
1007 4587 1141 4658 Christo
1152 4587 1239 4658 filius
1249 4592 1362 4657 noster
1372 4585 1501 4654 Carolus
