3108 5246
386 319 449 382 352
746 296 1171 384 premonstratensium,
1196 303 1198 307 ’

390 497 480 562 inter
495 493 690 580 magnificus
720 497 825 561 virum
840 497 1005 563 dominum
1021 497 1147 563 Ducem
1159 494 1366 582 Stephanum
1381 499 1512 566 honora-

388 605 487 672 bilem
504 603 639 670 fratrem
656 627 691 672 su
707 627 748 670 rm
765 612 798 669 et
814 605 978 671 dominam
989 607 1132 674 Mariam
1148 629 1297 674 sororem
1313 607 1442 674 domine
1458 607 1512 673 Jo-

385 715 492 780 hanuc
508 713 664 798 predicte
681 715 721 776 (a
738 734 877 796 quarum
900 714 1052 781 missione
1063 714 1312 783 SneMai'estati
1322 722 1434 802 grates
1449 716 1512 799 agi·

384 845 456 890 mus
472 821 627 906 copiosas,
653 827 686 887 et
702 821 789 903 quod
814 821 855 887 de
870 821 1026 906 predictis
1042 825 1189 908 treuguis
1205 830 1239 890 et
1253 825 1432 891 concordis
1447 823 1510 907 plu-

382 933 501 997 rimum
525 930 771 1015 congaudemus,
787 936 820 996 et
836 929 882 995 sic
904 930 1076 997 letaremur
1099 931 1138 998 sle
1155 953 1359 1018 quocumque
1375 933 1508 1014 honore,

384 1039 586 1106 exaltaoione
612 1044 645 1105 et
669 1027 675 1082 ἶ
698 1059 820 1104 recessu
835 1060 993 1124 prospero
1011 1038 1077 1106 Sue
1093 1039 1282 1108 Maiestatis
1299 1041 1448 1125 predicte
1460 1066 1467 1123 ;
1481 1044 1511 1104 et

383 1148 550 1234 potissime
575 1147 617 1214 de
641 1148 672 1212 13
696 1170 702 1211 a
725 1146 875 1228 letamur,
900 1147 1147 1218 considerantes
1171 1155 1204 1214 et
1220 1156 1399 1232 cernentes,
1416 1171 1511 1234 qusn-

387 1262 458 1323 tum
484 1254 569 1337 boni,
596 1276 674 1321 com,
691 1254 757 1321 odi
772 1261 806 1321 ct
821 1259 926 1322 status
943 1255 1070 1340 pacifici
1087 1258 1121 1322 in
1136 1256 1198 1324 hoc
1213 1262 1361 1342 tempore
1379 1258 1510 1325 tractari

384 1372 417 1431 et
441 1365 572 1450 operari
596 1364 719 1448 poterit
742 1363 829 1430 inter
853 1371 966 1449 partes
990 1361 1165 1448 predictas,
1191 1371 1225 1431 et
1239 1385 1299 1449 per
1316 1385 1510 1448 consequens

385 1480 510 1560 quanta
533 1472 714 1538 consolaoio
739 1472 897 1540 reddetur
922 1472 1121 1558 quibuslibet
1144 1471 1364 1556 Christianis3
1381 1479 1509 1558 propter

385 1579 472 1667 quod
497 1580 720 1664 regratiamur
745 1577 918 1648 Altissimo
942 1580 1016 1647 Deo
1042 1588 1164 1663 nostro,
1189 1604 1211 1647 a
1236 1604 1301 1667 quo
1326 1581 1509 1648 factumest

384 1689 481 1770 istud,
505 1686 718 1772 supplicando
744 1687 860 1773 eidem,
885 1689 975 1772 quod
999 1690 1033 1754 in
1049 1690 1111 1757 hoc
1134 1712 1228 1756 suum
1243 1690 1510 1756 auxilinminter-

384 1805 493 1884 ponat,
519 1804 553 1865 et
577 1797 665 1882 quod
689 1795 790 1864 Suam
816 1797 1025 1882 Maiestatem
1046 1799 1228 1884 predictam
1243 1821 1372 1884 semper
1388 1819 1509 1884 prospe

383 1928 458 1975 rare
472 1904 576 1972 faciat
591 1905 684 1971 iuxta
699 1911 826 1988 votum3
842 1926 916 1971 cum
930 1905 995 1972 hiis
1012 1913 1045 1972 et
1060 1907 1136 1973 aliis
1153 1907 1260 1973 verbis
1277 1907 1401 1974 amoris
1417 1915 1448 1974 et
1462 1909 1508 1973 be

384 2015 571 2099 nivolencie‚
587 2037 650 2099 que
666 2015 895 2082 conveniensis
909 2014 1117 2082 videbuntur.

492 2121 642 2190 Secundo
659 2122 895 2206 respondeatur
912 2123 954 2189 ad
974 2124 1135 2192 secundas
1150 2123 1280 2190 litteras
1296 2122 1378 2190 dicti
1395 2123 1507 2189 domiui
1550 2105 1552 2132 ²

383 2232 485 2317 Regis
509 2233 543 2296 in
564 2229 628 2296 hac
651 2229 763 2296 forma.
781 2228 940 2316 Capta:
956 2230 1077 2300 Vestre
1100 2232 1308 2299 Excellencie
1324 2231 1455 2298 litteras
1464 2253 1507 2296 re·
1551 2277 1552 2280 ,

384 2343 527 2426 cepimus
561 2340 772 2419 continentes,
805 2339 949 2423 qualiter
973 2342 1102 2408 litteras
1128 2347 1259 2408 nostras
1286 2342 1371 2408 alias
1397 2339 1507 2408 Vestra

385 2447 563 2516 Serenitati
588 2447 705 2514 missas
731 2447 774 2512 ad
798 2449 1041 2532 responsionem
1067 2449 1283 2533 quarumdam
1308 2449 1448 2516 aliarum
1463 2469 1506 2513 re·

383 2562 528 2624 strarum
544 2556 627 2623 alias
637 2555 731 2622 nobis
741 2556 924 2638 missarum,
939 2557 1053 2623 eadem
1065 2556 1236 2627 Serenitas
1250 2558 1378 2630 Vestra
1388 2576 1506 2641 recepe-
1550 2569 1552 2648 ᾗ

384 2673 446 2750 rat,
471 2667 506 2732 in
522 2686 660 2750 quarum
677 2665 761 2731 serie
788 2664 974 2748 notabatur,
990 2667 1078 2750 quod
1094 2667 1289 2751 disponente
1305 2666 1429 2732 Divina
1443 2663 1506 2730 Cle·
1550 2735 1552 2740 ,

384 2777 510 2842 menois
534 2774 673 2840 cessarit
687 2773 719 2838 in
735 2773 886 2858 partibus
903 2774 1011 2858 Regni
1027 2776 1127 2841 vestri
1144 2775 1244 2860 plaga
1259 2773 1416 2860 pestifere
1432 2793 1504 2839 mor.
1551 2769 1552 2810 ἶ

381 2885 529 2966 talitatis,
553 2889 586 2948 et
610 2880 697 2965 quod
722 2880 763 2946 ob
788 2880 851 2947 hoc
872 2878 1115 2948 Ambaxatores
1130 2881 1236 2948 nostri
1252 2903 1366 2949 secure
1383 2903 1441 2967 per
1454 2901 1503 2946 nos
1551 2965 1552 2968 Ἴ

382 2993 427 3060 ad
442 2992 596 3062 Vestram
611 2987 854 3055 Excellenciam
864 2994 1016 3073 poterant
1025 2989 1183 3056 destinari
1199 2989 1242 3056 ad
1256 2990 1463 3056 tractandum
1476 2994 1502 3053 et
1550 2969 1552 3056 i

382 3099 619 3185 disponendum
645 3103 704 3164 etc.
731 3095 788 3164 Ad
820 3118 902 3181 quas
926 3098 1132 3182 presentibus
1157 3099 1402 3182 respondemus
1427 3094 1502 3182 quod
1551 3117 1552 3124 ¹

381 3211 507 3295 gratias
532 3206 670 3274 humiles
695 3214 727 3273 et
743 3205 874 3272 devotas
890 3204 1072 3274 refferimus
1088 3205 1259 3273 Altissimo
1276 3205 1436 3286 Creatori,
1453 3204 1501 3289 qui
1550 3187 1552 3194 ¹

381 3317 535 3402 dignatus
552 3320 602 3382 est
616 3315 706 3382 vobis
723 3319 757 3380 et
771 3315 930 3380 universis
947 3313 1097 3381 fidelibus
1107 3316 1282 3380 restituere
1299 3318 1444 3399 graciam
1460 3333 1500 3377 sa·
1550 3323 1552 3402 ζ

381 3426 503 3492 nitatis.
529 3423 596 3491 Sed
621 3423 748 3491 noverit
772 3421 897 3491 Vestra
929 3424 1135 3504 Excelencia,
1168 3422 1256 3507 quod
1281 3444 1341 3507 per
1368 3424 1500 3490 diversus
1551 3407 1552 3410 ¹

380 3534 511 3602 litteras
527 3538 658 3600 nostras
675 3531 769 3598 datas
785 3533 818 3597 in
834 3538 947 3599 nostro
958 3531 1077 3598 Ducali
1086 3532 1212 3616 palatio
1230 3532 1290 3600 sub
1307 3532 1359 3598 die
1376 3527 1499 3597 XXVI.

361 3717 366 3724 ¹
381 3649 415 3710 et
440 3641 596 3711 XXVII.
621 3641 740 3707 mensis
765 3640 790 3708 J
791 3642 858 3707 unii
875 3663 978 3726 nuper
997 3640 1100 3725 elapsi
1116 3639 1234 3708 Vestra
1251 3640 1422 3708 Maiestati
1435 3637 1499 3704 seci-

381 3745 462 3819 mus'
478 3747 697 3832 manifestum,
723 3749 810 3833 quod
825 3756 1001 3838 postquam
1016 3750 1292 3830 intellexeramus,
1308 3751 1397 3834 quod
1411 3747 1500 3815 Altis·

381 3863 480 3928 simus
505 3859 595 3926 Deus
618 3859 652 3924 in
677 3858 792 3943 Regno
809 3865 919 3925 restro
937 3858 1121 3924 contulerat
1150 3857 1332 3923 remedium
1349 3855 1498 3930 sanitatis,

381 3990 511 4035 eramus
536 3965 687 4052 dispositi
711 3972 744 4031 et
769 3967 879 4050 parati
904 3966 945 4032 ad
961 3967 1162 4051 presenciam
1178 3964 1298 4036 Vestra
1316 3960 1499 4031 Serenitatis
1549 3995 1552 4004 ν

381 4079 511 4143 mittere
534 4081 666 4142 nostros
686 4071 927 4140 Ambaxatores
942 4075 1125 4159 solempnes
1141 4075 1327 4141 occassione
1345 4067 1497 4138 tractandi

382 4206 475 4251 omne
499 4183 622 4250 bonum
646 4183 736 4266 pacis
760 4204 799 4248 ac
814 4184 936 4249 amoris
952 4188 986 4249 et
1000 4179 1224 4248 benivolencie
1239 4185 1396 4266 perpetue
1411 4176 1498 4244 firmi·

381 4299 484 4358 tatem
500 4292 576 4357 hinc
591 4289 677 4371 inde,
692 4290 865 4359 dummodo
880 4292 1026 4375 placeret
1036 4288 1156 4358 Vestre
1172 4289 1351 4356 Serenitati
1366 4288 1498 4373 predicte

381 4399 475 4465 nobis
491 4400 556 4465 suis
572 4400 768 4484 responsivis
791 4401 912 4466 litteris
928 4399 1097 4466 declarare
1113 4396 1154 4463 de
1169 4405 1318 4481 tempore
1332 4403 1366 4463 et
1382 4399 1456 4478 loco,
1468 4392 1495 4458 in

378 4528 445 4596 ¹quo
461 4515 493 4573 et
509 4508 551 4572 ad
568 4527 664 4591 quem
681 4514 788 4573 essent
802 4508 962 4574 accessuri
977 4507 1084 4574 nostri
1101 4506 1344 4572 Ambuxatores
1359 4500 1495 4590 predicti,
