3110 5248
414 329 477 388 286
768 343 1001 390 orruouacztar
1020 327 1189 388 aurianae.

417 543 451 554 -·
473 540 514 549 -
532 541 574 549 -
591 511 623 568 et
641 507 691 568 est
706 503 810 568 nostri
825 504 985 586 propositi
1001 523 1131 568 servare
1147 511 1179 569 et
1194 503 1303 569 iacere
1319 524 1388 569 cum
1403 503 1512 570 domino

411 609 502 692 Rege
518 610 678 693 presenti3
702 610 971 693 necperpendere
997 612 1167 694 possimus,
1183 612 1273 696 quod
1287 633 1345 695 per
1360 633 1415 678 nos
1428 613 1467 676 sit
1479 651 1514 660 -

411 756 455 765 —
472 755 515 764 --
532 719 624 782 encia
639 719 689 782 uel
706 738 805 783 causa
821 718 909 784 iusta
925 719 1120 785 turbationis
1136 727 1252 785 contra
1267 740 1335 784 nos,
1360 717 1470 785 Vemm
1484 719 1516 783 de

410 832 478 890 tam
494 826 637 908 benigna
652 833 686 890 et
701 825 875 909 magnifica
889 825 1056 892 oblatione
1081 826 1175 894 nobis
1189 825 1281 892 facta
1296 846 1356 910 pro
1370 833 1456 909 parte
1469 846 1517 890 sua
1553 809 1554 812 Ἴ

410 953 469 1015 per
495 934 617 999 dictum
642 931 900 1000 Ambaxatorem
924 942 958 998 et
983 935 1083 1000 etiam
1108 955 1168 1017 per
1193 955 1269 998 suas
1293 933 1419 999 litteras
1438 933 1518 1000 nobis

411 1041 536 1122 missas,
552 1040 695 1106 volentes
719 1062 780 1123 pro
805 1041 978 1107 concordio
1004 1043 1089 1106 inter
1114 1062 1173 1108 nos
1189 1049 1223 1107 et
1238 1043 1361 1108 dictum
1376 1040 1519 1106 dommum

410 1147 536 1230 Regem
551 1147 726 1232 Hungaric
742 1147 961 1215 amicabiliter
976 1150 1186 1233 interponere
1202 1156 1315 1232 partes
1332 1170 1416 1231 suas,
1429 1149 1519 1230 impe-

409 1255 485 1321 riali
500 1256 700 1323 Excellentie
716 1258 833 1322 merito
848 1254 1031 1322 rcfferimus
1048 1259 1230 1341 gratiarum
1247 1259 1400 1323 actiones
1428 1253 1518 1340 Qmm

410 1364 613 1431 oblationbm
637 1366 831 1448 gratissime,
854 1371 891 1429 ut
916 1385 976 1447 pro
995 1365 1117 1431 honore
1133 1386 1191 1431 suo
1208 1365 1350 1449 expedit,
1366 1371 1515 1447 acceptan-

409 1478 459 1538 tes
477 1493 587 1538 sumus
603 1473 758 1555 contenti,
774 1472 861 1558 quod
878 1493 911 1538 se
928 1475 1134 1557 interponat;
1159 1475 1226 1539 etsi
1236 1480 1347 1557 posset
1362 1489 1518 1556 procurare

409 1585 442 1644 et
457 1578 574 1660 iacere,
591 1581 679 1664 quod
695 1578 844 1646 dominus
855 1580 928 1646 Rex
939 1580 1106 1664 predictus
1116 1581 1271 1664 disponat
1287 1581 1427 1646 animum
1442 1597 1517 1643 suum

409 1686 452 1750 ad
467 1687 636 1753 vivendum
653 1692 744 1752 et-
761 1725 804 1734 -
821 1726 864 1735 -
881 1727 924 1736 —
940 1688 1107 1755 nobiscum
1124 1689 1158 1753 in
1174 1708 1254 1771 pace
1270 1694 1304 1752 et
1319 1707 1435 1768 amore,
1449 1686 1519 1750 sicut

409 1813 518 1859 sumus
534 1794 686 1878 dispositi
703 1815 781 1878 erga
807 1816 890 1875 eum,
915 1795 977 1861 hoc
993 1795 1087 1860 nobis
1103 1803 1234 1878 gratum
1251 1801 1339 1860 esset
1352 1793 1519 1875 multiplici·

407 1909 459 1967 ter
480 1937 759 1954 -----
776 1902 1013 1986 subiungendo‚
1039 1902 1128 1987 quod
1153 1924 1212 1986 per
1228 1900 1519 1967 Ambaxatoresno·

408 2017 501 2091 strcs,
527 2011 706 2076 destinatos
732 2011 775 2076 ad
805 2010 971 2075 dominum
1000 2010 1127 2092 Regem
1156 2010 1339 2092 Hungarie,
1372 2008 1519 2086 sensimus,

304 2151 305 2154 ¹
407 2117 494 2202 quod
510 2115 754 2185 Ambaxatores
782 2115 847 2183 Suc
873 2118 1063 2185 Maiestatis
1083 2116 1171 2199 apud
1186 2116 1308 2181 dictum
1324 2117 1446 2200 Regem
1459 2113 1519 2179 teti-

406 2232 526 2309 gerunt
550 2226 581 2290 ei
606 2227 721 2309 pulcra
746 2231 780 2291 et
805 2225 954 2308 graciosa
979 2225 1079 2291 rerba
1103 2225 1136 2288 in
1163 2222 1308 2290 fauorem
1325 2230 1472 2298 nostrum,
1486 2221 1518 2284 dc

407 2354 472 2417 quo
489 2333 552 2399 sibi
568 2334 791 2418 regratiamur
822 2334 987 2415 immense,
1003 2332 1171 2398 credentes
1187 2352 1260 2398 cum
1277 2333 1429 2398 continuo
1443 2350 1518 2411 repe·

406 2442 472 2505 rire
504 2440 697 2524 dispositum
724 2442 767 2506 ad
792 2434 1068 2507 conservationem
1099 2447 1247 2506 nostram
1280 2441 1405 2524 pariter
1432 2444 1517 2518 atque

406 2555 536 2616 statum.

532 2693 568 2753 (A
582 2696 719 2746 valenczei
734 2696 862 2746 »acereta
874 2695 990 2747 Consilii
1002 2695 1261 2760 Regnorum-bol.
1275 2695 1332 2744 Lit.
1346 2696 1388 2756 B.)

889 2857 1048 2866 Η*-

406 3273 436 3338 A
453 3269 606 3340 oeleoczei
621 3270 966 3361 kormdoytaodcanak
985 3275 1179 3342 iote'zlcediae
1197 3270 1302 3350 Carsu
1320 3275 1430 3358 szipete
1445 3289 1517 3352 capp

763 3386 845 3446 odra
863 3383 1054 3469 tdrppdbao.
1080 3385 1176 3446 1348.

510 3539 609 3605 Auno
640 3539 939 3607 MOGOXLVIII.
970 3542 1023 3606 die
1055 3541 1159 3607 ΧΠΙ.
1190 3539 1332 3624 Aprilis.
1365 3538 1516 3621 Capta:

404 3643 493 3730 Quia
507 3648 646 3713 multum
661 3655 748 3714 esset
763 3649 844 3716 utile
860 3650 958 3715 iactis
983 3649 1114 3731 nostris,
1131 3651 1164 3714 in
1180 3671 1259 3714 casu
1275 3671 1342 3732 quo
1359 3648 1516 3714 debeamus

403 3773 472 3820 esse
487 3755 653 3824 discordes
668 3779 688 3822 a
703 3759 834 3823 domino
850 3759 942 3842 Rege
969 3757 1149 3842 Hungarie,
1165 3757 1289 3823 habere
1305 3758 1338 3821 in
1353 3763 1461 3824 nostra
1474 3772 1516 3814 cu-

403 3865 512 3929 stodia
528 3865 635 3930 locum
651 3871 684 3930 et
702 3873 843 3932 castrum
870 3867 1014 3951 Oorphu,
1039 3865 1214 3932 dummodo
1231 3866 1293 3930 hoc
1309 3863 1367 3929 fiat
1390 3869 1477 3929 caute
1491 3863 1515 3922 et

402 3990 461 4053 per
476 3972 577 4038 talem
593 3971 734 4054 modum,
759 3973 848 4057 quod
872 3995 937 4040 non
961 3976 1144 4059 preiudicet
1168 3974 1268 4040 factis
1283 3973 1405 4038 nostris
1421 3995 1427 4033 :
1443 3966 1517 4033 radit

401 4099 498 4162 pars;
521 4079 609 4162 quod
624 4080 813 4147 notificetur
828 4103 888 4166 per
904 4081 1083 4149 Rafainum
1100 4081 1382 4150 Ambaxatoribus
1399 4075 1516 4150 nostris,

403 4186 492 4268 quod
508 4187 536 4252 si
551 4186 704 4270 viderint,
729 4189 817 4270 quod
845 4191 946 4256 simus
962 4192 996 4257 in
1012 4191 1176 4258 discordia
1202 4212 1274 4256 cum
1292 4189 1424 4255 domino
1438 4185 1516 4265 Rege

401 4293 558 4376 predicto,
574 4295 715 4362 debeant
742 4318 841 4380 quam
865 4299 961 4366 citius
978 4305 1011 4365 et
1027 4321 1126 4384 quam
1142 4300 1270 4366 cautius
1285 4303 1440 4382 poterunt
1456 4312 1515 4359 cum

402 4419 461 4464 sua
476 4404 650 4466 securitate
676 4403 754 4468 dare
780 4405 855 4471 inde
880 4410 1036 4474 noticiam
1063 4407 1184 4474 Comiti
1209 4415 1322 4473 nostro
1338 4403 1479 4487 Ragusii,
1492 4411 1515 4464 tl

401 4523 459 4589 per
476 4507 576 4572 aliam
592 4509 676 4574 uiam
692 4513 776 4578 sicut
801 4535 857 4578 sue
883 4514 1074 4582 discretioni
1089 4517 1260 4598 videbitur,
1277 4511 1459 4597 capitaneo
1473 4534 1516 4576 no·
