3166 5256
354 341 393 401 76
698 356 933 406 urrnouncarar
949 348 1119 408 suarum.

350 515 470 584 delicet
484 515 650 584 laboratos
676 539 773 603 super
798 519 975 603 quamdam
1000 521 1110 587 navim
1134 521 1333 588 naulizatam
1351 543 1408 588 suo
1423 544 1474 588 ιιο-

348 625 434 689 mine
449 623 503 690 bic
517 620 676 706 Venetiis,
691 632 724 692 et
739 626 827 710 ipsos
858 625 990 694 defferri
1004 626 1111 694 facere
1128 628 1170 694 ad
1187 627 1354 694 dominum
1371 629 1472 713 blagi-

349 734 454 795 strum
469 729 655 814 Hospitalis
672 754 744 798 cum
761 732 956 813 condicione,
971 733 1057 817 quod
1072 733 1141 818 ipse
1150 733 1250 799 Prior
1265 739 1417 800 teneatur
1431 735 1474 801 fa·

348 857 423 903 cere
452 839 562 904 venire
591 845 706 906 contra
725 841 854 907 litteras
870 861 891 906 a
908 839 995 907 dieto
1018 840 1194 924 Magistro,
1219 842 1383 924 quomodo
1398 842 1473 908 dicti

349 945 429 1010 remi
445 945 522 1011 illuc
538 947 604 1012 sint
619 947 780 1014 conducti.

456 1108 492 1168 (A
505 1108 614 1160 ›idisti‹
626 1109 716 1161 czimti
725 1110 863 1162 velenczei
877 1110 1107 1178 allamktnyvbol
1117 1111 1222 1164 XXIII.
1232 1111 1292 1162 ket.
1308 1116 1351 1162 39.
1367 1111 1430 1172 lev.)
1560 1175 1565 1183 ι

834 1290 994 1303 β*

893 1523 943 1585 76.

345 1679 546 1749 Aceleaczea‘
561 1683 906 1770 tomonytanoaaak
931 1681 1142 1748 tueamini
1166 1683 1349 1750 dalmatici
1372 1705 1473 1770 recepe

760 1791 953 1878 tarqydban.
965 1793 1061 1857 1345.

453 1949 553 2016 Anno
569 1948 807 2019 MCCCXLV.
833 1949 885 2015 die
909 1949 950 2018 V.
975 1948 1068 2016 Julii.
1092 1945 1256 2032 Capta:
1279 1946 1337 2015 Ad
1353 1947 1473 2016 factum

347 2055 519 2121 ambmata
543 2051 680 2123 Comitis
706 2053 867 2121 Maledini
903 2054 1046 2139 petentis
1070 2076 1092 2120 a
1113 2054 1351 2122 Dominaoione
1390 2055 1475 2121 auxi·

346 2159 426 2226 lium
443 2166 476 2227 et
491 2164 643 2244 favorem,
659 2167 696 2228 ut
712 2181 747 2226 se
763 2163 806 2228 ab
829 2159 974 2244 Vagaria
990 2158 1159 2227 defensare
1174 2161 1288 2245 possit,
1303 2161 1474 2227 consulunt

346 2269 552 2335 concorditer
569 2268 751 2352 Sapientes,
767 2268 854 2352 quod
871 2266 1009 2334 sollicite
1033 2273 1252 2352 preparantur
1269 2267 1472 2352 mangonello

346 2375 421 2458 due,
435 2375 557 2440 baliste
573 2373 600 2440 O
615 2374 698 2441 bene
713 2374 836 2440 lurnite
851 2374 999 2442 omnibus
1015 2373 1223 2440 neocessariis
1239 2379 1274 2439 et
1290 2373 1473 2446 sitamento

347 2483 474 2547 coracio
490 2483 517 2546 L
535 2480 665 2562 sumite,
691 2503 753 2565 que
777 2483 952 2548 mittantur
976 2480 1204 2548 Provisoribus
1229 2481 1369 2563 nostris,
1385 2484 1473 2548 utde

345 2589 427 2672 ipsis
442 2589 618 2672 disponant
633 2595 666 2654 et
681 2588 841 2672 ordinent,
866 2591 950 2655 sicut
974 2613 1033 2674 pro
1049 2591 1298 2655 conservacione
1315 2588 1396 2656 dicti
1413 2588 1474 2656 (lo-

346 2696 435 2760 mitis
451 2705 485 2762 et
500 2697 639 2762 aliorum
654 2696 797 2764 locorum
814 2695 987 2764 Sclauonie
1011 2696 1151 2763 viderint
1165 2694 1237 2762 fore
1252 2718 1343 2779 opus.

452 2801 498 2866 Et
514 2804 711 2885 quamcitius
726 2804 798 2870 fieri
813 2809 922 2887 potest
939 2803 1136 2870 soldizeutur
1152 2802 1330 2870 ballistarii
1345 2801 1472 2870 Oultra

346 2909 414 2989 hos,
432 2910 579 2993 quisunt
596 2910 754 2991 soldizati
779 2931 851 2976 oum
875 2910 1074 2992 condicione,
1099 2909 1186 2993 quod
1203 2909 1230 2974 si
1245 2908 1411 2976 videretur
1427 2910 1472 2974 in-

347 3017 444 3081 terim
454 3016 604 3097 Domino,
616 3015 830 3101 Consiliariis,
841 3017 1011 3101 Capitibus
1023 3023 1055 3083 et
1067 3016 1288 3101 sapientibus,
1297 3016 1347 3081 vel
1359 3017 1472 3083 maiori

348 3125 439 3206 parti
454 3145 566 3190 eorum
581 3124 739 3190 soldizare
764 3125 928 3204 ducentos
954 3124 1038 3189 sicut
1054 3123 1174 3190 dicitur
1191 3123 1231 3188 de
1246 3130 1382 3203 centum,
1398 3145 1470 3208 pos·

348 3229 414 3294 sint
430 3231 595 3313 soldizari,
611 3236 649 3297 ut
662 3229 764 3297 fuerit
779 3251 920 3314 necesse,
936 3231 977 3297 ds
1001 3230 1119 3315 quibus
1142 3230 1337 3298 ballistariis
1353 3232 1472 3298 bande-

346 3337 393 3400 rie
410 3336 473 3402 due
489 3338 618 3421 penitus
634 3339 807 3404 mittantur
822 3340 963 3406 Nonam.
1029 3359 1032 3364 ·

450 3444 535 3509 Item
549 3445 724 3510 mittantur
740 3443 862 3510 Oomiti
886 3443 982 3509 None
1005 3442 1211 3527 manganelle
1236 3443 1309 3524 due,
1325 3444 1471 3529 spigardi

346 3556 486 3634 quatuor
502 3572 574 3617 cum
590 3553 764 3618 sitamento
782 3558 974 3636 opportuno,
989 3573 1062 3617 cum
1075 3550 1202 3616 Ciuitas
1219 3554 1315 3618 Nona
1330 3553 1414 3618 male
1430 3554 1473 3618 sit

344 3658 471 3724 munita
487 3659 594 3725 armis.

452 3763 612 3848 Capta:
637 3764 733 3850 Quod
763 3766 940 3832 reseramus
971 3766 1101 3849 gracias
1118 3766 1259 3832 Domino
1284 3765 1398 3832 Padue
1414 3787 1470 3831 seu

342 3867 621 3938 Ambaxatoribus
652 3873 719 3936 suis
750 3871 791 3937 de
824 3871 982 3938 laudabili
1013 3870 1179 3938 oblatione
1205 3871 1301 3938 nobis
1326 3870 1413 3940 facta
1428 3872 1470 3937 de

341 3975 461 4043 auxilio
476 3978 510 4043 in
525 3977 622 4044 sactis
638 3976 820 4060 Sclauonie,
830 3984 863 4044 et
872 3978 960 4062 quod
975 3980 1009 4045 in
1024 3977 1088 4046 biis
1103 3983 1137 4045 et
1146 3978 1221 4046 aliis
1231 3998 1470 4045 rectureremus

341 4083 385 4147 ad
401 4104 483 4166 eum,
499 4105 573 4151 cum
587 4084 682 4151 nobis
699 4084 874 4168 videretur,
889 4091 1058 4171 tamquam
1073 4085 1117 4154 ad
1132 4085 1307 4169 specialem
1321 4087 1469 4154 amicum.

447 4259 481 4328 (A
496 4262 607 4314 ›Misti‹
622 4263 715 4316 ozimii
727 4263 868 4316 veleaozei
882 4263 1108 4330 allamlrdnyvbol
1120 4263 1228 4316 xxm.
1241 4263 1301 4315 not.
1315 4269 1358 4317 40.
1370 4263 1433 4326 lar.)

827 4475 986 4493 s--··-····
