3220 5262
351 337 416 400 624
708 352 944 400 nrrnounozur
960 339 1127 400 ammaus.

349 535 430 592 rum,
441 513 527 595 quod
543 511 716 597 prohibeat
732 517 831 596 atque
847 513 968 594 turbet,
985 512 1105 594 nequid
1122 511 1163 578 ad
1180 532 1237 580 eos
1248 511 1361 578 dederi
1372 511 1482 595 possit,
1593 499 1595 568 ἶ

349 622 399 686 vel
415 619 491 686 inde
507 621 647 702 extrahi,
662 641 718 685 seu
736 621 819 686 alias
836 617 1072 703 quomodilibet
1087 620 1234 686 exhiberi
1251 620 1373 686 eisdem
1388 621 1481 684 auxi-

348 729 429 794 lium
454 731 521 796 sire
546 727 646 794 lavor.
674 726 786 812 erare
812 728 1032 794 serenitatem
1058 726 1214 796 Vestram
1232 751 1305 794 cum
1321 727 1481 812 singulari
1563 713 1595 820 ’ᾗ

347 837 467 903 fiducia
482 837 703 921 deprecamur,
714 841 877 920 qnatenus
894 838 1101 903 advertentes
1118 839 1344 903 enormitatem
1361 836 1483 902 facino-

349 946 404 1028 ris,
428 945 515 1031 quod
542 944 633 1012 vobis
659 950 693 1011 et
718 944 834 1030 cuique
857 945 947 1030 justo
974 945 1123 1029 Principi
1147 944 1264 1010 merito
1290 944 1392 1010 debet
1409 965 1480 1010 esse
1593 949 1595 972 ⁵

349 1074 490 1137 exosum,
516 1053 694 1136 dignemini
718 1053 845 1118 cunctis
861 1055 979 1120 vestris
995 1053 1146 1120 fidelibus
1163 1059 1196 1119 et
1212 1051 1368 1137 subjectis
1385 1053 1481 1118 mari·
1593 1089 1595 1110 ·

347 1161 435 1226 timis
450 1161 629 1226 efficaciter
652 1161 818 1244 imponere
835 1164 869 1226 et
888 1161 1053 1242 mandare,
1069 1163 1156 1247 quod
1172 1162 1312 1228 durante
1336 1161 1482 1227 novitate
1593 1201 1594 1204 =

348 1272 508 1352 premissa
533 1270 574 1335 ab
600 1268 715 1352 eundo,
740 1270 899 1336 mittendo
915 1269 966 1335 vel
982 1272 1204 1337 conversando
1231 1293 1305 1336 cum
1322 1271 1367 1336 eis
1383 1271 1482 1338 absti-

349 1386 457 1460 neant,
468 1387 502 1447 et
517 1381 559 1448 ab
571 1381 658 1445 omui
675 1401 786 1446 eorum
800 1380 911 1444 favore
928 1401 967 1444 ac
983 1380 1105 1445 auxilio
1115 1401 1251 1463 prorsus
1262 1380 1433 1462 desistant,
1443 1383 1482 1443 si·
1593 1447 1595 1472 ,

350 1494 405 1553 cut
421 1487 516 1554 decet
530 1490 616 1554 inter
633 1490 755 1554 amicos
772 1489 905 1572 servari,
923 1493 956 1552 et
971 1489 1056 1554 sicut
1072 1509 1133 1572 pro
1149 1488 1243 1554 nobis
1260 1494 1294 1553 et
1308 1489 1432 1554 nostris
1447 1489 1478 1552 in
1593 1545 1595 1558 ⁴

349 1617 427 1662 casu
443 1596 542 1663 simili
557 1596 746 1662 laceremus.
763 1596 872 1662 Tanta
883 1597 969 1661 enim
985 1602 1037 1660 est
1051 1596 1179 1678 fiducia,
1191 1617 1291 1681 quam
1306 1600 1340 1660 in
1357 1595 1479 1661 famosa
1593 1613 1595 1642 ³

349 1711 458 1772 vestra
473 1705 677 1788 benignitate
694 1705 882 1784 locavimus,
899 1703 985 1787 quod
1008 1705 1127 1770 nedum
1143 1704 1328 1788 predictam
1344 1704 1478 1786 requisi-

349 1813 473 1878 cionem
489 1819 634 1878 nostram
649 1813 763 1894 utique
780 1813 861 1877 satis
884 1810 1053 1877 honestam
1070 1817 1104 1878 et
1118 1833 1295 1894 congruam
1312 1833 1478 1896 speramus

348 1922 478 1988 admitti
501 1942 560 2005 per
574 1942 648 2001 vos;
665 1921 819 2004 quinimo,
835 1919 890 1985 ubi
916 1941 997 2003 opus
1013 1919 1107 1999 foret,
1123 1927 1239 1991 contra
1256 1941 1312 1987 eos
1337 1927 1370 1984 et
1396 1921 1475 1985 alios
1593 1973 1595 2012 ζ

349 2038 460 2096 nostro
492 2031 592 2095 statui
624 2029 836 2095 adversantes
861 2035 1004 2094 vestrum
1030 2049 1235 2112 speraremus
1261 2029 1418 2094 auxilium
1447 2036 1477 2092 et
1593 2097 1594 2100 ,

350 2137 503 2202 favorem.
542 2139 665 2204 Datum
697 2137 763 2202 XI.
795 2135 957 2218 Octobris,
999 2137 1139 2202 secunde
1171 2137 1364 2202 indiccionis
1397 2157 1477 2202 anno
1594 2171 1595 2174 ¹

350 2243 609 2312 MCCOLXIV,

475 2391 511 2452 (Α
527 2390 627 2440 »Liber
640 2390 831 2441 Secretorumr
847 2392 938 2441 czirntt
951 2392 1091 2441 velenczei
1105 2391 1355 2455 allmakdnyvbdl.)

349 2861 375 2924 J.
401 2859 502 2947 Lcjos
536 2883 676 2948 mappas·
708 2861 821 2948 kirolq
852 2862 920 2926 dc'li
951 2860 1307 2947 Froacziaorazdpnalc
1335 2863 1473 2946 portjdu

639 2969 761 3057 tergeri
778 2969 916 3053 bop'dlcat
932 2969 1081 3034 ke'szittel.
1100 2973 1196 3036 1365.

456 3129 606 3213 Rafayno
622 3129 763 3196 Notario
780 3135 891 3197 nostro
907 3130 941 3194 in
957 3130 1109 3196 Romana
1124 3129 1235 3196 Curia

456 3237 614 3322 Rasayue.
624 3235 682 3303 Ad
698 3237 900 3303 audientiam
915 3243 1060 3304 nostram
1070 3237 1285 3321 plurimorum
1293 3237 1358 3302 fide
1369 3237 1476 3321 digno·
1593 3249 1595 3294 ε

348 3368 420 3411 rum
429 3347 591 3413 relatione
600 3347 728 3413 noviter
737 3354 787 3412 est
795 3346 996 3431 perductum,
1008 3347 1096 3429 quod
1105 3347 1139 3410 in
1148 3345 1298 3430 partibus
1308 3344 1477 3412 Provincie

349 3457 390 3522 ad
409 3457 601 3540 petitionem
613 3457 736 3522 domini
751 3456 853 3539 Regis
863 3455 1037 3540 Hungarie
1054 3460 1228 3521 armantur
1244 3452 1356 3520 decem
1371 3454 1477 3538 galee;
1593 3485 1595 3509 ι

348 3564 405 3630 sed
416 3564 459 3630 ad
476 3586 572 3648 quem
582 3565 868 3639 finemnescimus.
880 3565 925 3630 Et
936 3569 1111 3648 propterea
1122 3562 1292 3648 cupientes
1302 3561 1414 3627 multis
1429 3581 1476 3626 re·
1593 3563 1595 3598 ῑ

347 3673 511 3758 spectibus
521 3674 695 3741 certificari
705 3673 745 3740 de
755 3674 923 3757 predictis;
935 3673 1088 3739 fidelitati
1098 3679 1154 3739 tue
1164 3672 1337 3739 scribimus
1348 3677 1379 3736 et
1388 3691 1476 3734 man·
1593 3695 1595 3740 l

349 3781 475 3864 damus,
485 3790 648 3868 quatenus
664 3783 824 3868 perillum
834 3782 975 3864 modum,
985 3783 1040 3865 qui
1055 3780 1227 3865 prudentie
1237 3787 1293 3846 tue
1303 3779 1475 3858 videbitur,
1593 3769 1595 3798 ³

348 3891 412 3957 sive
429 3912 486 3976 per
502 3892 589 3958 viam
604 3898 826 3977 protectorum
843 3898 875 3957 et
886 3891 1066 3958 amicorum
1082 3896 1278 3973 nostrorum,
1295 3889 1360 3953 sive
1370 3889 1475 3967 aliter,

346 3999 427 4065 dare
455 4001 574 4066 debeas
590 4023 724 4084 operam
739 4008 807 4067 toto
823 4022 917 4086 posse
934 3996 1096 4066 sentiendi
1113 3997 1284 4064 veritatem
1310 3994 1405 4060 huius
1420 3993 1476 4070 rei,

347 4106 496 4174 videlicet
512 4110 539 4174 si
555 4110 664 4193 alique
681 4109 773 4193 galee
788 4109 822 4174 in
839 4108 988 4192 partibus
999 4105 1156 4192 predictis
1173 4109 1353 4184 armantur,
1369 4109 1401 4166 et
1416 4123 1475 4184 per

346 4237 427 4299 quos
443 4224 476 4282 et
492 4218 535 4282 ad
551 4218 639 4283 cuius
654 4219 855 4303 instantiam,
872 4226 905 4284 et
922 4238 1089 4302 perquem
1105 4215 1256 4296 modum,
1272 4219 1303 4277 et
1328 4231 1474 4294 quecum-

347 4348 411 4409 que
441 4327 605 4394 inreneris
637 4336 670 4395 et
700 4328 856 4395 habueris
887 4328 923 4393 in
953 4325 1129 4410 premissis,
1160 4324 1286 4408 absque
1317 4321 1471 4385 dilatione

347 4435 496 4502 ordinate
523 4444 557 4503 et
581 4435 734 4503 distincte
758 4437 879 4503 debeas
895 4435 990 4501 uobis
1003 4455 1063 4518 per
1078 4441 1153 4500 tuas
1168 4434 1298 4498 litteras
1314 4449 1469 4506 reserare,

345 4567 410 4610 non
426 4547 628 4629 respiciendo
645 4546 688 4612 ad
698 4567 857 4631 expensas
868 4567 1036 4612 cursorum
1047 4544 1135 4610 circa
1145 4543 1365 4608 executionem
1376 4537 1470 4602 huius
