3110 5248
429 399 433 407 =
556 361 652 432 1347.

576 583 650 644 226.

65 737 109 801 11.
123 737 262 804 rama
278 766 300 806 a
309 739 451 828 floreas
467 742 707 826 1111111191
725 741 856 826 erraras,
872 744 954 829 sopp
970 745 1096 824 aeras,
1111 745 1170 808 111

1 852 2 867 ³
147 845 275 912 Siculae
291 851 544 935 meplctmodjrik,
560 848 722 936 segitse'pet
738 875 777 914 oe
789 853 947 936 nyrrjtoou.
961 853 1056 916 1347.

1 1049 2 1062 2
152 967 298 1034 Clemens
314 973 500 1056 Episcopus
526 993 639 1039 seruus
665 994 836 1038 seruorum
861 973 925 1039 Dei
942 973 1069 1038 dilectis
1096 973 1172 1040 liliis

1 1112 3 1176 ζ
60 1073 279 1158 Regiminibus,
306 1077 453 1145 Consilio
487 1085 521 1145 et
551 1079 785 1146 Communitati
818 1079 974 1146 Ciuitatis
1005 1081 1174 1148 Florentio

1 1190 2 1270 ,
61 1183 180 1250 salutem
196 1193 229 1251 et
245 1185 476 1271 Apostolicam
495 1189 762 1255 benedictionem.
773 1187 933 1273 Quamuis
944 1189 1100 1256 aduersus
1111 1211 1174 1270 eos,

1 1331 2 1348 1
61 1291 106 1370 pui
121 1289 236 1375 Sycilie
252 1316 309 1360 seu
325 1304 448 1360 terram
474 1297 558 1361 citra
588 1297 722 1374 Earum,
739 1316 802 1378 que
819 1296 860 1362 de
875 1297 991 1380 Regno
1007 1300 1077 1382 ipso
1093 1297 1173 1376 iore,

60 1418 148 1478 queue
162 1399 313 1484 Regnum
340 1411 373 1468 et
406 1411 494 1470 terra
509 1404 553 1469 ad
568 1382 628 1470 nos
655 1411 687 1468 et
703 1404 888 1469 Romanam
904 1404 1086 1470 Ecclesiam
1104 1406 1173 1469 iure

59 1503 157 1573 directi
187 1509 326 1576 dominii
357 1514 519 1596 pertinere
552 1520 738 1594 noscuntur,
773 1520 807 1578 et
839 1536 901 1599 que
932 1513 1105 1580 karissima
1140 1513 1173 1576 in

1 1627 3 1640 '
60 1608 176 1680 Christo
191 1615 262 1682 filia
277 1625 392 1685 nostra
408 1619 564 1686 Johanna
588 1619 717 1704 Regina
744 1619 863 1704 Sycilie
898 1621 1047 1705 illustris,
1063 1627 1175 1686 nostra

60 1727 86 1784 et
111 1721 255 1789 Ecclesie
280 1726 427 1808 predicte
457 1727 601 1793 vassalla
630 1751 651 1793 a
683 1727 790 1794 Nobis
821 1735 854 1794 et
884 1728 997 1794 eadem
1024 1725 1174 1792 Ecclesia

1 1833 2 1903 l
60 1833 133 1894 tenet
148 1832 179 1896 in
197 1832 343 1917 feudum,
359 1855 416 1900 seu
433 1841 558 1918 partem
574 1837 626 1902 rel
643 1835 754 1921 aliqua
766 1836 840 1902 loca
851 1838 1005 1920 ipsorum,
1022 1841 1078 1901 aut
1093 1835 1174 1900 alte·

60 1937 116 2000 rins
131 1960 251 2022 eorum,
274 1962 334 2024 per
365 1964 455 2008 mare
479 1944 531 2010 vel
553 1965 613 2026 per
629 1949 760 2013 terram
788 1946 905 2026 quouis
922 1943 1030 2009 colore
1047 1944 1172 2025 quesito

59 2043 196 2112 inuadere
213 2050 264 2112 rel
280 2049 456 2132 offendere,
472 2051 672 2134 impugnare,
689 2053 864 2118 molestare
880 2071 938 2117 seu
948 2051 1084 2117 turbare
1101 2070 1173 2132 pre-

59 2161 207 2220 sumerent
223 2159 338 2239 quoris
354 2159 460 2237 modo,
477 2165 511 2224 et
527 2160 583 2242 qui
599 2159 863 2240 presumentibus
879 2179 939 2242 per
955 2179 988 2223 se
1005 2156 1053 2222 vel
1070 2157 1172 2222 alium

59 2279 105 2324 seu
119 2262 207 2346 alios,
223 2265 347 2329 directe
363 2266 414 2330 rel
429 2264 596 2347 indirecte,
611 2264 743 2348 publice
758 2267 809 2331 vel
834 2266 970 2344 occulte,
985 2271 1173 2348 prestarent

59 2371 220 2451 superbiis
235 2373 402 2452 auxilium,
419 2373 597 2456 conedium,
613 2373 664 2439 rel
680 2372 833 2456 fauorem,
847 2373 974 2437 etiamsi
987 2371 1175 2438 Pontificali

59 2481 107 2541 aut
127 2478 295 2563 Imperiali
322 2480 373 2546 vel
398 2479 515 2564 Regia,
539 2502 597 2546 seu
623 2482 741 2563 quouis
757 2482 823 2546 alia
840 2480 1000 2564 dignitate
1024 2479 1173 2563 fulgeret,

59 2586 396 2669 excommunicationis,
413 2585 660 2670 subspensionis
676 2593 709 2652 et
724 2587 903 2668 interdicti,
920 2593 953 2652 et
973 2587 1037 2652 alie
1052 2607 1170 2670 graues

59 2712 128 2772 pene
143 2715 180 2758 ac
195 2697 356 2760 sententie
381 2695 569 2778 spirituales
596 2701 628 2760 et
643 2695 840 2779 temporales
864 2715 924 2779 per
945 2714 1117 2778 processus
1138 2701 1171 2760 et

58 2801 290 2867 constitutiones
306 2801 409 2866 felicis
434 2801 672 2866 recordationis
698 2799 875 2866 Clementis
899 2799 941 2870 V.
957 2807 989 2866 et
1005 2799 1171 2866 Johannis

57 2903 164 2972 ΧΧΠ.
187 2909 409 2974 Romanorum
434 2907 642 2992 Pontificum,
682 2908 943 2992 predecessorum
983 2912 1171 2973 nostrorum

57 3010 163 3081 fuerint
177 3017 399 3099 promulgate:
416 3016 564 3104 nonnulli
579 3023 689 3082 tamen
703 3014 900 3098 perditionis
915 3013 984 3097 filii,
1003 3014 1060 3097 qui
1075 3013 1172 3096 glori·

59 3128 142 3188 1111111
157 3124 231 3190 dum
248 3124 480 3206 malefecerint,
495 3131 527 3190 et
542 3147 660 3196 nomen
676 3125 810 3190 Domini
826 3126 859 3190 in
875 3145 1011 3190 vacuum
1027 3123 1171 3206 recipere

58 3248 110 3292 non
124 3229 308 3314 formidant,
333 3231 393 3297 sub
421 3232 530 3298 colore
556 3238 613 3298 aut
638 3232 734 3297 titulo
750 3231 913 3296 karissimi
938 3231 997 3297 filii
1012 3227 1172 3296 Ludorici

59 3333 147 3418 Regis
170 3335 319 3422 Vngarie
352 3339 500 3421 illustris,
525 3347 583 3405 aut
607 3340 708 3423 ipsius
733 3338 834 3421 Regis
859 3339 1058 3419 mandatum,
1083 3335 1171 3420 quod

59 3443 244 3512 nullomodo
272 3447 404 3512 credere
436 3468 616 3532 possumus,
640 3446 880 3530 pretendentes,
910 3443 1097 3510 fauentibus
1123 3444 1170 3508 eis

59 3551 235 3630 quibusdam
251 3554 547 3620 Communitatibus
564 3555 850 3637 singularibusque
875 3553 1022 3638 personis
1038 3552 1170 3617 illarum

59 3662 183 3741 prmum
199 3663 376 3730 rebellidus
393 3662 520 3747 Regiue
537 3664 673 3750 prefate,
690 3664 717 3729 si
734 3663 879 3745 uulgaris
902 3661 992 3728 fama
1017 3662 1172 3742 denump·

8 3812 13 3821 -
59 3769 114 3834 ciat
127 3778 158 3836 et
171 3770 251 3838 iacti
281 3771 483 3854 experientia
507 3769 706 3853 manifestat,
722 3769 872 3852 Regnum
898 3777 931 3835 et
956 3774 1076 3833 terram
1100 3787 1172 3850 pre-

63 3874 166 3944 dictam
181 3879 339 3944 inuadere
355 3885 631 3963 presumpserunt,
648 3879 815 3944 ciuitatem
831 3874 1046 3961 Aquilensem
1063 3877 1096 3938 et
1112 3873 1170 3939 ali·
1234 3905 1240 3910 ·

60 4001 115 4064 qua
127 3985 196 4052 loca
210 3988 298 4053 dicte
314 3993 398 4053 terse
414 4009 496 4052 ausu
511 3986 692 4053 damnabili
722 3991 916 4070 occupantes
941 3988 974 4047 et
996 3982 1172 4048 retinentes

60 4087 187 4158 indebite
202 4093 350 4160 indebite
368 4100 532 4177 occupato,
549 4095 733 4176 ingranam
743 4093 865 4157 Diuine
876 4090 1063 4156 Maiestatis
1073 4085 1172 4155 offen-

4 4157 8 4284 i
60 4215 126 4283 Sam,
140 4225 178 4268 ac
192 4211 340 4270 nostram
356 4209 389 4267 et
404 4200 598 4288 Apostolice
614 4200 708 4268 Sedis
724 4199 954 4267 contumeliam
966 4204 997 4262 et
1008 4204 1171 4282 contemp·

4 4287 13 4404 i,
61 4311 126 4388 tum,
140 4331 199 4376 non
218 4318 364 4378 verentes
381 4332 414 4376 se
430 4310 614 4377 huiusmodi
629 4309 800 4376 sententiis
825 4314 859 4374 et
883 4307 975 4392 penis
1000 4307 1172 4386 involvere,

4 4409 8 4480 1
62 4432 110 4478 nec
121 4417 266 4486 timentes
282 4419 401 4498 Deum,
419 4439 477 4484 nos
494 4425 527 4482 et
541 4420 677 4485 eandem
693 4416 876 4481 Ecclesiam
901 4421 1015 4481 contra
1040 4435 1074 4480 se
1099 4433 1172 4496 gra·

5 4557 7 4628 3
63 4520 134 4588 niter
146 4547 342 4609 prouocare;
359 4526 569 4592 attendentes
586 4527 694 4608 etiam,
711 4545 809 4608 quam
824 4523 941 4607 grauia
956 4520 1128 4606 dispendia
1139 4527 1171 4588 11
