3166 5256
1158 380 1222 441 123

112 553 174 634 illis,
196 560 226 620 et
241 554 321 620 sicut
337 561 370 620 et
385 553 514 638 quando
532 554 578 620 eis
594 553 768 634 videbitur,
784 554 945 638 usquead
961 555 1179 639 quantitatem
1194 555 1224 621 L

8 653 10 688 ¹
110 665 184 728 mille
200 665 385 729 ducatorum
402 664 442 728 de
458 663 603 728 denariis
620 663 723 728 nostri
740 659 940 746 Communis,
957 667 990 728 et
1015 662 1103 748 quod
1128 671 1224 730 amnt

8 811 11 872 Ξ
108 773 200 839 securi
214 773 245 837 in
261 771 410 839 habendo
427 778 461 837 et
476 771 636 857 personis,
651 777 684 836 et
700 770 793 837 bona
809 791 869 836 sua
885 769 1055 854 possidere
1070 775 1223 854 poterunt

8 884 17 974 ζ’
111 883 212 947 tamin
229 881 253 948 J
254 880 335 947 adra
356 901 454 965 quam
471 883 506 946 in
522 881 595 947 aliis
611 880 692 945 locis
714 877 906 945 Communis
933 879 1159 948 Veneciarum.
1175 881 1222 947 Et

9 1071 10 1074 Ἴ
109 993 226 1073 insuper
243 990 319 1071 quia
336 1009 406 1055 esse
423 989 543 1054 debent
557 987 598 1054 de
614 987 709 1054 factis
726 987 886 1072 predictis
900 986 1029 1072 plenius
1045 985 1221 1068 informati,

8 1079 17 1182 Γ
107 1099 224 1182 possint
241 1099 266 1162 si
277 1096 441 1162 videbitur
453 1098 507 1178 eis,
517 1095 589 1162 fieri
600 1095 708 1162 iacere
719 1095 1005 1179 proclamationes,
1016 1091 1073 1163 ubi
1084 1101 1220 1180 etquen-

8 1187 14 1212 '
106 1206 139 1272 do
155 1207 195 1270 eis
209 1203 379 1282 ridebitur,
396 1204 484 1288 quod
499 1203 684 1286 quicunque
710 1201 840 1268 dabunt
868 1201 1048 1269 Ciuitatem
1063 1201 1088 1270 J
1090 1203 1170 1270 edre
1186 1205 1220 1268 in

8 1321 12 1402 ᾖ
105 1313 187 1378 fortia
201 1312 303 1378 nostri
319 1311 467 1377 Dominii
483 1310 587 1377 libere
613 1317 646 1376 et
669 1311 739 1375 sine
766 1310 956 1377 condicione
980 1309 1101 1394 aliqua,
1119 1310 1218 1378 habe-

8 1449 10 1496 p
104 1420 172 1486 bunt
187 1418 387 1485 eCommuni
403 1417 619 1486 Venetierum
635 1423 761 1484 certam
777 1418 913 1501 pecunie
922 1419 1152 1503 quantitatem,
1163 1421 1219 1486 ha·

8 1501 10 1532 Ι
104 1527 192 1592 leudo
207 1530 240 1592 in
256 1527 316 1592 hoc
332 1527 520 1592 libertatern
536 1525 761 1612 specifficandi
776 1532 810 1592 et
825 1527 1037 1611 promittendi
1057 1548 1159 1612 usque
1176 1527 1219 1594 ad

8 1679 10 1720 :
104 1637 303 1717 quantitatem
336 1635 517 1720 predictam
549 1636 745 1701 ducatorum
770 1635 800 1700 L
824 1633 924 1717 mille,
949 1642 986 1703 ut
1011 1641 1062 1702 est
1077 1636 1218 1719 dictum;

8 1771 11 1834 p
102 1745 305 1828 intelligendo,
332 1745 420 1828 quod
446 1765 504 1828 per
520 1744 617 1809 istam
641 1743 829 1809 libertatem
844 1763 909 1810 non
924 1743 1052 1838 possint
1066 1749 1215 1811 tractare

8 1837 10 1886 f
102 1851 180 1918 nodo
195 1854 303 1936 aliquo
321 1873 395 1918 cum
405 1851 648 1918 Communitate
664 1851 689 1918 J
691 1852 769 1918 edre
785 1873 845 1918 nec
860 1872 934 1918 oum
950 1853 1062 1935 aliquo
1079 1852 1144 1919 alio
1160 1872 1215 1918 no·

8 1947 10 1980 r
101 1961 170 2025 nune
193 1962 293 2044 ipsius
320 1961 516 2042 Communis,
542 1981 600 2025 nec
624 1981 738 2043 pacem
755 1959 806 2026 vel
832 1965 1007 2044 treuguam
1024 1956 1142 2042 faeere,
1157 1980 1215 2026 nec

8 2087 10 2108 *
101 2067 236 2134 desistere
253 2090 273 2133 a
288 2067 505 2151 guerrizando
523 2087 581 2132 suo
597 2087 693 2151 posse
707 2067 856 2133 inimicos
872 2073 1012 2133 nostros.

183 2173 241 2242 Ser
250 2177 275 2242 J
276 2176 461 2241 ustinianus
470 2174 670 2244 Justiniano.
681 2176 708 2243 C
719 2183 836 2260 apta:
848 2173 945 2261 Quod
956 2177 1110 2242 mittatur
1120 2174 1218 2260 Capi·

9 2303 10 2306 ¹
99 2285 188 2349 unsis
202 2286 323 2350 nostris
333 2283 439 2350 Maris
455 2291 488 2349 et
498 2283 600 2350 Terre
619 2289 652 2350 et
663 2282 955 2365 Gubernatoribus‚
979 2282 1070 2367 quod
1091 2283 1218 2368 possint

99 2389 355 2458 occultetractere
366 2414 426 2476 per
436 2391 527 2456 illum
536 2392 666 2458 modum
677 2399 710 2458 et
726 2415 798 2458 cum
809 2393 874 2458 illis
884 2391 1040 2476 personis,
1050 2413 1110 2475 per
1122 2415 1217 2476 quem

99 2505 200 2564 etcum
210 2499 327 2584 quibus
338 2502 385 2566 eis
395 2501 445 2566 vel
461 2501 576 2567 maiori
593 2501 680 2584 parti
697 2522 807 2566 eorum
824 2499 994 2582 videbitur,
1010 2499 1050 2566 de
1066 2499 1217 2567 habendo

13 2620 21 2661 ’-
99 2628 150 2691 per
173 2613 345 2676 tractatum
361 2605 537 2675 Civitatem
561 2606 668 2674 Jadre
692 2607 793 2673 libere
824 2611 858 2674 in
882 2608 983 2674 fortia
1002 2613 1127 2690 nostra,
1143 2629 1218 2692 pos·

27 2787 30 2796 ,
98 2714 187 2782 sendo
202 2716 392 2800 promittere
408 2716 483 2800 illis,
494 2717 549 2800 qui
566 2715 683 2782 darent
699 2715 820 2784 dictam
837 2715 1019 2800 Civitatem,
1034 2722 1071 2782 ut
1085 2720 1135 2782 est
1151 2717 1218 2784 dic·

99 2832 168 2906 tum,
191 2827 228 2893 de
253 2827 392 2910 pecunia
416 2827 520 2891 nostri
537 2823 725 2891 Communis
745 2848 847 2912 usque
863 2831 906 2892 ad
922 2825 1105 2910 quentitem
1121 2825 1221 2892 duca-

100 2941 196 3002 torum
221 2935 250 3000 L
265 2935 366 3015 mille,
385 2939 419 2998 et
435 2934 522 3018 quod
539 2941 635 3001 erunt
651 2935 757 3000 securi
773 2927 807 2999 in
823 2933 946 3001 hebere
961 2939 995 3000 et
1009 2935 1167 3018 personis,
1184 2941 1217 3000 et

98 3049 240 3127 poterunt
256 3049 344 3108 stare
370 3040 472 3108 libere
497 3042 530 3106 in
542 3039 682 3108 Ciuitate
697 3040 722 3107 J
724 3041 805 3108 adre
820 3048 853 3108 et
868 3044 902 3106 in
917 3041 992 3107 aliis
1008 3043 1105 3107 terris
1122 3039 1217 3108 Com·

97 3151 192 3216 mimis
215 3148 443 3228 Veneciarum,
475 3154 508 3214 et
536 3147 680 3232 gaudere
696 3147 847 3215 omnibns
862 3147 956 3214 bonis
973 3149 1048 3214 suis.
1065 3145 1132 3216 Sed
1148 3170 1214 3216 non

97 3258 214 3342 possint
237 3256 317 3323 dicti
332 3253 506 3340 Capitanei
538 3261 571 3322 et
586 3253 835 3324 Gubernatores
865 3255 975 3322 facere
999 3255 1070 3324 fieri
1085 3257 1215 3342 aliquas

98 3367 363 3449 proclamationes
390 3365 424 3430 in
450 3366 540 3431 dicto
565 3364 666 3432 facto.
691 3363 923 3448 Intelligendo,
944 3365 1032 3449 quod
1048 3385 1105 3448 per
1121 3365 1219 3431 istam

97 3475 270 3542 libertatem
286 3495 352 3540 non
368 3473 493 3557 possint
503 3477 649 3540 tractare
659 3471 755 3540 modo
771 3473 883 3557 aliquo
893 3493 966 3539 cum
976 3472 1215 3540 Communitate

97 3579 201 3665 Jadre,
216 3603 277 3648 nec
292 3603 366 3650 cum
382 3580 492 3664 aliquo
509 3580 574 3648 alio
590 3581 720 3646 nomine
736 3579 847 3665 ipsius,
863 3601 925 3647 nec
940 3601 1056 3664 pacem
1064 3580 1114 3646 vel
1129 3587 1218 3646 treu-

97 3711 184 3773 guam
208 3689 328 3769 facere,
354 3709 415 3754 nec
440 3685 595 3756 desistere
615 3709 635 3754 a
652 3686 867 3771 guerrizando
882 3710 942 3755 suo
958 3709 1055 3773 posse
1070 3689 1218 3754 inimicos

8 3813 11 3902 g
98 3805 224 3868 nostros.

8 3903 14 4046 Ῑ
193 3905 255 3974 Ser
271 3903 427 3971 Andreas
446 3901 648 3970 Mauroceno
663 3905 764 3970 miles.
780 3902 868 3989 Quia
884 3905 918 3970 in
934 3905 1074 3972 adventu
1090 3925 1141 3968 ser
1157 3901 1219 3968 Pe·

8 4049 16 4112 ιε
100 4015 136 4079 tri
160 4015 198 4081 de
214 4012 336 4080 Caneli
348 4009 522 4096 Capitanei
537 4014 715 4096 poterimus
732 4011 770 4077 de
787 4010 856 4077 istis
872 4013 1016 4098 negociis
1032 4011 1159 4096 plenius
1171 4010 1219 4076 in·

8 4113 13 4208 l
98 4117 238 4189 formari:
267 4123 357 4188 vadit
381 4142 468 4205 pars,
493 4120 581 4205 quod
597 4119 662 4187 ista
677 4120 883 4187 inducientur
899 4142 1002 4207 usque
1018 4121 1061 4188 ad
1077 4121 1217 4187 reditum

8 4211 13 4294 l
99 4246 189 4295 suurn.

8 4297 16 4425 l
193 4337 255 4405 Ser
281 4337 425 4404 Thomas
452 4335 602 4405 Venerio.
628 4335 715 4422 Quia
739 4360 798 4423 per
814 4358 942 4405 omnem
958 4334 1090 4404 modum
1105 4337 1216 4421 exqui-

8 4425 13 4540 ξ,
99 4446 221 4514 rendum
247 4453 297 4513 est
325 4447 364 4512 de
389 4445 538 4514 habendo
557 4447 716 4513 honorem
735 4460 768 4513 et
783 4447 997 4516 intentionem
1013 4451 1160 4514 nostram
1177 4446 1215 4511 du

8 4544 11 4646 ξ
99 4549 174 4620 lacto
198 4553 311 4640 Jadre,
337 4561 371 4622 et
394 4561 432 4622 ut
450 4555 663 4644 communiter
684 4555 814 4639 dicitur,
830 4579 950 4643 magna
964 4556 1099 4644 pecunie
1115 4575 1217 4640 quau·

8 4649 104 4820 l.

8 4865 207 5252 ιι.
