3220 5262
647 322 744 383 1369.
1194 327 1255 389 681

1 481 2 486 ¹
125 499 275 580 tempore
291 519 457 581 possemus
474 521 536 563 vna
551 521 624 564 cum
650 499 799 583 predicto
817 499 908 583 Rege
924 500 1097 583 Hungarie
1114 501 1154 568 de
1168 503 1260 572 finali

126 605 304 672 concordia
320 605 400 674 dicti
414 607 537 691 negotii
554 606 707 673 decenter
733 613 766 673 et
780 607 843 674 riis
868 606 1071 676 salutaribus
1097 609 1260 696 cogitare;

126 714 273 800 alioquin
305 716 368 782 nisi
398 737 420 782 a
450 715 510 781 tali
541 735 670 801 guerra,
701 738 800 801 quam
832 711 951 783 Sancte
981 715 1084 784 Matri
1110 717 1260 786 Ecclesia
1294 805 1295 812 ἵ

13 911 16 916 ¹
41 809 44 814 ¹
126 844 260 892 mouere
277 823 517 906 dinoscebatur,
543 825 672 891 omnino
697 825 903 908 resipisceret
927 831 960 890 et
978 830 1129 908 cessaret,
1145 834 1180 894 et
1195 828 1260 892 nisi

1 951 2 958 ¹
127 937 245 1012 castra,
270 931 434 998 fortalicia
458 937 493 998 et
516 933 589 1000 loca
614 931 799 1000 Comitatus
815 933 1033 1000 Bononiensis
1057 941 1090 1002 ct
1104 936 1180 1020 alia,
1197 956 1260 1020 que

127 1040 171 1106 ad
186 1039 369 1107 Ecclesiam
386 1039 542 1107 Sanctam
567 1042 742 1126 pertinent,
757 1043 956 1124 restitueret,
972 1047 1006 1110 et
1021 1041 1125 1112 eidem
1141 1043 1261 1112 Sancte

126 1148 233 1216 Matri
256 1149 406 1216 Ecclesia
430 1148 470 1215 de
496 1149 643 1216 omnibus
668 1149 828 1235 dampnis,
858 1171 922 1234 que
945 1152 1116 1219 occasione
1146 1152 1260 1220 talium

5 1263 8 1268 ’
35 1248 38 1252 ’
125 1279 322 1340 guerrarum
338 1256 501 1340 sustinuit,
516 1257 560 1323 ad
584 1259 716 1342 plenum
741 1257 948 1340 satisfecerit,
982 1261 1050 1326 sine
1067 1282 1160 1329 mora
1175 1261 1262 1330 infra

124 1371 252 1432 certum
268 1371 396 1450 tempus
411 1367 473 1435 sibi
487 1372 566 1434 tunc
582 1367 729 1451 specifioe
753 1367 998 1452 exprimendum
1013 1375 1131 1436 contra
1154 1371 1260 1455 ipsum

127 1475 278 1560 exigente
293 1474 432 1554 iusticia,
447 1481 481 1541 et
497 1483 663 1542 crescente
678 1476 781 1561 ipsius
797 1478 1002 1544 contumacia
1016 1476 1174 1544 vellemus
1188 1500 1261 1563 pro

125 1583 244 1650 redere
259 1583 321 1648 viis
337 1589 371 1648 et
386 1584 539 1650 remediis
563 1587 741 1670 oportunis.
768 1583 854 1670 Quia
879 1607 954 1653 vero
980 1585 1164 1670 sepedictus
1179 1586 1261 1656 Ber-

1 1679 3 1707 ³
126 1693 224 1776 nabo,
248 1701 347 1776 prout
371 1694 516 1760 veridica
530 1694 610 1761 dicti
627 1692 764 1762 Oomitis
779 1694 940 1762 relatione
964 1695 1188 1781 comperimus,
1204 1695 1260 1782 pia

1 1799 2 1804 ’
125 1801 385 1867 mansuetudinis
400 1808 512 1868 nostre
527 1802 650 1869 monita
666 1803 767 1870 surda
791 1824 872 1870 aure
896 1802 1056 1888 premissa
1079 1803 1260 1889 adimplere

126 1914 330 1995 contempsit,
346 1914 380 1975 et
394 1910 440 1977 sic
455 1910 488 1976 in
506 1932 565 1976 sua
580 1911 780 1979 contumatia
803 1912 920 1996 spiritu
935 1913 1117 1996 permansit
1140 1919 1173 1978 et
1188 1933 1259 1997 per-

125 2023 276 2084 maneret
290 2017 451 2103 indurato,
466 2019 624 2104 nobisque
641 2026 674 2086 et
692 2017 792 2087 Sacro
808 2000 952 2105 Imperio
978 2039 1043 2088 non
1068 2018 1182 2087 obedit
1200 2040 1261 2087 nec

125 2125 292 2192 erubescit
307 2127 548 2210 promissorum,
563 2149 626 2212 que
642 2127 735 2194 nobis
751 2129 836 2212 fecit,
847 2127 1084 2196 continentiam
1100 2128 1261 2214 pertinaci

126 2235 329 2318 negligentia
358 2236 533 2320 preterire:
565 2237 708 2302 omnium
739 2237 932 2304 Eleotcrum
961 2236 1168 2322 Principum,
1192 2243 1261 2304 tam

127 2341 425 2407 ecclesiasticorum
440 2363 539 2425 quam
555 2341 752 2409 secularium
767 2345 941 2410 accedente
957 2344 1102 2428 consilio,
1119 2367 1260 2428 quorum

125 2455 203 2515 rata
219 2451 382 2516 sententia
399 2449 525 2534 liquido
543 2451 699 2530 defininit,
717 2451 806 2533 quod
834 2454 903 2536 ipse
928 2453 1082 2519 Bernabo
1106 2453 1261 2522 adversus

126 2557 282 2625 bonorem
299 2557 405 2626 Sacrii
422 2558 555 2645 Imperii
571 2558 741 2625 manifeste
758 2557 906 2643 deliquit,
921 2561 1028 2643 ipsum
1044 2562 1154 2627 animo
1177 2561 1261 2627 deli-

126 2667 250 2750 berato,
265 2690 330 2733 non
345 2687 405 2751 per
421 2687 564 2732 errorem
582 2671 639 2733 aut
663 2667 856 2752 improuide,
880 2666 938 2733 sed
964 2669 1005 2733 de
1031 2676 1123 2735 certa
1146 2675 1260 2736 nostra

127 2776 275 2860 scientia,
299 2777 342 2844 ab
367 2776 517 2843 omnibus
531 2772 770 2856 Vicariatibus,
795 2796 876 2858 quos
900 2796 961 2859 pro
985 2775 1078 2843 nobis
1101 2780 1135 2841 et
1158 2775 1261 2844 Sacro

126 2879 273 2968 Imperio
289 2885 446 2950 hactenus
463 2886 601 2967 gessisse
618 2883 804 2963 dinoscitur,
820 2884 996 2967 priuamus,
1013 2905 1051 2949 ac
1068 2881 1260 2968 deponimus

8 3027 10 3032 .
127 2988 172 3054 ab
198 2991 328 3072 eisdem,
359 2990 539 3056 adimentes
570 3011 696 3056 omnem
728 2993 936 3074 potestatem,
967 2991 1197 3056 auctoritatem
1229 2995 1262 3056 et

128 3095 282 3181 bagliam,
308 3097 428 3182 quibus
461 3097 576 3179 quauis
601 3099 727 3163 ratione
758 3097 808 3161 vel
835 3116 934 3162 causa
959 3096 1079 3163 nostris
1110 3103 1142 3162 et
1167 3093 1262 3164 Sacri

129 3206 266 3290 Imperii
282 3207 351 3271 vice
367 3213 401 3271 et
416 3206 543 3272 nomine
559 3205 688 3272 functus
704 3209 755 3272 est
770 3204 935 3287 hactenus
952 3211 1010 3270 aut
1024 3202 1117 3290 fungi
1132 3209 1263 3289 poterat

130 3313 245 3399 quouis
261 3313 376 3396 modo;
393 3335 503 3380 omnes
519 3314 671 3382 etiamst
687 3313 833 3404 singulas
860 3313 999 3396 litteras,
1015 3335 1097 3399 quas
1123 3313 1262 3398 desuper

129 3421 290 3488 aNostra
313 3421 494 3489 Maiestate
518 3424 578 3486 aut
603 3420 718 3505 quouis
744 3419 809 3488 alio
835 3420 1014 3488 obtinuisse
1040 3420 1212 3505 probatur,
1228 3423 1262 3486 in

130 3535 281 3601 omnibus
313 3533 380 3599 suis
410 3532 589 3615 tenoribus,
614 3529 794 3612 sententiis,
818 3531 946 3615 punctis
978 3537 1011 3596 et
1043 3531 1197 3596 clausulis
1223 3531 1263 3596 de

130 3641 230 3710 verbo
247 3642 291 3709 ad
307 3641 449 3721 verbum,
465 3647 565 3725 prout
580 3642 702 3724 scripte
727 3645 812 3720 sunt,
828 3638 927 3704 etiam
952 3638 978 3702 si
1002 3639 1042 3704 de
1058 3637 1110 3703 his
1126 3638 1196 3702 iuro
1211 3637 1264 3704 vel

130 3749 362 3816 consuetudine
378 3751 412 3815 in
428 3746 634 3834 presentibus
650 3745 784 3813 deberet
806 3746 928 3810 mentio
942 3741 1013 3809 lieri
1030 3742 1190 3827 specialia,
1205 3750 1263 3808 aut

129 3865 225 3924 tenor
249 3881 288 3925 ex
313 3859 441 3943 integro
467 3855 602 3922 deberet
626 3859 660 3920 in
683 3850 889 3939 presentibus
915 3851 1082 3933 contineri,
1108 3851 1147 3916 de
1171 3855 1263 3916 certa

129 3971 242 4032 nostra
257 3966 392 4033 scientia
409 3965 497 4031 etde
513 3963 729 4047 Imperatcrie
752 3961 956 4045 plenitudine
972 3958 1154 4044 potestatis,
1172 3979 1263 4022 reuo-

130 4095 250 4158 camus,
274 4095 410 4157 eumque
435 4072 531 4138 velud
556 4078 703 4138 nostrum
729 4075 762 4136 et
786 4067 922 4153 Imperii
941 4066 1033 4134 Sacri
1059 4065 1213 4132 rebellem
1232 4070 1264 4130 ct

130 4182 256 4248 bostem
273 4182 436 4267 publicum
452 4180 648 4246 estimamus.
665 4175 817 4244 Necnon
839 4176 1062 4243 auxiliatores.
1078 4172 1262 4254 violatores,

130 4290 303 4375 complices
319 4298 351 4356 et
367 4288 515 4356 subditos
529 4287 643 4372 ipsius,
654 4293 687 4353 et
702 4307 813 4353 omnes
829 4283 1019 4368 simpliciter
1035 4280 1148 4363 eidem,
1159 4281 1264 4348 cnius-

130 4420 258 4482 cunque
272 4397 464 4478 nobilitatis,
475 4402 591 4478 status,
604 4395 736 4482 gradus,
744 4393 886 4460 nationis
896 4393 947 4460 rel
962 4391 1096 4458 honoris
1112 4389 1264 4470 existant,

131 4508 362 4599 proscriptioni
379 4515 412 4576 et
426 4507 533 4576 banno
556 4503 726 4596 Imperiali
749 4501 946 4584 subiicimus,
972 4498 1207 4591 proscribimus
1229 4504 1262 4570 et
