3254 5260
608 349 703 415 1343.
1174 353 1213 418 15

116 527 211 594 Comes
225 527 392 611 Nelipcius
409 527 576 609 predictus
592 527 685 593 dabit
703 527 886 611 plenariam,
901 535 936 592 ut
951 531 1110 612 promisit,
1126 532 1214 597 etde

114 635 247 718 dampnis,
261 657 318 718 per
335 656 411 701 eum
427 635 543 700 eteius
561 632 707 700 subditos
723 637 845 700 nostris
860 634 1010 702 fidelibus
1021 636 1213 704 deSibinioo

111 742 203 823 blatis,
217 741 401 824 satisfaciet,
418 748 517 825 prout
532 741 637 823 debet,
653 740 773 806 bonum
790 747 839 808 est
855 762 910 808 eos
927 741 1035 808 lacere
1051 743 1213 812 Veneclas

16 873 17 878 ¹
110 869 248 929 remeare;
262 853 289 914 si
303 871 383 916 vero
399 871 464 915 non
480 850 590 932 faciet,
615 857 648 914 ut
674 858 724 914 est
749 851 880 930 dietum,
906 872 966 934 pro
983 849 1068 916 bono
1085 853 1212 936 negocii

110 961 136 1018 et
149 956 361 1024 observacione
377 977 498 1037 eorum,
514 977 576 1039 que
591 957 741 1039 promisit
757 957 875 1036 iacere,
893 958 1073 1040 adimplere
1089 964 1122 1023 et
1137 959 1211 1024 obe-

15 1073 17 1084 '
109 1061 286 1144 abacorum
301 1065 499 1148 presentiam
528 1064 575 1130 ibi
606 1065 783 1130 consistere
799 1070 857 1144 est,
874 1064 961 1147 quod
985 1066 1210 1146 necessarium,

15 1239 17 1266 Ι
110 1170 257 1236 utillimum
272 1179 304 1236 et
318 1170 531 1251 fructuosum,
547 1173 625 1255 quia
650 1193 781 1236 causam
797 1171 890 1237 dabit
905 1172 992 1236 dicto
1010 1170 1131 1240 comiti
1145 1195 1209 1240 me-

15 1267 17 1352 {
110 1277 159 1341 lius
172 1287 200 1342 et
213 1281 369 1344 attenoius
385 1300 493 1364 agere,
509 1299 570 1362 que
595 1279 760 1362 promisit;
784 1277 1012 1346 nichilominus
1026 1279 1128 1347 iaciat
1142 1280 1210 1350 Do·
1272 1257 1277 1274 Ι

108 1386 220 1451 amatio
235 1387 267 1450 in
280 1386 445 1470 predictis,
461 1394 499 1451 ut
515 1387 576 1450 sibi
597 1387 713 1469 placet

15 1573 17 1594 s
194 1491 294 1577 Super
309 1493 399 1586 iacto
417 1495 701 1578 stipendiariorum
726 1499 912 1560 nostrornm
937 1495 1109 1561 consulunt
1124 1494 1208 1578 sapi·

15 1595 17 1658 l
105 1605 186 1680 entes,
214 1601 296 1684 quod
326 1602 372 1667 ibi
397 1607 486 1666 stent
511 1608 544 1667 et
568 1609 677 1686 agant,
704 1602 1205 1686 sicutdebent,otp0stm0du1n

15 1713 16 1744 ³
103 1708 306 1790 providebitur,
323 1711 412 1775 sicut
427 1709 588 1775 videbitur
604 1710 723 1774 iustum
737 1710 816 1774 fore.

190 1871 222 1931 (A
233 1871 341 1922 »nisti«
354 1873 446 1921 czirnil
456 1872 594 1923 velenczei
605 1872 831 1934 allamkonyvbol
846 1871 921 1921 XXI.
936 1872 991 1922 lrot.
1007 1875 1048 1922 85.
1060 1871 1124 1932 lev.)

613 2339 662 2403 la.

96 2492 275 2583 Panopepdn
293 2491 457 2564 Bertalaa
489 2498 641 2564 Daedalo
657 2497 771 2562 Endre
787 2493 939 2562 veleaczei
955 2499 1076 2587 dopc'tdl
1091 2498 1202 2586 polyer

15 2643 17 2674 ;
97 2606 154 2685 lre'r,
168 2608 307 2694 melylyel
324 2607 475 2672 Erzaihet
490 2630 631 2694 maqyar
646 2606 890 2692 aayakirdlyne
905 2607 1097 2670 landrevilla
1113 2607 1202 2692 Apa·

15 2711 17 2720 '
429 2715 519 2779 lidda
533 2717 737 2779 otazbaaroa.
754 2714 849 2779 1343.

15 2923 17 2940 r
187 2873 378 2956 Exemplum
395 2872 609 2955 quarumdam
634 2872 816 2937 litterarum
843 2873 973 2936 domino
990 2871 1073 2937 lluci
1090 2873 1202 2936 missa·

15 2963 17 3042 ἶ
96 2995 156 3041 rum
170 3000 225 3061 per
241 2978 400 3046 Comitem
416 2977 612 3044 Bartholum
627 2977 742 3062 Vegle.

187 3087 309 3152 illustri
326 3095 358 3152 et
373 3087 554 3151 Excellenti
578 3085 726 3170 Principi
751 3083 1032 3151 dominoAndree
1047 3085 1201 3150 Dandulo

15 3169 17 3192 ’
94 3189 168 3256 Daci
181 3191 400 3278 Venetiarnm,
428 3194 595 3259 Dalmatie
624 3200 722 3276 atque
755 3193 896 3273 Oroatie,
911 3191 1053 3259 Domino
1070 3191 1197 3276 Quarte

15 3311 17 3346 l
94 3297 191 3366 Partis
206 3309 238 3366 et
252 3301 399 3367 Dimidio
414 3301 518 3367 tocius
549 3301 684 3384 Imperii
699 3300 868 3384 Romania,
883 3301 952 3365 eius
968 3299 1106 3365 Domino
1123 3321 1203 3364 sem-

15 3391 17 3414 ’
92 3407 550 3491 perhonorando,Ba1tholus
576 3407 693 3474 Comes
719 3406 824 3492 Vegle
852 3415 949 3491 atque
977 3405 1111 3492 Synugii
1129 3429 1201 3473 cum

15 3591 17 3614 r
92 3516 493 3583 omnireccmmendacione
509 3537 543 3580 se
553 3516 668 3599 ipsum.
679 3516 829 3582 Litteras
841 3515 977 3580 Excelsa
991 3515 1201 3581 Dominacio-

91 3623 134 3686 uis
147 3631 253 3706 vestre,
270 3627 408 3708 scriptas
425 3624 478 3690 die
494 3622 592 3691 XIV.
618 3630 651 3688 et
675 3623 756 3689 XV.
773 3625 933 3707 presentis
948 3624 1075 3703 mensis,
1091 3643 1128 3688 co
1145 3621 1200 3686 ho-

15 3809 17 3820 Ι
90 3749 168 3813 nore,
182 3753 244 3814 qno
260 3732 381 3813 decuit,
397 3731 504 3815 recepi
519 3730 615 3797 hodie
640 3729 778 3801 XVIII.
811 3730 948 3813 prefecti
964 3730 1089 3811 mensis,
1105 3737 1138 3795 et
1154 3730 1201 3814 ip·

15 3919 17 3926 y
89 3856 185 3903 aarum
200 3839 279 3904 serie
295 3840 454 3922 inspecta,
470 3837 546 3903 duxi
573 3839 685 3904 statim
699 3861 757 3922 per
774 3839 936 3904 hominem
952 3859 1058 3903 meum
1072 3837 1200 3903 litteras

16 3933 17 3936 ¹
87 3943 278 4013 Fuoellencie
308 3945 429 4015 Vestre
461 3947 591 4011 domino
622 3946 708 4030 Regi
741 3947 889 4029 Vngarie
908 3943 1201 4027 transmittendum,

15 4055 17 4124 ξ
87 4069 144 4116 una
159 4074 227 4118 cnm
242 4054 373 4118 homine
389 4052 511 4119 domini
528 4075 579 4118 ser
594 4051 730 4118 Andree
761 4052 934 4118 Michaelis
951 4053 1051 4120 vestri
1067 4051 1202 4117 Comitis

15 4189 16 4200 2
86 4155 243 4228 Arbensis.
258 4161 355 4228 Nora
371 4182 456 4245 vero,
473 4183 535 4243 que
558 4160 662 4227 habeo
689 4161 729 4226 de
755 4161 886 4226 domina
900 4161 1030 4245 Regina
1047 4161 1201 4246 Vngarie,

85 4273 151 4332 sunt
165 4268 231 4350 heo,
247 4292 309 4353 que
325 4270 398 4334 heri
414 4289 488 4336 sero
502 4269 599 4334 tarde
615 4269 715 4335 habui
731 4292 751 4335 a
779 4268 954 4334 venerabili
986 4275 1080 4352 patre
1098 4277 1131 4334 et
1147 4271 1200 4335 do·

84 4375 169 4458 mino,
185 4378 314 4443 domino
339 4378 367 4442 I.
382 4376 545 4460 Episcopo
561 4377 732 4457 Melfiensi,
759 4378 815 4458 qui
831 4377 979 4442 rediebat
995 4377 1035 4441 de
1051 4376 1200 4462 Vagaria

83 4481 121 4546 ad
135 4483 306 4549 marnam.
328 4481 491 4551 Videlicet
502 4483 589 4566 quod
606 4483 738 4549 domina
753 4483 884 4570 Regina
901 4490 978 4550 ante
995 4505 1200 4551 suumreccs·
