3214 5260
394 375 459 442 428
663 431 667 442 ,
759 391 989 440 orrccunczrsr
1005 379 1171 437 uumerus.

392 555 606 622 bonaeorum
622 551 798 620 sesamam
815 553 850 617 in
865 554 985 616 statum
1002 550 1176 634 pristinum
1201 548 1461 627 redduceremm,
1482 547 1513 611 in

393 683 458 745 quo
474 668 568 727 erant
583 668 758 744 antequam
773 660 922 744 predicta
938 660 1108 724 commissa
1118 659 1233 725 taliter
1242 657 1435 724 dicerentur.
1450 654 1514 720 Nos

392 775 503 835 autem
519 767 582 834 Dei
592 773 764 852 sequentes
779 768 927 850 vestigia,
937 767 993 850 qui
1003 787 1067 832 non
1077 765 1146 832 vult
1156 771 1293 834 mortem
1302 770 1514 849 peccatorum,

393 882 442 942 set
472 881 507 942 vt
538 883 747 943 conuertatur
773 883 808 942 et
831 875 932 954 uiuat,
957 895 996 939 ac
1013 873 1132 940 Sancte
1147 874 1268 940 Matris
1284 872 1443 954 Ecclesie,
1457 890 1515 952 que

392 1005 486 1050 suum
501 985 663 1068 gremium
689 982 768 1067 nullj
796 982 939 1062 claudit;
954 981 996 1047 de
1011 981 1177 1065 predictis,
1195 1003 1259 1064 que
1274 977 1436 1047 aduersus
1450 999 1515 1064 pre·

391 1089 497 1156 dictos
522 1090 718 1156 Tarentinos
743 1094 777 1156 et
801 1089 886 1155 bona
907 1090 1052 1174 ipsorum
1077 1087 1248 1154 commissa
1269 1093 1440 1173 ponuntur
1461 1105 1516 1169 per

391 1198 527 1263 eundem
543 1197 714 1263 Matheum
730 1203 763 1262 et
778 1197 861 1262 alios
884 1196 1025 1262 veridice
1048 1195 1226 1277 informati,
1242 1203 1450 1280 repperimus
1465 1213 1514 1258 ex·

389 1309 562 1388 ponentem
578 1305 726 1388 eundem,
751 1324 789 1370 ac
805 1303 910 1370 dictos
926 1303 1140 1386 subscriptos,
1156 1308 1191 1368 et
1205 1303 1288 1370 alios
1304 1301 1383 1384 eius,
1398 1307 1435 1366 rt
1449 1321 1515 1384 pre·

390 1412 540 1493 mittitur,
551 1414 682 1495 amicos,
692 1412 952 1494 consanguineos
963 1416 1151 1494 etsequaces
1165 1410 1198 1476 in
1209 1408 1376 1495 premissis
1387 1414 1421 1474 et
1439 1408 1516 1492 aiijs,

390 1541 452 1603 quc
467 1541 528 1604 per
544 1541 599 1585 eos
616 1520 773 1588 aduersus
789 1519 896 1585 dictos
912 1517 1106 1584 Tarentinos
1123 1526 1157 1584 et
1170 1518 1258 1584 bona
1272 1519 1419 1602 ipsorum
1436 1537 1515 1582 conr·

390 1627 490 1693 missa
514 1634 689 1712 ponuntur,
715 1627 816 1693 fuisse
832 1631 866 1692 et
891 1647 961 1692 esse
985 1625 1201 1710 inculpabiles
1225 1633 1260 1692 et
1275 1626 1431 1706 insontes,
1446 1623 1516 1690 etsi

391 1734 515 1800 lorsam
531 1735 754 1802 inuenirentur
779 1732 1025 1818 quomodolibet
1050 1733 1232 1816 excessisse,
1247 1733 1331 1802 illud
1346 1731 1516 1814 contigisse

389 1863 429 1907 ex
446 1842 542 1926 culpa
558 1849 591 1910 et
607 1842 754 1928 nequitia
769 1845 914 1927 ipsorum
932 1841 1194 1922 Tarentinorum,
1212 1862 1345 1912 causam
1362 1845 1397 1906 et
1411 1846 1514 1906 ortum

389 1947 535 2015 dantium
550 1951 583 2016 in
598 1951 774 2034 premissis.
784 1949 995 2036 Quapropter
1010 1957 1290 2034 presupponentes
1304 1949 1441 2016 indubie
1450 1967 1514 2013 rem

388 2057 435 2121 sic
450 2077 531 2136 esse,
555 2057 676 2122 eisdem
700 2057 896 2142 supplicanti
913 2079 952 2123 ac
968 2057 1167 2142 subscriptis,
1186 2061 1219 2122 et
1243 2057 1319 2142 alijs
1334 2062 1367 2121 et
1382 2053 1515 2122 cuilibet

387 2169 541 2250 ipsorum,
553 2169 593 2235 de
609 2177 701 2236 certa
717 2174 831 2235 nostra
848 2171 1029 2236 scientiaet
1044 2169 1178 2254 speciali
1193 2165 1514 2254 gratioremictimus,

386 2272 593 2358 indulgemus
610 2281 642 2340 et
657 2275 807 2341 totaliter
823 2275 1008 2341 relaxamus
1024 2280 1084 2340 etc.
1098 2283 1160 2341 etc.
1170 2275 1295 2342 Datum
1304 2271 1447 2356 Neapolj
1458 2291 1512 2354 per

388 2380 540 2466 Sergium
579 2383 701 2449 domiui
731 2383 870 2452 Vrsonis
902 2384 941 2450 de
979 2383 1120 2468 Neapolj
1147 2383 1261 2449 militis
1276 2381 1400 2464 Magne
1417 2375 1512 2444 Curio
1579 2427 1581 2464 ,

387 2489 510 2556 Nostre
541 2492 698 2575 Magistri
729 2491 916 2558 Rationalis
933 2490 1275 2576 Vise-Prothonotarij
1302 2488 1413 2557 Sicilie
1429 2507 1511 2554 anuo
1580 2485 1581 2522 ;

387 2597 522 2664 Domini
547 2599 720 2665 millesimo
743 2600 972 2666 trecentesimo
1008 2599 1278 2682 quinquagesimo
1305 2595 1447 2663 secundo
1462 2595 1511 2660 die

388 2705 601 2774 nonodecimo
641 2705 788 2790 Augusti
813 2708 928 2791 quinto
965 2705 1160 2789 indictionis,
1189 2705 1380 2790 Regnorum
1411 2702 1511 2769 nostri
1579 2721 1581 2730 ’

389 2813 491 2898 Regis
507 2835 593 2881 anno
609 2819 735 2898 quarto,
745 2816 849 2882 nostri
865 2836 943 2882 uero
954 2815 1080 2898 Regine
1095 2835 1181 2880 anno
1197 2813 1351 2880 decimos

567 2954 771 3046 “agisegium
792 2960 942 3026 Angioiui«
957 2955 1235 3011 eminett‘kbtetebol
1249 2961 1291 3008 67.
1303 2958 1333 3018 1.)

491 3138 524 3224 Ι)
546 3137 732 3204 Ludoricus
749 3144 782 3203 et
796 3136 822 3203 J
823 3138 954 3204 ohanna
969 3144 1029 3204 etc.
1046 3135 1256 3220 Paleologius
1271 3136 1379 3202 dictus
1396 3134 1511 3202 Canal-
1579 3137 1581 3212 i

385 3246 486 3310 larius
500 3245 594 3312 miles
610 3245 781 3311 familiaris
797 3252 831 3311 et
846 3244 953 3312 fidelis
969 3246 995 3312 J
996 3245 1125 3311 ohanne
1144 3244 1272 3328 Regine
1283 3244 1344 3311 stb.
1355 3243 1508 3330 (erdemei
1579 3323 1581 3336 *

383 3352 613 3440 tekintetebdl)
629 3352 730 3420 habet
745 3354 855 3419 omnia
870 3351 957 3418 bona
973 3352 1137 3436 quondam
1160 3352 1265 3418 Dam
1275 3353 1286 3416 i
1296 3375 1316 3418 a
1327 3353 1370 3417 ni
1393 3351 1448 3438 Sp
1458 3352 1509 3418 al·
1579 3347 1581 3378 ⁴

383 3460 492 3527 licis
525 3469 557 3528 et
588 3463 726 3546 Meulj
761 3463 811 3528 de
842 3461 1103 3528 Porticella
1136 3462 1185 3527 de
1217 3460 1366 3527 Trono
1389 3461 1509 3528 adme·
1580 3517 1581 3538 ,

382 3591 443 3635 nus
460 3576 571 3636 nostre
587 3567 687 3634 Ourie
702 3589 761 3653 per
776 3570 922 3654 ipsorum
948 3567 1166 3653 proditionem
1183 3573 1217 3634 et
1232 3566 1440 3635 rebellionem
1447 3588 1507 3642 no-
1580 3587 1581 3630 3

381 3677 502 3742 teriam
525 3676 670 3760 legitime
695 3676 850 3742 deuolute
875 3682 935 3742 etc.
960 3677 1083 3741 Datum
1107 3673 1251 3759 Neapoli
1275 3697 1360 3742 anno
1378 3671 1506 3742 Domini
1580 3675 1581 3678 ’

383 3782 586 3852 MOOOLII.
605 3785 658 3851 die
673 3783 854 3867 penultimo
870 3782 1016 3868 Augusti
1033 3783 1073 3855 V.
1089 3782 1287 3849 indictionis.

575 3929 611 3993 (A
625 3927 764 3995 »Registri
777 3929 928 3996 Angioinic
943 3931 1066 3981 emittett
1078 3928 1219 3979 kdtetdbdl
1233 3933 1275 3978 70.
1288 3929 1319 3990 1.)

866 4197 1025 4212 Μ
