3108 5246
572 323 666 396 lats.
1114 329 1177 394 369

58 506 131 577 ticni
163 513 274 576 nostre
299 509 451 594 gaudium
479 509 594 576 actulit
620 514 654 574 et
675 489 827 575 solamen.
853 505 940 590 Quia
965 510 1185 594 conspicimus,

63 620 144 701 quod
159 617 342 686 devotionis
358 624 479 698 nostre,
495 639 592 702 quam
619 637 698 702 erga
714 613 873 684 famosam
897 615 1057 702 Regalem
1073 639 1186 704 proge-
1247 601 1249 605 ¹

61 728 136 792 niem
152 725 323 817 labemus,
348 731 383 790 et
406 724 598 792 habebimus
614 725 786 806 indefesse,
801 745 959 792 memores
977 725 1101 796 Vestra
1116 727 1185 810 dig-

58 841 145 900 natur
161 833 357 902 Sublimitas
382 831 540 901 adventus
567 835 664 900 vestri
682 854 740 900 nos
757 833 863 899 iacere
879 853 944 900 non
961 838 1119 919 expertes.
1135 834 1181 900 Et

58 962 260 1024 quamquam,
278 947 315 1006 nt
340 943 620 1026 magnanimorum
646 948 695 1008 cst
720 943 829 1023 rnoris,
845 941 966 1009 collata
982 942 1110 1008 modica
1126 963 1184 1026 per

58 1048 329 1116 Communitatem
347 1057 493 1116 nostram
505 1047 684 1116 Serenitati
694 1048 815 1118 Vestre
833 1051 967 1118 servitia
983 1051 1181 1136 scripseritis

55 1155 147 1224 luisse
164 1181 267 1241 quam
294 1158 444 1243 plurima,
459 1160 532 1242 ipsa
548 1158 638 1225 robis
655 1157 872 1242 acceptabilia
895 1158 1069 1241 plurimum
1084 1159 1186 1243 impu·

56 1269 173 1346 tantes3
191 1268 424 1351 expromimus,
441 1266 529 1350 quod
546 1267 574 1331 si
590 1266 782 1332 collatorum
800 1265 893 1330 nobis
917 1265 959 1332 ad
976 1267 1110 1332 invicem
1127 1289 1185 1352 per

56 1373 176 1439 inclitos
200 1377 434 1460 progenitores
459 1379 583 1440 uestros
608 1380 776 1457 tamquam
801 1375 888 1457 grati
914 1375 1187 1442 reminiscentiam

55 1480 243 1564 obtinemus,
269 1488 384 1547 nostro
407 1479 530 1564 judicio
555 1485 640 1562 sunt,
667 1482 743 1546 licet
759 1479 936 1546 affectuose
953 1501 992 1546 ea
1006 1479 1187 1562 fecerimus,

54 1588 130 1653 satis
145 1609 263 1673 parua.
291 1587 350 1655 Set
374 1593 548 1672 postquam
574 1589 699 1671 gratias
724 1587 845 1654 referre
862 1589 993 1672 placuit,
1009 1587 1125 1656 exinde
1141 1587 1183 1654 ad

55 1697 232 1776 gratiarum
260 1696 383 1762 similes
408 1697 595 1779 exurgimus
620 1697 775 1777 actiones,
800 1699 942 1781 gratiam
959 1695 1118 1762 habentes
1133 1715 1186 1760 ac-

55 1823 165 1886 cessus,
180 1804 273 1870 unde
299 1825 392 1887 quem
417 1804 504 1869 sinat
530 1824 611 1885 opus
637 1811 687 1869 est
712 1802 838 1870 felicem
855 1805 1007 1870 notitiam
1024 1802 1185 1870 habuisse.

56 1908 238 1994 Sperantes,
266 1909 353 1996 quod
383 1932 420 1975 ex
447 1915 613 1976 costatus
638 1917 671 1975 et
696 1911 851 1976 exaltatio
879 1911 989 1993 stirpis
1014 1915 1128 1991 vestre,
1155 1915 1188 1974 et

57 2015 245 2085 rlerntorum
262 2018 509 2102 contemptatio,
526 2015 566 2082 de
583 2015 702 2100 quibus
717 2016 1058 2100 nosprincipaliores‚
1075 2023 1108 2081 et
1123 2037 1187 2080 me-

59 2128 127 2208 iito,
143 2135 346 2213 reputamus,
370 2128 578 2210 ipsorumque
605 2129 721 2207 status,
747 2124 846 2190 robur
862 2132 892 2189 et
908 2126 1037 2211 requies
1053 2123 1188 2189 firmiter

57 2234 269 2304 resultabunt.
286 2233 350 2300 Die
366 2231 523 2304 XXVII.
548 2231 757 2318 Septembris.

156 2365 192 2424 (Δ
209 2363 339 2414 »Misaive
352 2362 427 2414 della
450 2361 593 2426 Signoriac
613 2362 709 2413 liliata
725 2359 890 2426 »carteggio
904 2359 977 2412 della
990 2359 1178 2425 Repubblica«

55 2449 87 2500 X.
101 2451 155 2504 tot.
173 2459 197 2506 5.
212 2455 270 2519 lap.
283 2471 290 2520 ;
304 2471 320 2506 a
334 2454 462 2506 florenczi
477 2449 675 2514 levelthrban.)

585 2743 660 2804 298.

38 2921 40 2928 ·
60 2899 353 2992 hlnpyarorrzriqba
371 2903 494 2970 cablon
511 2899 687 2967 kiioeteinrlr
704 2899 889 2966 onelenczet'
905 2899 1189 2986 hormn'aytoncica

577 3010 670 3074 1349.

162 3169 266 3236 Anno
291 3166 557 3236 MGOOXl'rIX.
584 3169 635 3234 die
659 3168 704 3232 X.
723 3163 887 3233 Octobris.
906 3163 987 3230 (lum
1005 3165 1189 3232 habeantur

63 3297 138 3343 nora
165 3280 248 3345 satis
275 3283 375 3358 certa,
401 3277 488 3360 quod
513 3277 697 3342 mortalitas
724 3275 866 3340 maxima
882 3281 915 3338 et
932 3273 1073 3339 orrenda
1089 3275 1188 3338 estin

62 3387 206 3466 partibus
222 3386 412 3468 Hungarle;
430 3385 517 3467 quod
535 3385 562 3448 si
574 3386 620 3448 ita
631 3388 689 3464 est,
706 3405 770 3448 non
787 3386 874 3448 esset
888 3381 1008 3446 bonnm
1025 3401 1184 3464 exponere

63 3499 151 3562 tanto
167 3495 314 3580 periculo
329 3515 486 3577 personas
502 3499 688 3558 nostrorum
703 3487 983 3555 Ambaxatorum:
1000 3489 1091 3556 vadit
1101 3509 1187 3573 pars,

64 3604 146 3681 quod
172 3605 286 3669 statim
312 3603 474 3669 scribatur
498 3603 554 3682 eis,
571 3599 658 3683 quod
684 3605 711 3665 si
735 3598 920 3679 habuerint,
936 3616 1047 3663 rerum
1063 3615 1132 3662 esse
1148 3594 1189 3658 de

64 3712 222 3793 epydimie
249 3711 446 3795 supradicta,
472 3712 505 3774 in
532 3708 619 3775 dicto
644 3728 722 3802 casu
745 3707 958 3791 relinquimus
983 3706 1017 3769 in
1033 3703 1187 3770 libertate

65 3835 118 3882 sua
135 3817 234 3884 eundi
250 3823 283 3883 et
297 3838 362 3883 non
379 3817 476 3883 eundi
494 3815 536 3882 ad
560 3817 725 3882 dominum
741 3813 876 3895 Regem,
893 3811 976 3876 sicut
992 3811 1039 3874 eis
1056 3807 1107 3876 rel
1123 3829 1190 3875 ma·

65 3924 119 3992 iori
135 3926 225 4011 parti
243 3947 355 3992 eorum
373 3925 541 3990 videbitur.
557 3923 604 3988 Et
621 3925 647 3987 si
663 3921 912 3988 terminaverint
927 3917 967 3982 tle
983 3937 1048 3984 non
1073 3915 1188 3998 eundo,

66 4035 214 4101 uelociter
247 4034 339 4101 nobis
365 4032 556 4112 rescribant,
583 4039 730 4098 nostrum
756 4027 960 4114 expectando
985 4027 1191 4106 mandatum,

67 4139 106 4206 Et
127 4141 357 4208 nichilominus
382 4139 554 4207 notificent
580 4139 710 4206 domino
735 4138 821 4221 Regi
847 4156 906 4219 per
925 4132 1025 4199 verba
1042 4135 1190 4202 conveni-

68 4250 148 4317 entia
173 4268 316 4328 oausam,
341 4269 444 4332 quare
470 4269 535 4316 non
560 4246 683 4314 vadunt
698 4245 741 4310 ad
757 4263 890 4328 presens
906 4241 950 4308 ad
967 4237 1067 4308 Suam
1083 4242 1187 4308 Maie-

68 4363 186 4425 statem.
714 4429 718 4444 ,

168 4483 206 4548 (Α
222 4483 329 4538 abiisti«
346 4481 436 4534 czimtt
449 4477 586 4534 velenczei
601 4475 862 4544 allamktnyveknol
878 4475 965 4526 XXV.
979 4474 1038 4524 tot.
1056 4477 1114 4526 mo.
1128 4473 1191 4535 lev.)

547 4585 706 4600 --—---—-

107 4657 169 4696 uos.
184 4657 267 4696 auso.
283 4654 353 4694 aren.
369 4663 412 4680 -
428 4653 497 4691 acra
513 4653 573 4691 uxr.
589 4653 617 4690 11.
1042 4619 1084 4682 24
