3166 5256
412 346 456 414 98
772 353 1004 412 meuduncznu
1020 343 1188 412 smirne.

408 528 548 595 mictens
565 528 692 608 sotium,
708 532 759 594 set
774 523 919 592 hostium
933 531 1009 610 post
1025 546 1060 591 se
1075 525 1227 605 firmens3
1242 529 1532 608 nosqueenpoctes

414 657 521 703 semus
553 635 699 718 eundem,
730 635 861 718 iamque
891 633 1022 717 inipso
1048 633 1196 700 cubiculo
1221 639 1318 718 cepte
1335 630 1531 698 fuissemuss

411 765 548 830 sompno
564 765 603 810 ex
619 764 710 808 mora
737 741 839 807 nimia
869 763 969 826 quam
993 740 1165 807 trahebat:
1197 739 1308 806 nutrix
1326 761 1394 822 sua,
1409 739 1492 806 bone
1505 745 1534 804 et

412 851 555 918 honesta
578 849 719 932 dominc,
735 850 851 931 *ipsum
876 870 949 914 cum
980 847 1117 914 candele
1132 848 1219 931 cepit
1235 847 1331 912 anxie
1349 867 1489 930 querere,
1503 855 1532 911 et

387 937 391 964 ¹
415 957 551 1025 tandem
567 978 668 1043 prope
684 978 811 1023 murum
837 955 918 1022 dicti
942 957 1036 1040 parci
1053 977 1125 1021 eum
1140 955 1262 1039 reperit
1274 955 1466 1040 jugulatum.
1487 953 1533 1020 De

413 1087 479 1150 quo
495 1071 652 1150 quantum
667 1063 762 1131 nobis
777 1063 955 1148 lugendum
981 1069 1141 1146 occurrat,
1157 1085 1215 1130 nos
1231 1063 1377 1148 cogitare
1392 1085 1457 1129 non
1469 1083 1534 1146 pos·

413 1194 532 1254 sumne,
547 1194 652 1257 neque
668 1173 702 1236 in
719 1193 775 1238 cor
790 1179 902 1256 posset
919 1173 1094 1239 ascendere
1111 1171 1256 1238 alicuius.
1273 1173 1321 1238 Et
1335 1171 1462 1238 licetde
1476 1171 1535 1251 illo,

413 1301 518 1364 neque
533 1278 675 1345 inauditi
689 1277 787 1345 huius
812 1278 943 1344 sceleris
968 1280 1152 1363 patratione
1178 1279 1286 1363 potius
1302 1277 1388 1365 (lgy)
1403 1279 1533 1346 crudelis

413 1387 503 1453 facte
513 1387 661 1471 justitia:
678 1392 789 1452 tamen
814 1393 963 1471 respectu
988 1386 1202 1470 malignitatis
1226 1393 1414 1472 presumpte
1439 1388 1532 1453 omnis

411 1493 567 1578 rigiditas
584 1492 681 1560 debet
696 1493 840 1559 facilites
856 1497 1005 1577 reputari
1021 1501 1080 1560 eto.
1095 1495 1219 1561 Datum
1234 1493 1363 1583 Auerse
1373 1495 1433 1562 sub
1443 1495 1531 1562 anulo

412 1606 522 1667 nostro
540 1608 664 1670 secreto
680 1602 733 1678 die
749 1601 873 1669 XXH.
890 1601 1093 1686 Septembris
1110 1601 1236 1669 XIIIL
1252 1602 1451 1671 indictionis.

463 1850 469 1858 Ι
516 1782 553 1847 (Α
563 1783 692 1834 florenczi
705 1797 732 1834 u.
745 1799 772 1833 n.
788 1783 939 1834 »Archivio
953 1784 1027 1834 delle
1048 1783 1272 1848 Rilormegioni«
1285 1783 1458 1847 leveltrtrbdl,
1472 1784 1535 1836 Ood.

417 1875 457 1924 lo.
471 1873 510 1924 el.
525 1875 574 1923 xl.
589 1875 652 1935 dist,
665 1879 687 1923 1.
702 1875 749 1924 sol.
766 1870 838 1942 113.)

933 2345 985 2410 91.

410 2539 440 2606 Α
465 2535 621 2607 oeieoczei
653 2539 995 2628 leormdnytanc'csnclc
1031 2539 1228 2612 intdzkede'se
1253 2571 1276 2614 a
1302 2543 1417 2615 Jadra
1449 2549 1537 2616 elleui

766 2651 864 2715 darer
881 2651 1072 2737 tc'rpydban.
1089 2653 1188 2718 1345.

518 2842 616 2910 Anno
641 2840 878 2913 MOCOXLV.
904 2846 1082 2913 indictione
1108 2847 1209 2919 XIV.
1235 2849 1289 2918 die
1315 2849 1443 2920 XXIV
1462 2849 1536 2938 sep·

409 2950 553 3019 tsmbris.
580 2950 742 3034 Copta:
768 2949 937 3018 Scribatur
961 2951 1145 3039 Capitoneo
1165 2964 1278 3024 nostro
1294 2965 1393 3040 terre,
1409 2959 1469 3025 stb.
1484 2959 1536 3025 In·
1579 2993 1581 3000 ·

411 3081 509 3144 super
532 3058 697 3124 scribatur
722 3057 809 3124 dioto
830 3058 1022 3144 Capitonem
1038 3063 1161 3130 Oomiti
1175 3063 1262 3132 Arbi
1278 3073 1311 3132 et
1326 3068 1400 3133 aliis
1416 3071 1536 3135 nostris

410 3166 618 3248 Rectoribu8‚
644 3165 732 3248 quod
758 3168 825 3232 siut
850 3168 981 3235 solliciti
1006 3169 1148 3237 invenire
1173 3193 1331 3258 cursores,
1348 3177 1403 3259 qui
1418 3177 1537 3244 vadant

410 3277 445 3340 in
470 3275 680 3359 Hungariam
705 3274 747 3341 ad
767 3275 936 3342 sciendum
952 3277 991 3343 de
1007 3282 1098 3346 novis
1114 3282 1201 3348 etde
1216 3287 1321 3366 gente,
1338 3305 1401 3369 que
1415 3285 1537 3351 veniret
1580 3309 1581 3312 ¹

409 3381 504 3465 infre,
530 3388 564 3449 et
589 3381 629 3446 de
655 3382 741 3448 omni
761 3383 917 3468 novitate,
937 3405 1000 3467 que
1016 3385 1111 3452 fieret
1125 3388 1160 3453 in
1176 3391 1328 3472 partibus
1344 3391 1433 3475 ipsis,
1450 3391 1535 3459 etde

410 3488 484 3554 hinc
500 3491 621 3555 eooiam
646 3490 821 3555 mittantur
846 3512 1001 3559 cursores.

517 3595 676 3686 Capta:
702 3597 789 3664 Item
815 3599 1173 3670 scribaturOomitibns
1191 3604 1367 3671 Melodino
1384 3613 1417 3674 et
1432 3605 1534 3673 Paulo

409 3705 588 3786 Ostrovice,
613 3705 668 3786 qui
689 3715 765 3771 sunt
780 3708 906 3774 noviter
925 3710 1009 3775 uniti
1025 3711 1200 3794 nobiscum,
1216 3733 1289 3778 oum
1304 3716 1456 3782 ortativis
1471 3714 1536 3782 uer·
1580 3735 1581 3740 ¹

408 3808 463 3878 bis
482 3811 524 3878 ad
550 3818 698 3877 nostram
723 3812 926 3900 fidelitatem,
952 3837 1014 3900 que
1040 3818 1242 3903 videbuntur,
1259 3822 1439 3889 secundum
1465 3844 1535 3889 con·

408 3917 517 3982 silium
532 3919 733 4002 provisorum
750 3927 948 3992 nostrorum.

407 4079 443 4141 (A
458 4081 584 4131 »Secreto
598 4082 713 4132 Consilii
726 4085 844 4148 linguis
859 4085 906 4134 Lit
917 4085 941 4134 A
952 4087 1004 4138 vol.
1021 4089 1043 4137 l.
1057 4101 1063 4153 ;
1077 4103 1094 4136 n
1104 4089 1243 4141 velencsei
1256 4105 1330 4156 nagy
1344 4091 1537 4155 leveltsrbsn.)
