3134 5252
752 353 989 401 nrrriouuozruu
1004 314 1173 399 nminem.
1218 347 1220 352 ’

922 608 997 671 142.

389 773 590 838 LJouanua
616 769 747 834 sicilici
768 769 924 856 kirdlync'
939 795 960 834 a
977 769 1144 834 bdborura
1161 767 1343 854 feluzdllc'td
1366 762 1503 830 tuatiutt-

573 882 695 965 udmya't
712 879 798 964 epdaz
814 880 1015 966 oruquuiban
1031 877 1108 944 teuzi
1124 877 1223 942 lutiaae'.
1242 878 1338 940 1346.

497 1037 651 1105 Johauna
682 1047 740 1106 etc.
765 1041 963 1106 Justiciario
989 1038 1094 1104 Terre
1121 1035 1262 1103 Laboris
1288 1041 1321 1099 et
1337 1033 1502 1098 Comitatus

391 1149 514 1233 Molisij
544 1155 603 1214 etc.
629 1147 719 1214 Scire
746 1155 778 1214 te
804 1150 961 1228 solumne,
987 1144 1075 1230 quod
1100 1167 1202 1230 nuper
1227 1145 1367 1209 edictum
1387 1140 1504 1207 fecimus

392 1256 573 1340 subscripte
588 1278 647 1340 per
664 1257 772 1322 omnia
788 1257 900 1321 seriei:

500 1365 525 1431 J
527 1364 657 1430 ohanna
681 1364 743 1432 stb.
769 1363 972 1451 (kduetlreuik
996 1362 1025 1430 L
1049 1362 1204 1448 ,Iohanne
1230 1361 1347 1428 siciliai
1363 1359 1504 1443 kirtlyn'e

393 1472 459 1539 nak
476 1471 770 1557 kduhirdetmenye,
789 1472 872 1538 mint
887 1470 1021 1536 fentebb
1040 1476 1113 1537 139.
1130 1492 1172 1535 sz.
1189 1470 1231 1556 a)

501 1579 549 1645 Vt
575 1586 682 1646 autern
708 1579 828 1664 prefati
846 1580 943 1646 edicti
958 1579 1058 1644 series
1073 1581 1108 1643 in
1124 1579 1276 1643 notitiam
1292 1578 1441 1642 deueniat
1456 1573 1505 1638 siu

393 1687 551 1770 gulorum‚
577 1689 724 1754 volumus
744 1695 777 1754 et
793 1697 848 1754 tue
864 1688 1015 1754 fidelitati
1030 1688 1235 1772 presencium
1250 1693 1363 1751 tenore
1379 1683 1504 1749 decerta

393 1802 507 1862 nostra
533 1797 671 1861 sciencia
696 1797 901 1880 precipimus,
926 1803 1086 1880 quatenus
1104 1794 1203 1860 edicti
1220 1794 1393 1860 memorati
1408 1790 1505 1855 seriem

394 1910 426 1970 et
442 1909 587 1969 tenorem
597 1925 655 1987 per
665 1902 810 1985 singulas
826 1911 933 1970 terras
944 1909 976 1968 et
985 1904 1058 1969 loca
1073 1903 1098 1969 J
1099 1900 1322 1968 urisdiccionis
1332 1907 1396 1978 tue
1411 1900 1505 1964 etiam-

395 2012 424 2076 si
449 2009 648 2095 Oapitaneos
672 2010 826 2094 habeant,
852 2010 1006 2094 divulges,
1032 2017 1065 2076 et
1090 2033 1149 2094 per
1174 2009 1393 2094 competenoia
1420 2005 1506 2071 facias

394 2117 514 2184 Officia
539 2116 708 2199 divulgari.
740 2116 864 2182 Datum
889 2116 1033 2201 Neapoli
1058 2139 1117 2201 per
1144 2117 1281 2183 eundem
1308 2112 1504 2183 venerabilem
1560 2161 1561 2164 η

393 2231 522 2309 patrem
546 2230 606 2290 etc.
631 2246 716 2290 anuo
741 2225 874 2290 Domini
898 2223 1157 2296 MOOOXLVI.
1183 2225 1234 2290 die
1249 2224 1388 2294 XVIIL
1403 2219 1505 2300 Marcij

395 2332 520 2400 ΧΙΠΙ.
536 2333 733 2398 indictionis.

504 2439 631 2506 Eodem
655 2441 707 2505 die
732 2439 877 2507 eiusdem
901 2441 1021 2509 ibidem
1038 2441 1160 2507 similes
1176 2439 1263 2506 fecte
1280 2447 1357 2505 sunt
1371 2439 1395 2506 J
1396 2435 1507 2504 usticia-

396 2549 456 2633 rijs
473 2548 558 2613 citra
584 2555 618 2613 et
643 2548 737 2627 vltra,
755 2549 856 2615 Terre
880 2549 971 2630 Bari,
988 2548 1233 2632 Capitoneatus‚
1250 2547 1354 2613 Terre
1370 2544 1508 2620 Ydruuti,

397 2652 558 2737 Calabria
569 2655 677 2724 Vallis
695 2655 816 2722 Gracio
833 2664 865 2722 et
881 2657 985 2722 Terre
1001 2657 1170 2738 Yordaue,
1185 2656 1375 2738 Basilieate,
1392 2652 1508 2738 Aprutii
1560 2705 1561 2708 ,

396 2760 482 2827 vltra
498 2769 532 2828 et
546 2764 631 2828 citra
645 2761 765 2828 flumen
779 2764 961 2829 Piscaunm.

505 2927 540 2990 (A
566 2927 701 2992 »Registri
715 2928 865 2990 Auginum«
888 2928 922 2978 A.
937 2931 996 2978 349.
1011 2943 1048 2977 uz.
1062 2942 1087 2976 a.
1098 2927 1168 2992 Reg.
1182 2927 1328 2978 Johannae
1341 2927 1363 2977 I.
1376 2925 1506 2984 noceretur,

397 3015 458 3067 208.
478 3016 542 3078 lev.)

882 3197 1042 3208 ——n———na-

940 3395 1016 3496 143J

399 3593 439 3658 A.
457 3590 609 3659 velenczei
635 3595 981 3681 kormdaytaadesnak
1005 3595 1170 3661 utaeitdso
1196 3595 1379 3663 Atussa-tuba
1404 3595 1511 3662 cultor

400 3703 519 3768 uoueret
543 3707 697 3768 saumuro
721 3704 745 3765 I.
773 3705 871 3788 Lajoa
894 3726 1034 3790 mappas·
1057 3704 1170 3790 kirnty
1192 3705 1407 3772 tekintete'ben.
1432 3704 1512 3771 1346.
1559 3729 1561 3734 ·

507 3862 606 3930 Anno
623 3861 881 3930 MOCOXLVI.
894 3863 945 3928 die
956 3861 1083 3929 XXIV
1092 3865 1221 3944 Marcii,
1233 3863 1411 3930 indictione
1429 3859 1512 3930 XIV.

403 3967 563 4054 Capta:
587 3971 770 4036 Intellectis
788 3977 820 4036 et
836 3972 1029 4036 examinatis
1052 3971 1189 4036 litterris
1205 3978 1392 4038 nostrorum
1407 3970 1513 4038 Amba-

398 4085 550 4144 xatorum
566 4079 738 4144 missorum
754 4078 798 4144 ed
812 4078 976 4143 dominum
992 4077 1117 4146 Ducem
1133 4078 1280 4160 Austrie,
1296 4080 1513 4165 requirentium
1559 4087 1560 4090 ’

399 4184 463 4250 sibi
488 4186 637 4252 celeriter
663 4187 867 4273 responderi:
884 4187 973 4253 vadit
998 4208 1085 4271 pare,
1110 4187 1197 4271 quod
1222 4189 1456 4272 respondeatur
1470 4187 1514 4267 eis,

400 4297 655 4363 commendando
674 4295 913 4380 providenciam
929 4319 1031 4379 suam,
1047 4318 1119 4360 cum
1135 4300 1170 4360 iu
1185 4298 1337 4365 omnibus
1354 4297 1514 4382 prudenter

398 4400 542 4482 feceriut,
559 4410 592 4468 et
609 4407 823 4471 sustinuerint
838 4406 911 4471 iure
926 4409 1048 4470 nostra.
1058 4405 1106 4470 Et
1123 4404 1201 4486 quia
1217 4407 1421 4489 scripserunt
1435 4403 1514 4470 nubis

400 4531 435 4578 se
452 4509 593 4593 credere,
610 4513 696 4593 quod
713 4513 860 4579 dominus
881 4511 956 4577 Rex
973 4534 1006 4578 se
1022 4511 1200 4578 removebit
1216 4536 1236 4579 a
1252 4513 1452 4580 molestando
1468 4529 1514 4576 uos
