3166 5256
18 467 24 550 t

18 559 20 614 l

486 315 490 322 ’
586 341 681 406 lars.
1127 336 1190 400 lar

88 520 200 586 soluisse
223 521 257 586 et
281 519 475 603 assignasse,
497 519 530 584 in
553 519 643 586 dicta
665 525 756 586 terra
779 514 919 602 Gerasii,
934 522 967 584 vt
983 515 1128 603 superius
1146 521 1197 582 est

85 648 256 713 expressum.
282 627 450 713 Scriptum
474 634 506 694 ct
529 634 638 695 actum
662 628 724 710 die,
746 626 827 712 loco,
849 648 959 694 mense
974 631 1007 694 et
1021 625 1196 692 indictione

18 767 20 802 ε
84 737 236 820 premissis

18 917 21 988 ζ
85 863 165 962 (biche
184 900 281 952 sciolte
301 903 346 954 42.
360 899 443 964 eadm,
462 915 494 953 az
513 901 587 952 elasa
606 899 657 951 kir.
677 897 787 952 Grande
805 899 994 952 Archivioban
1013 898 1198 967 Nepolybon.)

18 1089 22 1192 l

18 1317 22 1362 ι

18 1423 20 1514 l

18 1517 21 1568 1

18 1781 23 1836 r

18 1877 21 1950 1

18 1953 20 1966 1

553 1077 713 1094 ρι-ι--Π-

599 1315 671 1380 129.

86 1475 269 1542 redemti
285 1477 562 1564 kornrdcytcadcs
577 1473 689 1544 tilbert
699 1475 863 1544 curatrici
872 1477 998 1564 lerczey
1014 1475 1118 1540 kduete
1128 1475 1201 1541 (11111

86 1585 317 1673 ckdztdrrcadq
343 1587 533 1673 dardtadpctt
558 1587 710 1674 tansmija
736 1579 764 1650 Ι.
790 1587 891 1674 Lojcs
916 1603 1055 1674 mappas
1086 1582 1202 1674 kirtly

18 1699 20 1746 !

538 1693 629 1759 iaciat
645 1694 741 1760 1346.

178 1852 277 1920 Anno
307 1851 547 1924 MOOOXLV.
577 1853 630 1920 dic
660 1855 765 1939 primo
797 1852 992 1936 Februarii,
1022 1849 1202 1920 indictione

18 1969 23 2044 1
87 1959 176 2030 XIV.
189 1961 354 2030 Dominus
369 1961 456 2043 Dux,
486 1961 682 2042 Consilierii‚
697 1961 826 2050 Capita,
843 1961 1025 2048 Sapientes.
1042 1961 1203 2047 Capta:

87 2067 174 2154 Quod
188 2072 426 2155 respondeatur
451 2092 524 2136 cum
548 2071 672 2155 pulcris
697 2071 805 2138 verbis
830 2068 1049 2139 Ambaxatori
1079 2069 1203 2138 domiui

85 2176 177 2259 Ducis
190 2176 338 2263 Austris,
353 2178 568 2262 regraciando
584 2180 647 2262 ipsi
663 2177 794 2244 domino
818 2179 906 2247 Duci
930 2179 970 2244 de
994 2180 1080 2246 bona
1095 2179 1204 2244 volun·

87 2291 152 2366 tate,
162 2307 258 2368 quam
273 2283 398 2350 habere
415 2285 558 2352 ostendit
573 2284 615 2351 ad
632 2291 779 2351 nostrum
794 2285 995 2366 Domitium,
1005 2291 1039 2352 et
1055 2285 1096 2351 de
1112 2291 1204 2352 motu

18 2472 24 2494 Ι
86 2399 113 2456 et
126 2393 290 2476 proposito
305 2391 465 2460 laudabili
481 2414 539 2460 sue
563 2389 768 2476 Ambaxatc3
792 2391 939 2475 dicendo,
956 2393 1041 2477 quod
1058 2416 1131 2460 cum
1147 2394 1205 2459 do-

86 2501 164 2566 minc
179 2499 270 2584 Rege
287 2497 462 2584 Hungarie
477 2521 543 2565 non
567 2499 722 2566 habemus
748 2523 789 2566 ex
819 2507 914 2585 parte
930 2506 1044 2566 nostra
1060 2501 1205 2586 aliquam

80 2618 207 2674 'eausam
224 2607 447 2689 discensionis,
462 2608 526 2672 imo
543 2607 585 2672 ad
601 2609 722 2675 dictum
734 2609 902 2676 dominum
912 2609 1038 2694 Regem
1048 2609 1205 2692 gessimus

33 2777 37 2785 .
86 2721 114 2780 ct
127 2716 261 2798 gerimus
285 2715 462 2799 specialem
484 2717 702 2781 reverenciam
729 2721 762 2782 et
786 2737 939 2795 amorem,
955 2721 1055 2800 prout
1070 2715 1205 2782 iacimus

87 2846 150 2889 cum
164 2827 228 2890 suis
243 2822 537 2909 predecessoribus,
564 2824 691 2907 quibus,
707 2830 741 2891 et
767 2826 953 2909 specialiter
969 2822 1103 2892 domino
1119 2823 1205 2907 Regi

86 2935 165 3016 patri
179 2954 245 3013 suo,
261 2937 297 2998 et
312 2930 441 2998 domine
466 2930 592 3016 Regina
623 2934 693 2998 eius
709 2933 818 3013 matri,
834 2931 968 3000 fecimus
983 2954 1042 3018 per
1057 2937 1206 3018 tempora

88 3040 187 3126 elapsa
202 3039 359 3106 honorem
375 3044 409 3104 et
424 3037 554 3122 placere
571 3043 687 3105 nostro
703 3059 809 3123 posse,
825 3040 910 3106 sicut
925 3047 975 3106 est
986 3039 1205 3106 manifestum.

88 3146 172 3214 Etis
186 3148 273 3214 dicto
290 3167 399 3212 amore
417 3151 450 3210 et
465 3145 638 3212 devotione
670 3168 789 3230 sumus,
814 3147 1011 3216 intendimus
1027 3165 1097 3213 esse
1113 3151 1146 3214 et
1161 3147 1206 3212 vi-

89 3274 153 3322 uere
167 3277 238 3321 cum
253 3253 384 3339 prelato
400 3252 529 3320 domino
561 3252 663 3339 Rege,
679 3261 712 3321 ct
727 3255 833 3340 ipsum
859 3255 981 3323 babere
996 3276 1056 3340 pro
1073 3254 1207 3339 speciali

89 3367 118 3426 et
131 3360 309 3430 honorabili
325 3361 430 3427 amico
455 3362 560 3428 nostri
584 3360 740 3428 Dominii.
759 3361 825 3430 Sed
849 3364 877 3430 si
902 3365 972 3448 ipse
997 3362 1207 3430 Ambaxator

89 3473 219 3550 sentiret,
245 3469 334 3554 quod
353 3468 503 3534 dominus
528 3469 602 3536 Rex
628 3470 763 3552 diceret,
787 3471 875 3555 quod
900 3471 1037 3538 haberet
1060 3471 1207 3555 aliquam

88 3579 298 3646 bulationem
313 3597 393 3662 erga
418 3597 487 3658 nos,
512 3597 654 3644 essemus
680 3585 714 3645 et
729 3601 839 3646 sumus
855 3579 1010 3662 contenti,
1029 3577 1117 3663 quod
1138 3578 1208 3660 ipse

89 3684 225 3753 dominus
250 3685 328 3752 Dux
353 3685 396 3749 sit
420 3675 593 3767 mediator,
617 3687 691 3769 plus
718 3685 883 3753 confidens
907 3687 947 3752 de
972 3687 1043 3770 ipso
1076 3684 1207 3751 dominc

89 3794 178 3878 Doce,
192 3815 291 3881 qnam
307 3792 347 3858 de
361 3791 520 3876 Principe
536 3793 648 3878 aliquo
664 3795 785 3876 mundi,
802 3816 938 3880 sperans
955 3795 1043 3879 quod
1059 3815 1118 3878 per
1134 3813 1208 3858 eum

18 3901 20 3964 l
91 3899 174 3968 fieret
187 3905 231 3988 id,
247 3900 335 3986 quod
350 3907 437 3966 esset
452 3899 557 3965 honor
584 3921 660 3967 suus
686 3909 719 3968 et
743 3902 863 3969 bonum
888 3904 1018 3970 amoris.
1036 3903 1084 3969 Et
1108 3901 1212 3966 domi·

18 4071 20 4110 ,
90 4031 146 4076 nus
167 4011 250 4092 Dux,
265 4006 468 4092 Consiliarii,
485 4005 608 4093 Capita
623 4012 656 4076 et
673 4007 846 4094 Sapientes
862 4010 1007 4077 habeant
1023 4009 1210 4075 libertatem

90 4119 296 4186 ratiocinandi
320 4139 393 4184 cum
419 4116 507 4183 dicto
534 4114 768 4200 Ambaxatcre,
794 4141 855 4204 pro
874 4119 1037 4186 trahendo
1054 4122 1213 4203 quantum

18 4210 20 4328 1
90 4225 159 4308 Plus
172 4232 321 4312 poterunt
342 4224 384 4290 ab
399 4245 445 4290 eo.
460 4223 505 4290 st
520 4245 594 4290 cum
610 4245 656 4308 eo,
673 4227 761 4310 quod
778 4227 962 4310 habuerint,
977 4225 1125 4293 venietur
1139 4224 1204 4290 huo

92 4339 124 4398 et
139 4332 188 4400 iot
201 4337 281 4402 sicut
296 4333 469 4402 videbitur.

251 4499 286 4562 (A
301 4498 430 4548 ,Secreta
443 4493 554 4546 Consilii
567 4493 819 4562 Eugamium-bol
831 4499 879 4550 Lit
892 4497 924 4551 A.
938 4499 992 4548 vol.
1008 4496 1043 4562 1.)
