3214 5260
390 332 455 396 470
704 313 707 320 ’
749 347 983 393 nrrnouaczrur
1000 333 1168 392 nunbunn.

389 509 476 590 Dux,
491 508 649 574 Dominus
673 484 800 591 Quarta
826 505 940 572 Partis
956 515 989 573 et
1006 506 1137 572 dimidie
1166 507 1267 572 totius
1294 507 1433 592 Imperii
1457 509 1514 576 Ro·

390 618 506 699 menie,
516 616 556 682 de
573 615 740 680 voluntate
757 620 790 679 et
807 636 965 680 consensu
991 635 1120 679 suorum
1138 613 1356 679 Consiliorum
1372 615 1515 695 Minoris,

389 725 594 810 Rogatorum
610 730 643 789 et
658 722 725 788 XL
742 721 784 786 ad
800 721 1011 806 infrascripta
1026 721 1070 786 ad
1087 742 1200 786 sonum
1217 741 1376 806 campane
1393 729 1427 788 et-
1443 744 1514 788 roca

388 833 544 918 preconia
567 852 656 897 more
682 830 778 896 solito
804 835 1088 914 congregatorum,
1112 829 1281 914 inquibus
1299 828 1511 896 interfuerunt

389 944 462 1028 plus
493 963 592 1025 quam
623 939 685 1005 due
716 945 826 1022 partes
857 937 1020 1004 dictorum
1053 936 1282 1020 Consiliorum,
1315 946 1347 1004 et
1373 939 1513 1005 homines

391 1051 553 1117 dictorum
570 1045 790 1113 Consiliorum
808 1047 848 1112 de
865 1048 1064 1112 auctoritate
1081 1053 1114 1112 et
1129 1067 1289 1112 consensu
1304 1046 1387 1112 dicti
1402 1045 1513 1112 domini

391 1157 494 1224 Ducis
520 1164 552 1222 et
577 1177 652 1222 cum
677 1177 715 1221 eo
740 1155 937 1222 unanimiter
963 1162 996 1219 et
1021 1156 1227 1221 concorditer
1252 1157 1382 1220 nemine
1408 1156 1514 1221 discre-

391 1269 490 1350 pante
506 1265 571 1331 suis
582 1263 768 1330 nominibus
784 1271 816 1327 et
832 1285 893 1348 pro
910 1285 943 1328 se
960 1263 1041 1348 ipsis
1053 1270 1206 1328 eteorum
1219 1263 1468 1345 successoribus,
1483 1284 1516 1328 ac

391 1373 521 1439 nomine
539 1379 571 1438 et
587 1373 657 1437 rice
674 1369 862 1437 Communis
878 1370 1098 1437 Veneciarum
1114 1369 1269 1454 lecerunt,
1280 1371 1516 1438 constituerunt

395 1487 428 1546 et
443 1479 679 1546 ordinaverunt
704 1478 830 1545 nobiles
854 1479 940 1546 viros
959 1477 1105 1544 dominos
1121 1476 1273 1543 Marcum
1289 1477 1451 1544 Comaric
1466 1479 1518 1544 mi·

392 1589 483 1656 litem
502 1591 535 1653 et
552 1585 719 1652 Marinum
746 1584 899 1652 Grimani
917 1585 1126 1654 honorabiles
1143 1587 1290 1650 concives
1308 1585 1519 1653 Veueciarum

394 1696 545 1762 absentes
561 1701 720 1779 tanquam
747 1701 913 1777 presentes
929 1715 1004 1760 suos
1020 1701 1053 1760 et
1068 1694 1149 1760 dicti
1165 1692 1352 1760 Communis
1367 1693 1520 1772 Sindiccs,

391 1803 632 1885 Procuratores,
656 1799 797 1868 Antores
823 1810 856 1868 et
880 1801 1027 1868 Nuncios
1044 1802 1211 1886 speciales
1228 1808 1261 1867 et
1276 1802 1459 1885 quemlibet
1473 1823 1520 1868 eo·

392 1933 466 1978 rum
491 1912 526 1976 in
552 1910 702 1994 solidum,
726 1911 775 1976 ita
791 1911 877 1995 quod
895 1932 959 1975 non
976 1911 1019 1974 sit
1036 1910 1146 1995 potior
1162 1908 1307 1975 conditio
1324 1912 1520 1996 occupantis,

393 2019 449 2086 sed
466 2019 553 2104 quod
569 2042 652 2085 uuus
668 2039 779 2085 eorum
795 2021 964 2103 inceperit,
980 2020 1064 2084 alter
1081 2018 1223 2084 mediare
1238 2019 1351 2102 possit,
1367 2019 1519 2103 prosequi

392 2132 427 2195 at
443 2126 554 2206 finire;
578 2127 764 2211 specialiter
789 2126 831 2192 ad
856 2128 999 2193 eundum
1024 2133 1056 2192 et
1081 2125 1337 2192 conveniendum
1362 2132 1432 2192 tam
1448 2149 1517 2192 cum

394 2235 608 2302 Serenissimo
625 2242 657 2300 et
669 2234 803 2300 Illustre
815 2234 945 2300 domiuo
957 2234 1124 2300 Lodorico
1138 2231 1203 2298 Dei
1213 2234 1322 2316 gratia
1331 2233 1425 2318 Rege
1434 2235 1521 2301 Hun-

393 2343 493 2426 garis,
508 2364 606 2426 quam
622 2364 694 2408 cum
710 2341 968 2426 quibuscumque
984 2340 1229 2422 tractatoribus,
1245 2340 1387 2422 sindicis,
1403 2341 1520 2408 nuntiis

394 2459 426 2516 et
443 2450 706 2536 procuratoribus
722 2449 919 2532 deputandis
936 2448 978 2515 ab
995 2470 1042 2528 eo,
1058 2454 1091 2512 et
1107 2446 1151 2513 ad
1166 2448 1388 2530 tractandum,
1407 2449 1521 2516 facien

395 2558 481 2639 dum,
498 2556 727 2641 complendum
743 2562 777 2622 et
792 2555 986 2622 firmandum
1003 2556 1170 2639 legiptime
1182 2576 1304 2638 pacem,
1320 2563 1427 2640 pacta,
1444 2578 1521 2623 com-

394 2666 579 2749 positiones,
605 2664 852 2746 declarationes,
877 2665 1115 2744 conventiones,
1141 2663 1347 2728 concordiam
1374 2670 1406 2729 et
1422 2669 1521 2730 traua

393 2774 553 2838 actionem
570 2794 629 2856 pro
646 2777 719 2856 ipso
746 2773 877 2837 domiuo
903 2772 996 2837 Duce
1013 2777 1046 2836 et
1062 2769 1240 2836 Commune
1256 2770 1478 2837 Veneciarum
1491 2777 1521 2835 et

395 2901 508 2946 eorum
532 2880 771 2946 successoribus
789 2886 955 2963 perpetuu,
972 2885 1004 2945 et
1019 2900 1077 2962 pro
1095 2879 1161 2944 suis
1188 2879 1403 2962 complicibus
1420 2878 1521 2945 subdi·

395 2990 445 3068 tis,
461 2986 704 3069 adlrereutibus,
721 2985 913 3070 sequacibus
930 2991 962 3050 et
978 2985 1100 3066 amicis,
1117 2985 1156 3050 de
1173 2986 1321 3051 omnibus
1338 2993 1372 3051 et
1389 2986 1521 3070 singulis

395 3093 518 3174 litibus,
545 3093 695 3176 querelis,
720 3092 944 3176 petitionibus,
969 3094 1197 3158 controversiis
1229 3099 1263 3158 et
1288 3093 1524 3176 questionibus,

396 3201 576 3284 discordiis,
593 3200 793 3281 differentiis,
820 3202 948 3266 damnis
966 3209 998 3267 et
1014 3201 1248 3268 offensionibus
1268 3200 1521 3284 quibuscumque

396 3308 472 3372 binc
491 3307 565 3372 iudo
591 3307 693 3372 illatis
719 3314 750 3371 et
777 3307 882 3388 factis,
909 3309 1052 3374 realibus
1069 3315 1102 3372 et
1117 3308 1342 3392 personalibus
1360 3315 1394 3374 et
1409 3309 1522 3388 mixtis,

396 3413 707 3499 quomodocumque,
719 3415 925 3498 ubicumque,
938 3417 1216 3499 qualitercumque
1233 3423 1267 3480 et
1282 3437 1342 3500 per
1358 3438 1522 3499 quoscum·
1591 3479 1596 3486 .

396 3544 458 3607 que
484 3523 578 3588 illata
602 3533 634 3588 et
659 3523 748 3589 facta
773 3523 948 3604 extiterint,
975 3530 1008 3588 ct
1036 3544 1237 3606 quocumque
1262 3530 1419 3608 tempore,
1436 3532 1468 3588 et
1483 3523 1521 3587 ad

396 3629 579 3698 faciendum
595 3632 627 3695 in
645 3636 678 3695 et
694 3654 754 3715 pro
770 3631 928 3715 predictis
945 3637 978 3696 et
994 3631 1139 3714 quolibet
1163 3630 1385 3714 predictorum
1402 3652 1521 3698 omnem

397 3739 651 3824 promissionem,
668 3740 903 3821 remissionem,
919 3738 1016 3803 finem
1032 3746 1064 3803 et
1079 3738 1316 3818 liberationem,
1334 3763 1397 3824 que
1413 3742 1460 3804 eis
1476 3738 1521 3802 rel

397 3869 508 3914 eorum
533 3849 631 3914 alteri
656 3847 862 3928 videbuntur,
888 3853 922 3910 at
945 3846 988 3910 ad
1012 3845 1222 3928 obligandum
1239 3846 1345 3930 ipsum
1363 3847 1521 3912 dominum
1601 3889 1603 3908 ι

396 3957 521 4023 Ducem
538 3964 571 4022 et
587 3955 765 4022 Commune
777 3954 992 4021 Venetiarum
1009 3963 1042 4019 et
1058 3975 1132 4020 suos
1148 3975 1349 4021 successores
1366 3964 1519 4021 eteorum

396 4069 483 4135 bona
508 4088 568 4152 pro
594 4064 811 4150 adimplendis
836 4069 869 4128 et
893 4063 1062 4128 servandis
1082 4062 1233 4129 omnibus
1249 4070 1283 4129 et
1298 4064 1445 4148 singulis,
1462 4083 1520 4146 qua
1602 4113 1603 4156 3

398 4174 478 4242 dicti
495 4171 621 4240 Sindici
646 4173 696 4238 rel
721 4193 832 4238 eorum
857 4170 941 4236 alter
966 4171 1176 4254 promiserint
1201 4179 1234 4237 et
1257 4171 1408 4250 fecerint,
1428 4179 1461 4237 et
1484 4172 1520 4235 de

397 4282 556 4368 predictis
574 4290 607 4348 et
622 4280 770 4367 quolibet
786 4301 897 4344 eorum
915 4301 986 4344 curn
1004 4280 1151 4344 omnibus
1162 4287 1192 4344 et
1205 4281 1341 4364 singulis
1354 4281 1520 4365 solempni-

398 4390 533 4470 tatibus,
551 4388 824 4474 stipulationibus,
841 4387 1102 4470 obligationibus
1121 4389 1425 4470 renuntiationibus,
1440 4390 1519 4454 iura·

399 4500 525 4582 mentia,
550 4502 649 4585 penis,
674 4499 912 4566 adiectionibus
937 4505 969 4562 et
994 4498 1068 4563 aliis
1093 4497 1247 4565 clausulis
1282 4497 1519 4584 quibuscunque
1601 4569 1603 4578 γ
