3214 5260
384 333 449 400 422
724 351 945 397 statonicem
964 338 1130 422 euterun.

384 523 454 582 tum
470 513 612 600 Neapolj
638 533 697 596 per
721 510 871 594 Sergium
896 509 1019 576 domini
1035 507 1174 578 Vrsouis
1190 514 1252 575 etc.
1269 507 1368 578 Anno
1381 507 1510 578 Domini

386 619 593 690 MCOOLII.
610 620 663 685 die
680 619 785 702 primo
802 619 827 686 J
828 619 896 703 unij
924 617 967 685 V.
981 618 1179 701 indictionia
1194 617 1386 702 Regnorum
1402 617 1513 698 nostri,
1575 683 1582 690 ,,

395 730 498 816 Regis
514 749 599 794 enno
616 725 688 807 IV.,
704 725 807 822 nostri
823 746 902 792 uero
918 725 1048 808 Regina
1064 745 1148 791 anno
1165 723 1212 789 X.

580 875 616 938 (A
630 873 772 938 ›Begirtri
785 872 934 939 Angioini‹
950 873 1073 926 emlitett
1085 873 1230 923 kbtetebbl
1244 877 1287 922 88.
1301 875 1332 934 l.)

393 1139 395 1144 ,
501 1068 551 1154 D)
575 1069 767 1136 Ludouicus
793 1074 827 1135 et
851 1067 1007 1134 Johanna
1032 1073 1091 1133 etc.
1117 1068 1277 1136 vniuersis
1301 1069 1459 1154 presentis
1473 1069 1518 1132 in·

391 1179 476 1263 dultj
495 1179 609 1244 seriem
626 1179 825 1263 inspecturis
841 1183 910 1243 tam
925 1177 1130 1260 presentibus
1157 1197 1255 1258 quam
1271 1176 1400 1243 futuris
1416 1175 1452 1242 Si
1467 1176 1518 1241 be-

298 1343 302 1349 .
391 1286 536 1370 nignitas
553 1286 719 1369 Principis
734 1308 793 1370 per
809 1285 903 1368 culpe
920 1283 1136 1349 deliramenta
1145 1284 1339 1350 cedentibus
1352 1285 1519 1350 clementer

393 1393 567 1477 ignoscens
583 1392 808 1460 misericordie
813 1391 948 1476 januam
959 1391 1074 1474 aperit,
1085 1397 1118 1455 et
1127 1390 1160 1454 in
1171 1393 1349 1456 contractis
1366 1413 1423 1475 per
1438 1393 1519 1456 inor·

396 1501 510 1566 dicate
524 1501 705 1566 voluntatis
722 1521 887 1566 excessum
907 1499 961 1581 pio
977 1500 1136 1564 instinctu
1152 1499 1298 1564 lenitatis
1314 1499 1441 1566 veniam
1455 1498 1519 1582 pol·

395 1609 531 1686 licetur;
554 1613 631 1673 tnnc
648 1609 717 1672 eius
735 1606 852 1671 solium
879 1605 1076 1670 fulcimentis
1101 1606 1217 1670 validis
1234 1607 1372 1671 decorat
1386 1613 1419 1671 et
1433 1607 1519 1672 robo-

394 1721 458 1800 ret,
475 1738 548 1781 cum
564 1715 650 1781 lecte
675 1715 858 1800 pollicionis
883 1715 1024 1797 gratiam
1045 1716 1239 1798 pertinentis
1256 1715 1415 1781 instantia
1430 1713 1518 1798 perfi-

395 1826 439 1890 cit
454 1832 487 1892 et
502 1847 560 1908 per
576 1824 725 1890 effectum
740 1846 797 1890 sue
812 1823 963 1908 largiflue
978 1822 1190 1889 liberalitatis
1200 1824 1369 1908 adimplet
1386 1823 1469 1890 Sene
1484 1843 1517 1886 er

396 1932 566 2000 inuesione
590 1940 624 1997 et
649 1932 862 2015 occupatione
886 1931 997 2014 hostilj
1024 1931 1183 1996 aduersus
1209 1954 1267 1997 nos
1281 1931 1371 1997 fecta
1386 1932 1425 1996 de
1439 1930 1518 1996 dicto

393 2039 515 2124 Regno
532 2039 643 2107 Sicilie
659 2041 779 2106 dudum
805 2061 863 2123 per
889 2038 1059 2104 illustrem
1075 2035 1221 2122 Vngarie
1238 2038 1366 2124 Regem
1380 2044 1452 2105 tunc
1466 2057 1518 2122 pu·
1581 2101 1583 2112 A

393 2147 520 2232 plioum
536 2148 660 2213 hostem
688 2152 847 2227 nostrum,
872 2167 1013 2230 suosque
1039 2145 1193 2212 salitores
1217 2153 1250 2212 et
1273 2154 1404 2231 gentem
1418 2165 1517 2230 quem·
1581 2131 1583 2142 ⁴

398 2255 510 2339 plures
526 2276 565 2320 ex
582 2253 782 2321 Ciuitatibus
799 2259 832 2319 et
846 2253 936 2334 locis,
961 2274 1001 2318 ec
1025 2253 1240 2336 Magnetibus
1256 2260 1289 2319 et
1305 2253 1514 2336 singularibus

398 2362 546 2447 personis
561 2361 635 2448 alijs
650 2361 759 2446 Regni
775 2361 919 2426 eiusdem
946 2358 1067 2426 Sancte
1082 2360 1231 2428 Romane
1246 2359 1369 2427 Matris
1383 2356 1516 2427 Ecclesia
1559 2413 1561 2416 .
1582 2375 1583 2378 ¹

400 2467 587 2535 obedientie
604 2477 637 2535 et
653 2471 842 2535 reuerentia
866 2467 1083 2550 perimpenee,
1109 2467 1279 2551 nostrique
1296 2467 1433 2534 nominis
1448 2465 1516 2530 fide
1582 2471 1583 2542 ἶ

400 2576 492 2642 litate
518 2576 711 2660 postposita,
737 2575 927 2660 quinpotius
944 2574 1106 2656 abiurata,
1134 2580 1290 2658 patenter
1316 2575 1421 2640 eidem
1443 2569 1516 2654 Regi
1582 2587 1583 2598 *

399 2707 522 2768 ,sueque
537 2686 627 2768 genti
651 2707 710 2770 per
734 2684 918 2752 rebellionis
944 2705 983 2749 ac
1008 2682 1214 2763 infidelitatis
1239 2689 1273 2748 et
1287 2684 1416 2748 notorie
1432 2678 1517 2746 offen·
1581 2683 1583 2700 ²

404 2793 502 2860 sionis
517 2799 626 2858 actum
651 2799 773 2858 temere
800 2793 1008 2870 adheserunt,
1033 2789 1223 2856 Maiestatis
1240 2788 1365 2856 Nostro
1380 2788 1517 2856 constitu·
1581 2797 1583 2806 '

404 2908 494 2968 entes
511 2922 545 2966 se
561 2901 709 2968 infideles
727 2902 852 2985 pariter
878 2907 911 2966 et
936 2898 1083 2980 rebelles
1099 2921 1159 2982 pro
1176 2920 1315 2982 quorum
1331 2899 1467 2964 hostium
1481 2891 1518 2960 of·
1581 2943 1583 2974 ,

402 3009 605 3076 fensionibus
630 3017 663 3075 et
688 3011 857 3077 conatibus
883 3007 1100 3092 reprimendis
1117 3006 1200 3073 adeo
1216 3007 1420 3074 inruentium
1433 3023 1518 3089 egcu-
1581 3021 1583 3094 3

394 3117 522 3190 ‚dorum
546 3117 715 3202 impellens
730 3119 910 3184 necessitas
924 3138 984 3182 nos
1000 3116 1115 3198 coegit,
1131 3121 1165 3181 et
1179 3114 1314 3199 perinde
1332 3135 1424 3180 curas
1440 3114 1520 3177 innu-
1581 3107 1583 3160 l

406 3245 513 3290 meras
530 3223 684 3290 distraxit
700 3224 743 3289 ad
759 3225 834 3306 elia,
851 3223 939 3306 quod
954 3222 1082 3290 debitus
1093 3223 1197 3290 cultus
1207 3223 1231 3290 J
1233 3222 1347 3288 ustitie
1357 3215 1518 3299 ministrarj
1581 3219 1583 3316 ᾖ

311 3375 313 3387 ·
394 3353 471 3398 vnon
488 3331 602 3416 ualuit,
613 3355 671 3398 nec
687 3332 776 3398 illius
793 3333 950 3415 impensio
961 3332 1128 3398 commode
1144 3332 1251 3415 potuit
1269 3330 1427 3413 exercerj3
1442 3327 1521 3409 quin·
1581 3321 1583 3394 l

407 3439 504 3506 immo
535 3441 607 3525 ipsa
630 3441 823 3505 necessitate
840 3445 973 3523 vngente
990 3439 1067 3506 dato
1083 3439 1243 3522 neglectui
1268 3437 1406 3522 proinde
1420 3435 1519 3515 ubique
1580 3409 1583 3506 l

406 3548 552 3613 locorum
576 3547 685 3631 Regni
711 3547 854 3614 eiusdem
889 3546 1098 3631 delinquendj
1134 3549 1265 3630 impune
1299 3538 1520 3626 quodammodo
1580 3511 1583 3622 l

408 3658 527 3722 laxatis
542 3653 679 3722 habenis
696 3660 832 3720 causata
847 3663 897 3720 est
913 3660 1017 3720 status
1034 3655 1140 3719 euersi
1156 3653 1330 3718 commotio
1340 3652 1519 3719 turbulente
1581 3633 1583 3750 l

411 3764 602 3830 Successiue
617 3783 758 3847 namque
783 3762 827 3827 ad
851 3760 1051 3828 causandum
1068 3762 1188 3828 bouum
1204 3761 1396 3827 uniuersalis
1411 3776 1521 3825 concer-
1581 3755 1583 3840 j

411 3873 464 3938 die
490 3873 577 3939 inter
603 3894 661 3940 nos
686 3873 875 3954 dictumque
902 3870 1048 3953 Vngarie
1062 3869 1189 3954 Regem
1213 3869 1247 3934 in
1272 3869 1422 3934 Romana
1437 3865 1521 3934 Curia
1580 3853 1583 3950 l

413 3988 600 4049 consumate
615 4003 673 4066 per
689 4001 805 4048 manus
821 3977 1012 4064 Apostolice
1033 3975 1235 4058 Sanctitatia
1252 3977 1295 4042 ad
1320 3977 1522 4043 inductionem

412 4091 514 4174 ipsius
532 4089 652 4173 dominj
669 4089 773 4153 nostri
797 4085 922 4153 Summi
947 4085 1129 4165 Pontificis‚
1145 4092 1178 4150 et
1194 4105 1253 4168 per
1269 4083 1523 4173 reformationem
1581 4067 1583 4088 ²

414 4199 552 4283 collapsi
569 4204 675 4263 status
685 4195 793 4278 Regni
803 4194 948 4262 eiusdem
958 4216 1032 4260 cum
1048 4195 1246 4276 Magnetum
1263 4198 1295 4258 et
1308 4192 1446 4258 aliorum
1454 4185 1523 4253 Gon·
1580 4199 1583 4288 ἐς

418 4308 616 4372 siliariorum
632 4304 845 4372 assidentium
861 4303 954 4368 nobis
971 4301 1207 4370 deliberatione
1232 4305 1364 4365 mature
1379 4295 1522 4383 quoddam

416 4418 492 4480 ente
507 4420 710 4497 assumptum
734 4434 793 4497 per
818 4433 877 4478 nos
904 4411 1105 4495 dyademetis
1123 4411 1278 4476 honorem
1297 4409 1429 4476 fecimus
1445 4423 1521 4489 gene·
1581 4387 1583 4474 f

411 4523 486 4594 ,rale
502 4522 665 4592 indultum
681 4531 712 4590 et
728 4522 925 4589 remissionis
942 4523 1081 4590 edictum
1106 4521 1228 4588 eisdem
1244 4519 1418 4588 rebellibus
1433 4517 1521 4602 pleno·
1580 4531 1583 4658 p
