3220 5248
365 463 429 526 576
722 465 1140 537 umnonaczrarnxnhnnn.

364 638 493 706 litatem
517 640 621 724 ipsius
646 639 848 720 Maiestatis²
873 643 908 704 et
935 635 1241 722 dampnificaverint
1274 636 1504 703 Theotonicos

369 749 574 832 supradictos
599 757 632 814 ct
656 753 771 834 gentes
794 747 874 832 ipsis
899 746 1104 826 adherentes,
1127 746 1175 812 ita
1201 745 1290 831 quod
1323 745 1504 812 manifeste

365 861 529 941 appareat
554 863 587 922 et
613 861 836 941 cognoscatur,
861 854 951 940 qnod
975 860 1026 920 est
1050 854 1222 920 inimicitia
1241 856 1397 940 capitalis
1413 857 1504 920 inter

367 965 456 1048 ipsos
482 963 645 1049 Ungaros,
670 971 703 1030 et
728 963 948 1030 Theotonicos
974 983 1014 1028 ac
1039 968 1151 1046 gentes
1178 962 1261 1045 ipsis
1287 962 1503 1030 Theotonicis

366 1072 570 1157 adherentes,
603 1075 675 1158 ipsa
706 1075 866 1140 Maiestas
898 1093 955 1136 seu
985 1071 1068 1136 alius
1098 1092 1159 1154 pro
1190 1079 1286 1154 parte
1311 1094 1371 1138 sna
1388 1073 1504 1138 statim

366 1179 468 1245 faciet
482 1181 529 1245 eia
545 1181 708 1264 assignari
724 1188 757 1246 et
773 1180 855 1245 solvi
871 1178 1014 1245 florenos
1030 1179 1104 1243 auri
1120 1177 1231 1244 decem
1248 1186 1282 1244 et
1298 1187 1371 1246 octo
1387 1180 1505 1262 milia;

367 1294 547 1356 restantem
565 1296 677 1355 autem
692 1309 863 1368 summam,
879 1285 1033 1352 videlicet
1047 1284 1189 1352 florenos
1206 1287 1318 1353 decem
1333 1293 1368 1356 et
1383 1309 1504 1354 novem

367 1397 460 1462 milia
485 1395 615 1482 Ungari
640 1419 739 1482 supra
764 1395 933 1476 nominati,
958 1401 991 1460 et
1016 1393 1139 1460 allide
1165 1394 1326 1462 Sotietatc
1349 1397 1504 1480 predicta

368 1511 446 1570 snut
480 1505 626 1572 contenti
651 1507 795 1591 recipere
821 1511 855 1570 et
878 1504 1003 1570 hahere
1032 1503 1123 1570 facta
1157 1506 1239 1570 reah
1272 1505 1505 1583 debellatione,

367 1613 568 1696 expulsione,
593 1621 628 1680 et
652 1613 850 1697 effugatione
876 1634 915 1678 ac
941 1614 1143 1696 exterminio,
1168 1621 1266 1696 prout
1283 1614 1435 1698 superius
1452 1623 1505 1679 est

369 1742 567 1806 expressum,
584 1721 862 1788 Theotonicorum
877 1722 1022 1806 ipsorum
1048 1728 1082 1786 et
1105 1719 1245 1787 aliorum
1270 1723 1317 1787 eis
1342 1722 1505 1788 adheren-

367 1829 460 1894 tium.
487 1827 623 1910 Confixi,
650 1827 738 1912 quod
760 1829 826 1912 ipsi
850 1827 973 1893 facient
997 1828 1064 1894 tale
1091 1829 1269 1912 servituim,
1294 1829 1384 1912 qnod
1412 1829 1505 1896 dicta

368 1937 531 2004 Maiestas
556 1937 726 2004 inclinabit
750 1937 794 2003 ad
819 1935 1005 2002 faciendum
1030 1937 1077 2002 eis
1103 1937 1185 2004 alias
1200 1938 1308 2020 gatias
1324 1939 1504 2023 speciales;

369 2045 538 2112 declarato
570 2067 699 2130 semper
729 2051 764 2111 et
795 2067 956 2131 expresso,
988 2043 1077 2128 qnod
1108 2046 1137 2110 si
1167 2047 1314 2111 executio
1354 2049 1506 2130 predicte

369 2155 593 2238 promissionis
609 2176 719 2221 eorum
735 2153 935 2235 differretur,
950 2161 1211 2240 quantocumque
1234 2161 1381 2239 tempore
1396 2156 1505 2240 ipsam

370 2261 497 2329 differri
528 2263 708 2346 contingat,
739 2265 949 2346 nonpossint
973 2267 1085 2346 petere
1116 2284 1175 2327 nec
1205 2263 1348 2328 debeant
1378 2263 1505 2330 habere

370 2369 498 2454 aliquid
524 2372 613 2437 ultra
637 2371 819 2456 predictam
845 2392 1004 2436 summam
1029 2371 1140 2436 decem
1160 2375 1194 2436 et
1210 2379 1282 2437 octo
1298 2373 1391 2438 milia
1406 2371 1506 2438 flore-

374 2499 499 2559 norum,
523 2480 625 2545 tacite
640 2478 691 2544 vel
707 2501 869 2564 expresse,
889 2479 964 2544 dolo
980 2479 1033 2546 vel
1047 2481 1172 2545 astutia
1187 2478 1298 2563 aliqua
1313 2487 1372 2545 aut·
1385 2479 1506 2548 fraude

372 2607 575 2670 quacumque
591 2591 749 2653 cessante.

476 2695 565 2760 Item
590 2695 660 2762 vult
685 2703 718 2759 et
744 2700 954 2762 contentetur
979 2694 1070 2762 dieta
1094 2696 1201 2782 Regia
1226 2695 1395 2780 Maiestas,
1416 2699 1504 2782 quod

371 2804 510 2888 predicti
534 2801 665 2888 Vngari
688 2803 833 2870 habeant
858 2808 891 2868 et
916 2802 1039 2870 habere
1073 2804 1216 2872 debeant
1249 2805 1352 2873 libere
1390 2829 1505 2873 omnes

372 2933 483 2996 equos,
506 2931 608 2990 arma,
633 2912 787 2994 pecunias
812 2917 846 2976 et
871 2933 925 2976 res
952 2911 1229 2980 {theotonicorum
1244 2921 1278 2980 et
1293 2913 1437 2981 aliorum
1456 2915 1504 2980 eis

371 3018 607 3100 adherentium,
633 3019 689 3101 qui
714 3039 735 3083 a
760 3018 855 3083 dictis
879 3018 1025 3104 Ungaris
1041 3021 1162 3087 fuerint
1177 3021 1332 3088 debellati
1348 3029 1381 3088 et
1395 3024 1505 3107 capti3

372 3148 511 3210 persone
527 3147 604 3192 vero
620 3128 826 3210 captivorum
842 3149 944 3211 usque
960 3128 1003 3194 ad
1020 3151 1189 3196 numerum
1207 3133 1446 3215 quinquaginta
1462 3132 1504 3196 de

374 3235 566 3304 melioribus
592 3243 626 3301 et
641 3235 857 3302 nobilioribus
872 3237 964 3303 iuxta
979 3237 1170 3304 electionem
1185 3239 1374 3305 Maiestatis
1389 3239 1504 3322 Regia,

372 3345 425 3413 vel
455 3345 593 3412 alterius
624 3367 684 3430 pro
715 3351 811 3428 parte
842 3347 954 3430 ipsinS,
986 3347 1104 3413 dentur
1132 3353 1166 3412 et
1197 3350 1264 3413 sint
1286 3349 1322 3413 in
1336 3354 1503 3433 potestate

374 3454 565 3520 Maiestatis
590 3453 735 3519 eiusdem
760 3476 817 3520 seu
842 3454 922 3519 dicti
948 3476 1060 3521 eorum
1076 3453 1251 3522 Generalis
1268 3454 1441 3541 Capitanei
1456 3457 1503 3520 ad

373 3585 544 3648 guerram;
562 3564 686 3628 residui
711 3565 776 3629 sint
801 3564 1012 3646 Ungarorum
1037 3565 1194 3649 ipsorum.
1217 3565 1399 3634 Declarato
1415 3565 1503 3650 qnod

376 3671 416 3736 de
433 3672 535 3756 equis,
553 3673 740 3754 armaturis,
756 3674 902 3756 pecunia,
918 3673 1013 3739 bonis
1028 3679 1061 3739 et
1076 3676 1174 3741 rebus
1188 3675 1345 3760 predictis
1361 3675 1504 3741 habeant

375 3781 561 3864 portionem
586 3781 635 3845 illi
661 3780 702 3846 de
727 3788 824 3864 gente
848 3782 998 3866 predicta
1022 3783 1126 3867 Regia
1151 3785 1347 3866 Maiestatis,
1373 3785 1427 3867 qui
1458 3784 1505 3848 ad
1605 3799 1608 3882 :

372 3888 605 3956 debellandum
630 3898 663 3955 et
687 3889 880 3973 capiendum
905 3892 1011 3958 dictos
1026 3891 1244 3960 Theotonioos
1259 3899 1293 3958 et
1309 3893 1505 3960 adherentes
1605 3889 1607 3922 r

375 3999 422 4062 eis
439 4020 505 4064 una
521 4019 593 4064 cum
609 3999 706 4065 dictis
723 3999 868 4082 Ungaris
883 4001 1100 4085 personaliter
1115 4003 1308 4068 intererunt.

487 4106 572 4173 Item
588 4108 756 4191 promictit
773 4108 861 4173 dicta
886 4109 1047 4176 Maiestas
1074 4109 1180 4194 Regia
1196 4117 1230 4176 et
1245 4111 1415 4194 Reginalis
1431 4132 1505 4194 par-

375 4237 449 4282 cere
464 4223 498 4282 et
513 4217 685 4283 remictere
701 4237 826 4281 ornnem
843 4238 969 4300 penam,
985 4219 1115 4303 culpam
1131 4224 1165 4282 et
1182 4217 1335 4284 offensam
1353 4218 1502 4283 omnibus

375 4325 440 4388 illis
464 4327 612 4408 personis
637 4325 723 4391 dicte
750 4323 926 4392 Societatis
953 4327 1247 4409 Theotonicorum,
1271 4333 1303 4392 et
1329 4329 1504 4391 cuiuscum-

377 4452 438 4514 que
464 4434 563 4498 etiam
587 4434 737 4517 nationis,
764 4456 826 4518 que
853 4435 895 4500 ad
921 4436 1144 4519 exequendum
1169 4436 1317 4520 predicta
1342 4441 1375 4501 et
1400 4442 1519 4514 enter·⁸

375 4541 512 4607 minium
537 4544 759 4626 predictorum
787 4543 1062 4610 Theotonicorum
1087 4546 1290 4612 inimicorum
1315 4567 1372 4611 sen
1387 4543 1502 4609 emulo-

376 4670 449 4715 rum
473 4651 649 4733 Regalinm
675 4654 894 4736 personaliter
919 4653 1042 4720 fuerint
1068 4676 1139 4720 cum
1167 4653 1264 4720 dictis
1299 4653 1447 4737 ungaria,
1470 4661 1500 4716 et
