3166 5256
2 294 6 380 1

2 383 4 422 l

2 431 3 452 l

2 600 4 630 l

2 673 3 694 1

2 977 6 1038 l

2 1044 9 1102 3.

565 407 660 470 1345.

578 692 652 753 107.

62 849 86 909 A
108 845 247 911 1111111111
271 847 615 933 borotdoytooetecbon
641 851 855 939 tdryycla'sok
881 877 920 920 aa
938 856 962 920 I.
982 859 1082 942 Lojoc
1104 881 1171 924 ma·

163 977 248 1042 pyor
263 954 431 1041 kirdlyboz
447 956 611 1022 ktr'ldendb'
627 959 770 1048 1111111119
788 965 935 1050 1191έῦ11.
954 967 1051 1030 1345.

2 1191 3 1206 ¹
149 1110 244 1179 Anno
261 1109 685 1186 1100111111111111.
716 1118 920 1190 Novembris.
939 1121 1022 1190 Oum
1037 1125 1171 1192 creden-

60 1220 124 1285 dum
137 1221 184 1304 sit,
199 1223 285 1304 quod
301 1223 433 1289 mittere
456 1223 680 1292 Ambaxatam
713 1249 771 1311 per
788 1229 914 1312 aliquos
930 1231 1100 1315 religiosos
1115 1233 1173 1299 do·

2 1341 4 1402 1
60 1329 131 1395 minc
146 1328 226 1412 Regi
241 1329 416 1414 Hungarie
432 1336 464 1398 et
480 1332 610 1399 domine
625 1333 752 1418 Regina
768 1337 838 1404 eius
853 1339 961 1423 matri,
984 1362 1048 1406 non
1064 1347 1173 1424 posset

2 1409 16 1506 ’,
61 1437 145 1520 uliud,
176 1459 274 1523 quum
301 1439 459 1524 prodesse
484 1441 579 1507 fectis
606 1445 737 1522 nostris,
762 1443 898 1511 dicendo
915 1445 980 1513 Sue
1000 1447 1172 1514 Maiestati

2 1545 3 1628 ᾗ
59 1545 142 1610 verba
155 1548 334 1613 reverentie
359 1555 392 1614 et
417 1547 567 1614 honoris:
595 1549 688 1616 vadit
713 1572 799 1635 pars,
827 1553 915 1636 quod
935 1555 1111 1620 mittantur
1127 1556 1171 1621 od

2 1653 3 1708 ἓ
59 1673 104 1717 eos
117 1653 175 1719 duo
190 1656 339 1739 religiosi
354 1656 398 1721 ad
415 1657 650 1723 condolendum
665 1658 705 1723 dc
720 1666 827 1724 morte
844 1659 967 1726 domini
984 1661 1087 1745 Regis
1103 1661 1173 1728 An·

2 1803 3 1858 i
59 1761 162 1826 drensii
176 1762 292 1831 fratris
310 1766 369 1846 sui,
385 1786 457 1829 cum
473 1764 538 1830 illis
561 1763 684 1849 pulcris
701 1765 818 1846 verbis,
835 1787 897 1850 que
907 1767 1110 1836 videbuntur.
1127 1771 1174 1836 Et

59 1869 272 1954 subsequenter
290 1877 455 1956 exponant
479 1873 518 1938 de
543 1873 722 1938 rebellione
747 1873 1009 1959 Jadratinorum,
1026 1880 1082 1961 qui
1107 1877 1173 1942 iam

2 1977 3 2062 3
58 1981 137 2044 111111
152 1979 202 2049 IV
218 1987 352 2046 centum
369 1988 402 2048 et
418 1979 508 2046 ultra
523 1980 656 2046 fuerunt
674 1979 773 2064 ,nobis
789 1982 936 2066 subiecti,
953 1984 1035 2049 sicut
1053 1990 1103 2050 est
1119 2007 1174 2051 no·

2 2085 5 2113 *
58 2090 163 2153 terium
176 2090 238 2154 toti
254 2090 387 2170 mundo,
402 2088 543 2173 regendo
570 2089 675 2154 cosin
692 2095 781 2154 statu
796 2089 932 2174 pacifico
948 2097 981 2156 et
999 2093 1121 2174 quiete,
1138 2099 1171 2158 et

2 2193 3 2264 l
57 2199 213 2262 cumomni
229 2197 455 2265 benivolentia
470 2203 503 2263 et
519 2203 693 2279 augmento
704 2217 814 2262 eorum
824 2204 982 2281 tanquam
993 2199 1096 2282 filios;
1113 2201 1171 2267 sed

2 2279 3 2366 i
57 2302 117 2386 ipsi,
130 2306 324 2391 impinguati
341 2311 374 2371 et
389 2305 570 2384 incrassati,
587 2311 760 2369 erexerunt
775 2325 810 2371 se
825 2307 860 2370 in
877 2309 1061 2390 superbiam
1078 2314 1111 2374 et
1128 2313 1175 2372 tc·

2 2466 3 2492 ,
58 2415 242 2496 mentalem,
269 2412 504 2480 committendo
529 2411 739 2479 rebellionem
771 2419 903 2480 constre
917 2421 1063 2482 nostram
1079 2415 1173 2482 Com·

2 3878 6 3927 l

1 4302 8 4366 l

2 4438 6 4561 l

2 4607 5 4710 1

1 5067 28 5254 l

2 2495 3 2558 i
58 2521 240 2586 munitatem.
257 2519 326 2587 Sed
342 2541 513 2604 speramus
528 2520 563 2584 in
588 2517 662 2586 Dec
679 2519 849 2602 altissimo,
874 2520 961 2604 quod
985 2522 1174 2606 superbiam

59 2646 153 2692 eorum
169 2631 202 2694 in
217 2627 445 2696 confusionem
462 2626 610 2709 deducet,
627 2627 712 2692 sicut
727 2634 776 2695 est
791 2629 921 2694 iustum.
931 2628 977 2694 Et
992 2635 1029 2694 ut
1044 2629 1087 2694 nd
1097 2630 1173 2697 obe·

58 2733 195 2803 dientiam
211 2742 362 2804 nostram
377 2742 410 2802 et
424 2734 618 2801 fidelitatem
642 2755 697 2800 eos
716 2735 870 2800 reducere
896 2735 1069 2819 valcamus,
1085 2739 1172 2804 misi·

57 2864 115 2910 mus
127 2851 276 2912 nostrum
293 2847 471 2911 exercitum
486 2848 573 2908 terre
590 2848 624 2907 et
639 2843 740 2909 maris
757 2848 872 2909 contra
888 2863 953 2910 cos.
985 2844 1082 2914 Vnde
1098 2867 1172 2911 cum

58 2952 92 3016 sd
103 2951 198 3020 Suam
213 2954 357 3038 Regiam
374 2952 585 3019 Maiestatem
602 2957 634 3017 et
649 2971 783 3016 suorum
807 2952 1076 3036 predecessorum
1092 2973 1173 3018 sem-

57 3081 105 3143 per
118 3065 313 3146 gesserimus
338 3063 554 3128 reverentiam
578 3062 754 3128 maximam
778 3061 990 3144 othonorum,
1009 3067 1043 3126 et
1073 3060 1173 3128 ctiam

58 3189 154 3250 gerere
169 3170 400 3251 intendamus3
431 3170 598 3250 miramur,
631 3169 720 3252 quod
752 3169 979 3250 intelleximus,
1010 3167 1099 3253 quod
1113 3190 1173 3234 sua

58 3297 123 3360 gens
136 3280 225 3346 venit
241 3279 285 3344 ad
300 3284 411 3362 partes
428 3276 601 3344 Selauonie
617 3298 715 3342 1111111
732 3283 870 3362 armata,
885 3297 945 3361 pro
962 3275 1071 3345 dendo
1085 3276 1173 3342 fovo-

10 3479 15 3484 .
58 3407 114 3450 rem
128 3385 223 3453 dictis
240 3389 265 3454 J
268 3385 428 3451 adratinis
443 3383 622 3452 rebellibus
632 3385 760 3450 nostris.
777 3387 1007 3470 Etpropterea
1018 3405 1173 3470 rogamus

59 3489 143 3560 Suam
158 3494 389 3584 Serenitetem,
416 3499 576 3576 quatenus
593 3494 622 3557 ei
638 3491 767 3576 placeat
781 3515 847 3558 non
864 3492 996 3559 credere
1012 3491 1172 3559 falacibus

58 3607 83 3664 et
102 3602 187 3669 salsis
213 3602 323 3669 verbis
348 3623 469 3682 eorum,
496 3621 556 3667 nec
586 3603 785 3684 permittere,
808 3601 897 3686 quod
921 3623 999 3686 gens
1015 3602 1124 3685 Regia
1139 3599 1173 3662 in

58 3711 199 3778 auxilium
215 3711 266 3778 vel
282 3711 425 3777 favorem
451 3710 613 3776 dictorum
636 3709 842 3775 inimicorum
867 3716 1054 3775 nostrorum
1069 3707 1171 3774 radat

2 3860 7 3872 .
57 3817 225 3898 1111111111,
242 3824 280 3885 ut
297 3819 338 3884 dc
354 3816 423 3882 Sue
448 3818 624 3884 Maiestate
657 3815 847 3883 confidimus
872 3823 905 3883 et
921 3839 1101 3900 speramus,
1124 3822 1170 3881 tc·

12 3978 16 3984 .
58 3926 149 3991 nendo
165 3949 224 3994 nos
240 3933 273 3992 et
290 3925 568 3991 Communitatem
592 3929 748 4007 nostram,
772 3925 855 3990 sicut
879 3946 953 3991 vere
979 3931 1097 4008 potest,
1112 3946 1172 4007 pro

58 4035 112 4099 suis
124 4037 245 4104 devotis
261 4043 295 4102 et
310 4035 434 4100 intimis
460 4035 582 4116 amicis,
598 4033 681 4098 sicut
697 4031 816 4098 fuimus
833 4030 1040 4099 serenissimi
1051 4033 1173 4099 domini

56 4144 147 4222 patris
164 4147 213 4213 sui
229 4151 263 4211 et
277 4144 544 4229 predecessorum
563 4163 713 4222 suorum;
745 4163 818 4206 cum
833 4141 897 4206 hiis
914 4148 946 4206 et
962 4141 1035 4206 aliis
1050 4139 1172 4224 pulcris

57 4251 161 4336 serbis,
177 4275 238 4336 qne
257 4251 462 4318 uidebuntur.
477 4251 524 4316 Et
539 4250 757 4316 informentur
771 4249 851 4314 dicti
867 4249 931 4315 duo
941 4249 1086 4331 religiosi
1104 4268 1173 4315 cre·

57 4363 145 4442 tenus,
172 4359 268 4444 quod,
295 4360 323 4424 si
348 4360 498 4425 dominus
523 4359 598 4424 Rex
621 4364 774 4442 tangeret
800 4358 846 4422 eis
878 4356 1004 4438 aliquid
1020 4356 1060 4422 de
1077 4357 1173 4422 terris

57 4461 226 4546 Solanonie,
252 4467 485 4549 respondeant,
513 4466 601 4551 quod
626 4466 666 4530 de
683 4465 745 4532 boc
769 4465 870 4531 nichil
888 4463 949 4530 luit
965 4465 1011 4529 eis
1029 4465 1173 4531 commis-

58 4591 127 4652 sum,
142 4576 197 4642 sed
212 4581 291 4641 sunt
307 4575 397 4658 certi,
414 4576 503 4662 quod
519 4576 669 4642 dominus
685 4573 762 4642 Dux
776 4583 810 4641 et
826 4573 1005 4642 Commune
1021 4573 1174 4643 Venetia-
