<?xml version="1.0" encoding="UTF-8"?>
<!DOCTYPE html PUBLIC "-//W3C//DTD XHTML 1.0 Transitional//EN"
    "http://www.w3.org/TR/xhtml1/DTD/xhtml1-transitional.dtd">
<html xmlns="http://www.w3.org/1999/xhtml" xml:lang="en" lang="en">
 <head>
  <title>
</title>
<meta http-equiv="Content-Type" content="text/html;charset=utf-8" />
  <meta name='ocr-system' content='tesseract 3.04.00' />
  <meta name='ocr-capabilities' content='ocr_page ocr_carea ocr_par ocr_line ocrx_word'/>
</head>
<body>
  <div class='ocr_page' id='page_1' title='image "./magyardiplomacz01wenzgoog_0387.png"; bbox 0 0 3108 5246; ppageno 0'>
   <div class='ocr_carea' id='block_1_1' title="bbox 559 327 1166 398">
    <p class='ocr_par' dir='ltr' id='par_1_1' title="bbox 559 327 1166 398">
     <span class='ocr_line' id='line_1_1' title="bbox 559 327 1166 398; baseline 0.007 -6"><span class='ocrx_word' id='word_1_1' title='bbox 559 327 653 398; x_wconf 79' lang='lat'>1349.</span> <span class='ocrx_word' id='word_1_2' title='bbox 1104 333 1166 396; x_wconf 88' lang='lat'>351</span> 
     </span>
    </p>
   </div>
   <div class='ocr_carea' id='block_1_2' title="bbox 1 507 1171 2544">
    <p class='ocr_par' dir='ltr' id='par_1_2' title="bbox 1 507 1171 2564">
     <span class='ocr_line' id='line_1_2' title="bbox 1 507 1168 592; baseline 0.003 -19"><span class='ocrx_word' id='word_1_3' title='bbox 1 549 5 591; x_wconf 44' lang='lat'>¹.</span> <span class='ocrx_word' id='word_1_4' title='bbox 60 513 148 588; x_wconf 86' lang='lat' dir='ltr'>erant,</span> <span class='ocrx_word' id='word_1_5' title='bbox 170 507 348 592; x_wconf 77' lang='lat' dir='ltr'>solempnes</span> <span class='ocrx_word' id='word_1_6' title='bbox 374 507 618 574; x_wconf 85' lang='lat' dir='ltr'>Ambaxatores</span> <span class='ocrx_word' id='word_1_7' title='bbox 635 511 762 574; x_wconf 85' lang='lat' dir='ltr'>nostros</span> <span class='ocrx_word' id='word_1_8' title='bbox 786 515 865 574; x_wconf 87' lang='lat' dir='ltr'>tuuc</span> <span class='ocrx_word' id='word_1_9' title='bbox 881 510 1094 589; x_wconf 83' lang='lat' dir='ltr'>misissemus3</span> <span class='ocrx_word' id='word_1_10' title='bbox 1111 512 1168 577; x_wconf 88' lang='lat' dir='ltr'>sed</span> 
     </span>
     <span class='ocr_line' id='line_1_3' title="bbox 1 603 1166 701; baseline 0.003 -21"><span class='ocrx_word' id='word_1_11' title='bbox 1 603 5 674; x_wconf 80' lang='lat' dir='ltr'>l</span> <span class='ocrx_word' id='word_1_12' title='bbox 59 617 217 698; x_wconf 85' lang='lat' dir='ltr'>quamcito</span> <span class='ocrx_word' id='word_1_13' title='bbox 233 618 435 698; x_wconf 84' lang='lat' dir='ltr'>haberemus,</span> <span class='ocrx_word' id='word_1_14' title='bbox 446 617 535 701; x_wconf 89' lang='lat' dir='ltr'>quod</span> <span class='ocrx_word' id='word_1_15' title='bbox 545 622 715 701; x_wconf 77' lang='lat' dir='ltr'>cessasset,</span> <span class='ocrx_word' id='word_1_16' title='bbox 726 615 802 682; x_wconf 93' lang='lat' dir='ltr'>illos</span> <span class='ocrx_word' id='word_1_17' title='bbox 818 617 861 683; x_wconf 89' lang='lat' dir='ltr'>ad</span> <span class='ocrx_word' id='word_1_18' title='bbox 876 616 1084 684; x_wconf 84' lang='lat' dir='ltr'>Excellencie</span> <span class='ocrx_word' id='word_1_19' title='bbox 1102 617 1166 688; x_wconf 88' lang='lat' dir='ltr'>Ve-</span> 
     </span>
     <span class='ocr_line' id='line_1_4' title="bbox 1 723 1170 810; baseline 0.002 -22"><span class='ocrx_word' id='word_1_20' title='bbox 1 767 3 797; x_wconf 71' lang='grc'><strong>,</strong></span> <span class='ocrx_word' id='word_1_21' title='bbox 59 729 115 788; x_wconf 86' lang='lat' dir='ltr'>stre</span> <span class='ocrx_word' id='word_1_22' title='bbox 135 723 257 790; x_wconf 86' lang='lat' dir='ltr'>culmen</span> <span class='ocrx_word' id='word_1_23' title='bbox 281 725 599 808; x_wconf 84' lang='lat' dir='ltr'>transmitteremus3</span> <span class='ocrx_word' id='word_1_24' title='bbox 623 724 848 810; x_wconf 88' lang='lat' dir='ltr'>subiungendo</span> <span class='ocrx_word' id='word_1_25' title='bbox 865 725 973 808; x_wconf 89' lang='lat' dir='ltr'>etiam,</span> <span class='ocrx_word' id='word_1_26' title='bbox 991 725 1077 810; x_wconf 91' lang='lat' dir='ltr'>quod</span> <span class='ocrx_word' id='word_1_27' title='bbox 1093 727 1120 790; x_wconf 92' lang='lat' dir='ltr'>si</span> <span class='ocrx_word' id='word_1_28' title='bbox 1136 728 1170 792; x_wconf 94' lang='lat' dir='ltr'>in</span> 
     </span>
     <span class='ocr_line' id='line_1_5' title="bbox 57 833 1170 918; baseline 0.003 -20.856"><span class='ocrx_word' id='word_1_29' title='bbox 57 833 108 898; x_wconf 92' lang='lat' dir='ltr'>hoc</span> <span class='ocrx_word' id='word_1_30' title='bbox 128 836 277 917; x_wconf 86' lang='lat' dir='ltr'>temporis</span> <span class='ocrx_word' id='word_1_31' title='bbox 291 834 465 901; x_wconf 87' lang='lat' dir='ltr'>intervallo</span> <span class='ocrx_word' id='word_1_32' title='bbox 481 834 599 918; x_wconf 86' lang='lat' dir='ltr'>aliquis</span> <span class='ocrx_word' id='word_1_33' title='bbox 615 836 731 901; x_wconf 90' lang='lat' dir='ltr'>modus</span> <span class='ocrx_word' id='word_1_34' title='bbox 746 835 796 900; x_wconf 88' lang='lat' dir='ltr'>vel</span> <span class='ocrx_word' id='word_1_35' title='bbox 813 834 904 900; x_wconf 90' lang='lat' dir='ltr'>aliud</span> <span class='ocrx_word' id='word_1_36' title='bbox 920 836 1074 918; x_wconf 89' lang='lat' dir='ltr'>quodque</span> <span class='ocrx_word' id='word_1_37' title='bbox 1100 855 1170 902; x_wconf 89' lang='lat' dir='ltr'>esse</span> 
     </span>
     <span class='ocr_line' id='line_1_6' title="bbox 55 941 1170 1028; baseline 0 -22"><span class='ocrx_word' id='word_1_38' title='bbox 55 941 178 1008; x_wconf 86' lang='lat' dir='ltr'>fiendum</span> <span class='ocrx_word' id='word_1_39' title='bbox 199 945 366 1011; x_wconf 78' lang='lat' dir='ltr'>videretur</span> <span class='ocrx_word' id='word_1_40' title='bbox 381 942 502 1013; x_wconf 84' lang='lat' dir='ltr'>Vestra</span> <span class='ocrx_word' id='word_1_41' title='bbox 518 941 696 1010; x_wconf 78' lang='lat' dir='ltr'>Serenitati</span> <span class='ocrx_word' id='word_1_42' title='bbox 711 943 867 1027; x_wconf 81' lang='lat' dir='ltr'>predicte,</span> <span class='ocrx_word' id='word_1_43' title='bbox 882 943 1039 1028; x_wconf 89' lang='lat' dir='ltr'>quicquid</span> <span class='ocrx_word' id='word_1_44' title='bbox 1064 943 1170 1009; x_wconf 90' lang='lat' dir='ltr'>eidem</span> 
     </span>
     <span class='ocr_line' id='line_1_7' title="bbox 1 1049 1170 1138; baseline 0.003 -24"><span class='ocrx_word' id='word_1_45' title='bbox 1 1051 3 1138; x_wconf 68' lang='grc' dir='ltr'>ξ</span> <span class='ocrx_word' id='word_1_46' title='bbox 56 1049 196 1133; x_wconf 76' lang='lat' dir='ltr'>placebat,</span> <span class='ocrx_word' id='word_1_47' title='bbox 219 1058 355 1136; x_wconf 89' lang='lat' dir='ltr'>poterat</span> <span class='ocrx_word' id='word_1_48' title='bbox 371 1050 558 1132; x_wconf 86' lang='lat' dir='ltr'>declarare;</span> <span class='ocrx_word' id='word_1_49' title='bbox 574 1053 652 1136; x_wconf 87' lang='lat' dir='ltr'>quis</span> <span class='ocrx_word' id='word_1_50' title='bbox 669 1050 922 1136; x_wconf 86' lang='lat' dir='ltr'>disponebamur</span> <span class='ocrx_word' id='word_1_51' title='bbox 948 1051 991 1117; x_wconf 88' lang='lat' dir='ltr'>ad</span> <span class='ocrx_word' id='word_1_52' title='bbox 1017 1049 1170 1136; x_wconf 88' lang='lat' dir='ltr'>quodque</span> 
     </span>
     <span class='ocr_line' id='line_1_8' title="bbox 1 1159 1170 1243; baseline 0.003 -23"><span class='ocrx_word' id='word_1_53' title='bbox 1 1163 3 1243; x_wconf 42' lang='grc' dir='ltr'>ᾗ</span> <span class='ocrx_word' id='word_1_54' title='bbox 55 1163 187 1240; x_wconf 87' lang='lat' dir='ltr'>spectans</span> <span class='ocrx_word' id='word_1_55' title='bbox 209 1160 254 1225; x_wconf 89' lang='lat' dir='ltr'>ad</span> <span class='ocrx_word' id='word_1_56' title='bbox 279 1159 564 1226; x_wconf 85' lang='lat' dir='ltr'>conservacionem</span> <span class='ocrx_word' id='word_1_57' title='bbox 587 1159 680 1243; x_wconf 81' lang='lat' dir='ltr'>pacis</span> <span class='ocrx_word' id='word_1_58' title='bbox 702 1165 860 1243; x_wconf 87' lang='lat' dir='ltr'>perpetue</span> <span class='ocrx_word' id='word_1_59' title='bbox 877 1164 911 1224; x_wconf 89' lang='lat' dir='ltr'>et</span> <span class='ocrx_word' id='word_1_60' title='bbox 926 1161 1031 1225; x_wconf 88' lang='lat' dir='ltr'>mutui</span> <span class='ocrx_word' id='word_1_61' title='bbox 1048 1161 1170 1226; x_wconf 87' lang='lat' dir='ltr'>amoris</span> 
     </span>
     <span class='ocr_line' id='line_1_9' title="bbox 1 1249 1170 1352; baseline 0.002 -21"><span class='ocrx_word' id='word_1_62' title='bbox 1 1249 2 1328; x_wconf 57' lang='lat' dir='ltr'>l</span> <span class='ocrx_word' id='word_1_63' title='bbox 54 1267 223 1333; x_wconf 87' lang='lat' dir='ltr'>continuum</span> <span class='ocrx_word' id='word_1_64' title='bbox 257 1269 503 1335; x_wconf 88' lang='lat' dir='ltr'>incrementum.</span> <span class='ocrx_word' id='word_1_65' title='bbox 539 1265 623 1334; x_wconf 84' lang='lat' dir='ltr'>Cum</span> <span class='ocrx_word' id='word_1_66' title='bbox 650 1267 753 1352; x_wconf 89' lang='lat' dir='ltr'>igitur</span> <span class='ocrx_word' id='word_1_67' title='bbox 778 1268 960 1334; x_wconf 80' lang='lat' dir='ltr'>nesciamus</span> <span class='ocrx_word' id='word_1_68' title='bbox 984 1288 1043 1351; x_wconf 91' lang='lat' dir='ltr'>pro</span> <span class='ocrx_word' id='word_1_69' title='bbox 1069 1273 1170 1348; x_wconf 90' lang='lat' dir='ltr'>certo,</span> 
     </span>
     <span class='ocr_line' id='line_1_10' title="bbox 1 1350 1169 1461; baseline 0.003 -25"><span class='ocrx_word' id='word_1_70' title='bbox 1 1350 4 1447; x_wconf 83' lang='lat' dir='ltr'>l</span> <span class='ocrx_word' id='word_1_71' title='bbox 54 1380 146 1439; x_wconf 87' lang='lat' dir='ltr'>utrum</span> <span class='ocrx_word' id='word_1_72' title='bbox 161 1375 285 1444; x_wconf 88' lang='lat' dir='ltr'>Vestra</span> <span class='ocrx_word' id='word_1_73' title='bbox 300 1375 495 1444; x_wconf 86' lang='lat' dir='ltr'>Serenitatis</span> <span class='ocrx_word' id='word_1_74' title='bbox 510 1374 616 1442; x_wconf 89' lang='lat' dir='ltr'>dictas</span> <span class='ocrx_word' id='word_1_75' title='bbox 632 1381 762 1442; x_wconf 88' lang='lat' dir='ltr'>nostras</span> <span class='ocrx_word' id='word_1_76' title='bbox 778 1377 909 1444; x_wconf 87' lang='lat' dir='ltr'>litteras</span> <span class='ocrx_word' id='word_1_77' title='bbox 925 1375 1085 1461; x_wconf 82' lang='lat' dir='ltr'>receperit</span> <span class='ocrx_word' id='word_1_78' title='bbox 1103 1376 1169 1442; x_wconf 92' lang='lat' dir='ltr'>sive</span> 
     </span>
     <span class='ocr_line' id='line_1_11' title="bbox 1 1454 1167 1569; baseline 0.002 -23"><span class='ocrx_word' id='word_1_79' title='bbox 1 1454 4 1561; x_wconf 81' lang='lat' dir='ltr'>l</span> <span class='ocrx_word' id='word_1_80' title='bbox 54 1502 114 1562; x_wconf 92' lang='lat' dir='ltr'>non,</span> <span class='ocrx_word' id='word_1_81' title='bbox 135 1488 165 1547; x_wconf 87' lang='lat' dir='ltr'>et</span> <span class='ocrx_word' id='word_1_82' title='bbox 186 1483 457 1566; x_wconf 85' lang='lat' dir='ltr'>intellexerimus,</span> <span class='ocrx_word' id='word_1_83' title='bbox 483 1484 570 1568; x_wconf 90' lang='lat' dir='ltr'>quod</span> <span class='ocrx_word' id='word_1_84' title='bbox 593 1483 788 1551; x_wconf 83' lang='lat' dir='ltr'>Divinat</span> <span class='ocrx_word' id='word_1_85' title='bbox 729 1489 788 1569; x_wconf 92' lang='lat' dir='ltr'>pot</span> <span class='ocrx_word' id='word_1_86' title='bbox 789 1483 883 1550; x_wconf 85' lang='lat' dir='ltr'>ancia</span> <span class='ocrx_word' id='word_1_87' title='bbox 898 1505 993 1550; x_wconf 90' lang='lat' dir='ltr'>suum</span> <span class='ocrx_word' id='word_1_88' title='bbox 1009 1483 1167 1549; x_wconf 88' lang='lat' dir='ltr'>iudicium</span> 
     </span>
     <span class='ocr_line' id='line_1_12' title="bbox 1 1575 1168 1677; baseline 0.002 -23"><span class='ocrx_word' id='word_1_89' title='bbox 1 1659 2 1666; x_wconf 47' lang='lat'>,</span> <span class='ocrx_word' id='word_1_90' title='bbox 53 1589 271 1673; x_wconf 82' lang='lat' dir='ltr'>mitigaverit</span> <span class='ocrx_word' id='word_1_91' title='bbox 261 1614 297 1656; x_wconf 89' lang='lat'>111</span> <span class='ocrx_word' id='word_1_92' title='bbox 321 1591 471 1676; x_wconf 88' lang='lat' dir='ltr'>partibus</span> <span class='ocrx_word' id='word_1_93' title='bbox 487 1591 625 1677; x_wconf 88' lang='lat' dir='ltr'>predict</span> <span class='ocrx_word' id='word_1_94' title='bbox 617 1611 645 1656; x_wconf 87' lang='grc' dir='ltr'>ιι</span> <span class='ocrx_word' id='word_1_95' title='bbox 644 1575 844 1676; x_wconf 90' lang='lat' dir='ltr'>Hungarie,</span> <span class='ocrx_word' id='word_1_96' title='bbox 860 1589 981 1661; x_wconf 87' lang='lat' dir='ltr'>Vestre</span> <span class='ocrx_word' id='word_1_97' title='bbox 996 1590 1168 1657; x_wconf 86' lang='lat' dir='ltr'>Maieateti</span> 
     </span>
     <span class='ocr_line' id='line_1_13' title="bbox 1 1679 1171 1784; baseline 0.003 -25"><span class='ocrx_word' id='word_1_98' title='bbox 1 1679 3 1769; x_wconf 66' lang='lat'>[</span> <span class='ocrx_word' id='word_1_99' title='bbox 54 1695 176 1764; x_wconf 83' lang='lat' dir='ltr'>lecimus</span> <span class='ocrx_word' id='word_1_100' title='bbox 200 1699 422 1777; x_wconf 88' lang='lat' dir='ltr'>manifestum,</span> <span class='ocrx_word' id='word_1_101' title='bbox 439 1701 526 1784; x_wconf 90' lang='lat' dir='ltr'>quod</span> <span class='ocrx_word' id='word_1_102' title='bbox 542 1699 727 1766; x_wconf 85' lang='lat' dir='ltr'>occassione</span> <span class='ocrx_word' id='word_1_103' title='bbox 752 1699 917 1766; x_wconf 83' lang='lat' dir='ltr'>tractandi</span> <span class='ocrx_word' id='word_1_104' title='bbox 941 1699 1171 1764; x_wconf 90' lang='lat' dir='ltr'>omnebonum</span> 
     </span>
     <span class='ocr_line' id='line_1_14' title="bbox 1 1796 1168 1894; baseline 0.003 -25"><span class='ocrx_word' id='word_1_105' title='bbox 1 1796 8 1894; x_wconf 67' lang='grc' dir='ltr'>ζ</span> <span class='ocrx_word' id='word_1_106' title='bbox 53 1805 130 1888; x_wconf 84' lang='lat' dir='ltr'>pacis</span> <span class='ocrx_word' id='word_1_107' title='bbox 152 1814 185 1872; x_wconf 88' lang='lat' dir='ltr'>et</span> <span class='ocrx_word' id='word_1_108' title='bbox 201 1808 328 1876; x_wconf 86' lang='lat' dir='ltr'>emeris</span> <span class='ocrx_word' id='word_1_109' title='bbox 343 1829 382 1875; x_wconf 90' lang='lat' dir='ltr'>ac</span> <span class='ocrx_word' id='word_1_110' title='bbox 396 1807 617 1875; x_wconf 82' lang='lat' dir='ltr'>benivolencie</span> <span class='ocrx_word' id='word_1_111' title='bbox 633 1813 789 1893; x_wconf 87' lang='lat' dir='ltr'>perpetue</span> <span class='ocrx_word' id='word_1_112' title='bbox 805 1808 971 1874; x_wconf 85' lang='lat' dir='ltr'>firmitatis</span> <span class='ocrx_word' id='word_1_113' title='bbox 987 1829 1096 1874; x_wconf 88' lang='lat' dir='ltr'>sumus</span> <span class='ocrx_word' id='word_1_114' title='bbox 1112 1830 1168 1891; x_wconf 91' lang='lat' dir='ltr'>pa-</span> 
     </span>
     <span class='ocr_line' id='line_1_15' title="bbox 1 1907 1167 2000; baseline 0.003 -24"><span class='ocrx_word' id='word_1_115' title='bbox 1 1907 2 1992; x_wconf 76' lang='lat' dir='ltr'>j</span> <span class='ocrx_word' id='word_1_116' title='bbox 51 1914 106 1978; x_wconf 85' lang='lat' dir='ltr'>rati</span> <span class='ocrx_word' id='word_1_117' title='bbox 119 1916 248 1983; x_wconf 86' lang='lat' dir='ltr'>mittere</span> <span class='ocrx_word' id='word_1_118' title='bbox 265 1917 310 1983; x_wconf 87' lang='lat' dir='ltr'>ad</span> <span class='ocrx_word' id='word_1_119' title='bbox 325 1921 468 1984; x_wconf 82' lang='lat' dir='ltr'>vestram</span> <span class='ocrx_word' id='word_1_120' title='bbox 483 1916 688 2000; x_wconf 80' lang='lat' dir='ltr'>presenciam</span> <span class='ocrx_word' id='word_1_121' title='bbox 704 1921 835 1982; x_wconf 88' lang='lat' dir='ltr'>nostros</span> <span class='ocrx_word' id='word_1_122' title='bbox 852 1915 1095 1984; x_wconf 82' lang='lat' dir='ltr'>Amboxatores</span> <span class='ocrx_word' id='word_1_123' title='bbox 1111 1915 1167 1980; x_wconf 90' lang='lat' dir='ltr'>ho-</span> 
     </span>
     <span class='ocr_line' id='line_1_16' title="bbox 1 2012 1169 2116; baseline 0.002 -30"><span class='ocrx_word' id='word_1_124' title='bbox 1 2012 5 2116; x_wconf 55' lang='grc' dir='ltr'><em>ζ</em></span> <span class='ocrx_word' id='word_1_125' title='bbox 50 2024 220 2107; x_wconf 73' lang='lat' dir='ltr'>secabiles,</span> <span class='ocrx_word' id='word_1_126' title='bbox 246 2023 424 2091; x_wconf 88' lang='lat' dir='ltr'>dummodo</span> <span class='ocrx_word' id='word_1_127' title='bbox 449 2026 580 2110; x_wconf 86' lang='lat' dir='ltr'>placeat</span> <span class='ocrx_word' id='word_1_128' title='bbox 595 2024 681 2094; x_wconf 91' lang='lat' dir='ltr'>Vest</span> <span class='ocrx_word' id='word_1_129' title='bbox 667 2031 719 2091; x_wconf 90' lang='grc' dir='ltr'>ιιι</span> <span class='ocrx_word' id='word_1_130' title='bbox 736 2022 914 2090; x_wconf 82' lang='lat' dir='ltr'>Serenitat</span> <span class='ocrx_word' id='word_1_131' title='bbox 889 2031 916 2090; x_wconf 88' lang='lat' dir='ltr'>tr</span> <span class='ocrx_word' id='word_1_132' title='bbox 932 2023 1059 2108; x_wconf 86' lang='lat' dir='ltr'>prefate</span> <span class='ocrx_word' id='word_1_133' title='bbox 1075 2024 1169 2090; x_wconf 90' lang='lat' dir='ltr'>nobis</span> 
     </span>
     <span class='ocr_line' id='line_1_17' title="bbox 1 2119 1163 2218; baseline 0.003 -24"><span class='ocrx_word' id='word_1_134' title='bbox 1 2119 4 2195; x_wconf 63' lang='grc' dir='ltr'><em>ᾗ</em></span> <span class='ocrx_word' id='word_1_135' title='bbox 50 2133 107 2198; x_wconf 89' lang='lat' dir='ltr'>suis</span> <span class='ocrx_word' id='word_1_136' title='bbox 127 2135 327 2218; x_wconf 84' lang='lat' dir='ltr'>responsivis</span> <span class='ocrx_word' id='word_1_137' title='bbox 352 2134 472 2200; x_wconf 89' lang='lat' dir='ltr'>litteris</span> <span class='ocrx_word' id='word_1_138' title='bbox 497 2133 666 2200; x_wconf 89' lang='lat' dir='ltr'>declarare</span> <span class='ocrx_word' id='word_1_139' title='bbox 683 2133 723 2198; x_wconf 90' lang='lat' dir='ltr'>de</span> <span class='ocrx_word' id='word_1_140' title='bbox 740 2133 863 2198; x_wconf 86' lang='lat' dir='ltr'>locos</span> <span class='ocrx_word' id='word_1_141' title='bbox 849 2133 1057 2216; x_wconf 87' lang='lat' dir='ltr'>ttempore,</span> <span class='ocrx_word' id='word_1_142' title='bbox 1049 2154 1083 2197; x_wconf 89' lang='grc' dir='ltr'>ιιι</span> <span class='ocrx_word' id='word_1_143' title='bbox 1099 2153 1163 2216; x_wconf 89' lang='lat' dir='ltr'>quo</span> 
     </span>
     <span class='ocr_line' id='line_1_18' title="bbox 1 2242 1171 2327; baseline -0.003 -18"><span class='ocrx_word' id='word_1_144' title='bbox 1 2291 2 2294; x_wconf 63' lang='lat'>,</span> <span class='ocrx_word' id='word_1_145' title='bbox 50 2242 138 2309; x_wconf 78' lang='lat' dir='ltr'>aad</span> <span class='ocrx_word' id='word_1_146' title='bbox 162 2264 263 2326; x_wconf 92' lang='lat' dir='ltr'>quem</span> <span class='ocrx_word' id='word_1_147' title='bbox 289 2244 356 2308; x_wconf 87' lang='lat' dir='ltr'>sint</span> <span class='ocrx_word' id='word_1_148' title='bbox 379 2243 540 2310; x_wconf 87' lang='lat' dir='ltr'>accessuri</span> <span class='ocrx_word' id='word_1_149' title='bbox 555 2243 660 2311; x_wconf 88' lang='lat' dir='ltr'>nostri</span> <span class='ocrx_word' id='word_1_150' title='bbox 676 2242 920 2309; x_wconf 85' lang='lat' dir='ltr'>Ambaxatores</span> <span class='ocrx_word' id='word_1_151' title='bbox 935 2242 1083 2327; x_wconf 86' lang='lat' dir='ltr'>predicti,</span> <span class='ocrx_word' id='word_1_152' title='bbox 1101 2243 1171 2326; x_wconf 91' lang='lat' dir='ltr'>qui</span> 
     </span>
     <span class='ocr_line' id='line_1_19' title="bbox 1 2348 1171 2436; baseline 0 -22"><span class='ocrx_word' id='word_1_153' title='bbox 1 2349 101 2416; x_wconf 90' lang='lat' dir='ltr'>bus</span> <span class='ocrx_word' id='word_1_154' title='bbox 122 2351 244 2418; x_wconf 87' lang='lat' dir='ltr'>litteris</span> <span class='ocrx_word' id='word_1_155' title='bbox 272 2349 508 2418; x_wconf 85' lang='lat' dir='ltr'>declaracicnis</span> <span class='ocrx_word' id='word_1_156' title='bbox 532 2351 638 2418; x_wconf 84' lang='lat' dir='ltr'>babit&#39;</span> <span class='ocrx_word' id='word_1_157' title='bbox 613 2357 657 2418; x_wconf 87' lang='grc' dir='ltr'>ιιι</span> <span class='ocrx_word' id='word_1_158' title='bbox 682 2357 717 2416; x_wconf 85' lang='grc' dir='ltr'>ιι</span> <span class='ocrx_word' id='word_1_159' title='bbox 732 2352 882 2436; x_wconf 84' lang='lat' dir='ltr'>receptis,</span> <span class='ocrx_word' id='word_1_160' title='bbox 898 2357 972 2418; x_wconf 89' lang='lat' dir='ltr'>nost</span> <span class='ocrx_word' id='word_1_161' title='bbox 974 2372 1029 2416; x_wconf 91' lang='lat' dir='ltr'>ros</span> <span class='ocrx_word' id='word_1_162' title='bbox 1046 2348 1171 2417; x_wconf 90' lang='lat' dir='ltr'>Amba-</span> 
     </span>
     <span class='ocr_line' id='line_1_20' title="bbox 1 2457 884 2544; baseline 0.005 -24"><span class='ocrx_word' id='word_1_163' title='bbox 1 2486 5 2496; x_wconf 95' lang='lat'><em>·</em></span> <span class='ocrx_word' id='word_1_164' title='bbox 48 2465 165 2526; x_wconf 81' lang='lat' dir='ltr'>setores</span> <span class='ocrx_word' id='word_1_165' title='bbox 180 2459 334 2544; x_wconf 86' lang='lat' dir='ltr'>prefatos</span> <span class='ocrx_word' id='word_1_166' title='bbox 349 2459 475 2525; x_wconf 91' lang='lat' dir='ltr'>solicite</span> <span class='ocrx_word' id='word_1_167' title='bbox 490 2460 693 2527; x_wconf 88' lang='lat' dir='ltr'>studebimus</span> <span class='ocrx_word' id='word_1_168' title='bbox 711 2457 884 2525; x_wconf 85' lang='lat' dir='ltr'>destinare.</span> 
     </span>
    </p>
   </div>
   <div class='ocr_carea' id='block_1_3' title="bbox 1553 0 1554 920">
    <p class='ocr_par' dir='ltr' id='par_1_3' title="bbox 1553 0 1554 920">
     <span class='ocr_line' id='line_1_21' title="bbox 1553 0 1554 920; baseline 0 0"><span class='ocrx_word' id='word_1_169' title='bbox 1553 0 1554 920; x_wconf 95' lang='lat' dir='ltr'> </span> 
     </span>
    </p>
   </div>
   <div class='ocr_carea' id='block_1_4' title="bbox 128 2605 1064 2670">
    <p class='ocr_par' dir='ltr' id='par_1_4' title="bbox 1 2569 1064 2673">
     <span class='ocr_line' id='line_1_22' title="bbox 128 2605 1064 2670; baseline 0.002 -15.761"><span class='ocrx_word' id='word_1_170' title='bbox 128 2607 163 2667; x_wconf 82' lang='grc' dir='ltr'>(Α</span> <span class='ocrx_word' id='word_1_171' title='bbox 178 2605 292 2655; x_wconf 73' lang='lat' dir='ltr'>»Mirati«</span> <span class='ocrx_word' id='word_1_172' title='bbox 309 2605 396 2655; x_wconf 83' lang='lat' dir='ltr'>ezimtt</span> <span class='ocrx_word' id='word_1_173' title='bbox 409 2606 547 2656; x_wconf 84' lang='lat' dir='ltr'>velenczei</span> <span class='ocrx_word' id='word_1_174' title='bbox 562 2606 788 2669; x_wconf 78' lang='lat' dir='ltr'>ollamkonyvbol</span> <span class='ocrx_word' id='word_1_175' title='bbox 801 2607 888 2658; x_wconf 82' lang='lat' dir='ltr'>XXV.</span> <span class='ocrx_word' id='word_1_176' title='bbox 902 2609 960 2657; x_wconf 80' lang='lat' dir='ltr'>kor.</span> <span class='ocrx_word' id='word_1_177' title='bbox 970 2609 1019 2670; x_wconf 79' lang='lat' dir='ltr'>¹tl.</span> <span class='ocrx_word' id='word_1_178' title='bbox 1035 2607 1064 2666; x_wconf 83' lang='lat' dir='ltr'>l.)</span> 
     </span>
    </p>
   </div>
   <div class='ocr_carea' id='block_1_5' title="bbox 572 2933 645 2994">
    <p class='ocr_par' dir='ltr' id='par_1_5' title="bbox 572 2933 645 2994">
     <span class='ocr_line' id='line_1_23' title="bbox 572 2933 645 2994; baseline -0.014 0"><span class='ocrx_word' id='word_1_179' title='bbox 572 2933 645 2994; x_wconf 79' lang='lat'><strong>289.</strong></span> 
     </span>
    </p>
   </div>
   <div class='ocr_carea' id='block_1_6' title="bbox 1 3088 1172 3288">
    <p class='ocr_par' dir='ltr' id='par_1_6' title="bbox 1 3057 1172 3288">
     <span class='ocr_line' id='line_1_24' title="bbox 46 3088 1172 3180; baseline -0.004 -20.192"><span class='ocrx_word' id='word_1_180' title='bbox 46 3088 249 3158; x_wconf 75' lang='lat' dir='ltr'>Aoeleoczei</span> <span class='ocrx_word' id='word_1_181' title='bbox 274 3091 552 3178; x_wconf 73' lang='lat' dir='ltr'>lciiztdrscscigoalc</span> <span class='ocrx_word' id='word_1_182' title='bbox 578 3091 786 3158; x_wconf 79' lang='lat' dir='ltr'>butdrcsutai</span> <span class='ocrx_word' id='word_1_183' title='bbox 811 3116 851 3158; x_wconf 81' lang='lat' dir='ltr'>aa</span> <span class='ocrx_word' id='word_1_184' title='bbox 874 3094 901 3157; x_wconf 89' lang='lat' dir='ltr'>I.</span> <span class='ocrx_word' id='word_1_185' title='bbox 919 3093 1018 3180; x_wconf 78' lang='lat' dir='ltr'>Lajoa</span> <span class='ocrx_word' id='word_1_186' title='bbox 1034 3112 1172 3178; x_wconf 66' lang='lat' dir='ltr'>mappas·</span> 
     </span>
     <span class='ocr_line' id='line_1_25' title="bbox 1 3193 997 3288; baseline 0.002 -24"><span class='ocrx_word' id='word_1_187' title='bbox 1 3193 2 3196; x_wconf 26' lang='lat'>¹</span> <span class='ocrx_word' id='word_1_188' title='bbox 216 3199 404 3286; x_wconf 75' lang='lat' dir='ltr'>airclplyat</span> <span class='ocrx_word' id='word_1_189' title='bbox 420 3201 557 3265; x_wconf 70' lang='lat' dir='ltr'>boiaco</span> <span class='ocrx_word' id='word_1_190' title='bbox 573 3201 718 3288; x_wconf 67' lang='lat' dir='ltr'>bekesse‘q</span> <span class='ocrx_word' id='word_1_191' title='bbox 733 3201 882 3287; x_wconf 72' lang='lat' dir='ltr'>r&#39;tpytbeo.</span> <span class='ocrx_word' id='word_1_192' title='bbox 902 3203 997 3266; x_wconf 79' lang='lat'><em>1349.</em></span> 
     </span>
    </p>
   </div>
   <div class='ocr_carea' id='block_1_7' title="bbox 1 3355 1175 4634">
    <p class='ocr_par' dir='ltr' id='par_1_7' title="bbox 1 3355 1173 3876">
     <span class='ocr_line' id='line_1_26' title="bbox 1 3355 1168 3453; baseline 0 -29"><span class='ocrx_word' id='word_1_193' title='bbox 1 3446 2 3453; x_wconf 6' lang='grc' dir='ltr'>ἵ</span> <span class='ocrx_word' id='word_1_194' title='bbox 146 3357 250 3424; x_wconf 83' lang='lat' dir='ltr'>Anno</span> <span class='ocrx_word' id='word_1_195' title='bbox 283 3355 542 3427; x_wconf 81' lang='lat' dir='ltr'>MCGCXLIX.</span> <span class='ocrx_word' id='word_1_196' title='bbox 576 3359 757 3427; x_wconf 89' lang='lat' dir='ltr'>indictione</span> <span class='ocrx_word' id='word_1_197' title='bbox 782 3360 934 3444; x_wconf 91' lang='lat' dir='ltr'>secunda,</span> <span class='ocrx_word' id='word_1_198' title='bbox 957 3359 1010 3426; x_wconf 89' lang='lat' dir='ltr'>die</span> <span class='ocrx_word' id='word_1_199' title='bbox 1034 3358 1168 3426; x_wconf 88' lang='lat' dir='ltr'>II.—V.</span> 
     </span>
     <span class='ocr_line' id='line_1_27' title="bbox 1 3462 1173 3558; baseline 0.003 -30"><span class='ocrx_word' id='word_1_200' title='bbox 1 3513 2 3558; x_wconf 76' lang='lat'>3</span> <span class='ocrx_word' id='word_1_201' title='bbox 46 3462 132 3534; x_wconf 86' lang='lat' dir='ltr'>Julii.</span> <span class='ocrx_word' id='word_1_202' title='bbox 156 3465 368 3532; x_wconf 82' lang='lat' dir='ltr'>Examinatis</span> <span class='ocrx_word' id='word_1_203' title='bbox 392 3466 513 3534; x_wconf 89' lang='lat' dir='ltr'>litteris</span> <span class='ocrx_word' id='word_1_204' title='bbox 538 3467 661 3534; x_wconf 87' lang='lat' dir='ltr'>domini</span> <span class='ocrx_word' id='word_1_205' title='bbox 677 3467 780 3551; x_wconf 87' lang='lat' dir='ltr'>Regis</span> <span class='ocrx_word' id='word_1_206' title='bbox 796 3469 970 3550; x_wconf 87' lang='lat' dir='ltr'>Huugarie</span> <span class='ocrx_word' id='word_1_207' title='bbox 986 3489 1084 3551; x_wconf 88' lang='lat' dir='ltr'>super</span> <span class='ocrx_word' id='word_1_208' title='bbox 1098 3468 1173 3534; x_wconf 89' lang='lat' dir='ltr'>mis·</span> 
     </span>
     <span class='ocr_line' id='line_1_28' title="bbox 1 3570 1173 3660; baseline 0.003 -24"><span class='ocrx_word' id='word_1_209' title='bbox 1 3570 3 3588; x_wconf 82' lang='lat'>&#39;</span> <span class='ocrx_word' id='word_1_210' title='bbox 45 3575 83 3638; x_wconf 87' lang='lat' dir='ltr'>sis</span> <span class='ocrx_word' id='word_1_211' title='bbox 106 3573 232 3640; x_wconf 89' lang='lat' dir='ltr'>Ducali</span> <span class='ocrx_word' id='word_1_212' title='bbox 258 3572 421 3660; x_wconf 85' lang='lat' dir='ltr'>Dominio,</span> <span class='ocrx_word' id='word_1_213' title='bbox 447 3581 480 3641; x_wconf 91' lang='lat' dir='ltr'>et</span> <span class='ocrx_word' id='word_1_214' title='bbox 505 3598 602 3660; x_wconf 90' lang='lat' dir='ltr'>super</span> <span class='ocrx_word' id='word_1_215' title='bbox 625 3578 787 3643; x_wconf 87' lang='lat' dir='ltr'>contentis</span> <span class='ocrx_word' id='word_1_216' title='bbox 804 3577 837 3641; x_wconf 95' lang='lat' dir='ltr'>in</span> <span class='ocrx_word' id='word_1_217' title='bbox 854 3578 901 3642; x_wconf 87' lang='lat' dir='ltr'>eis</span> <span class='ocrx_word' id='word_1_218' title='bbox 917 3577 1037 3642; x_wconf 91' lang='lat' dir='ltr'>habitis</span> <span class='ocrx_word' id='word_1_219' title='bbox 1053 3575 1173 3642; x_wconf 87' lang='lat' dir='ltr'>delibe-</span> 
     </span>
     <span class='ocr_line' id='line_1_29' title="bbox 1 3683 1173 3769; baseline 0.003 -25"><span class='ocrx_word' id='word_1_220' title='bbox 1 3727 2 3734; x_wconf 33' lang='grc' dir='ltr'>ι</span> <span class='ocrx_word' id='word_1_221' title='bbox 44 3683 171 3749; x_wconf 85' lang='lat' dir='ltr'>racione</span> <span class='ocrx_word' id='word_1_222' title='bbox 198 3689 233 3748; x_wconf 91' lang='lat' dir='ltr'>et</span> <span class='ocrx_word' id='word_1_223' title='bbox 259 3683 421 3767; x_wconf 91' lang='lat' dir='ltr'>colloquio</span> <span class='ocrx_word' id='word_1_224' title='bbox 437 3684 619 3768; x_wconf 84' lang='lat' dir='ltr'>diligenter,</span> <span class='ocrx_word' id='word_1_225' title='bbox 644 3685 819 3751; x_wconf 89' lang='lat' dir='ltr'>consulunt</span> <span class='ocrx_word' id='word_1_226' title='bbox 837 3686 1010 3769; x_wconf 79' lang='lat' dir='ltr'>sapientae,</span> <span class='ocrx_word' id='word_1_227' title='bbox 1027 3684 1113 3767; x_wconf 91' lang='lat' dir='ltr'>quod</span> <span class='ocrx_word' id='word_1_228' title='bbox 1131 3683 1173 3748; x_wconf 76' lang='lat' dir='ltr'>ael</span> 
     </span>
     <span class='ocr_line' id='line_1_30' title="bbox 1 3777 1095 3876; baseline 0.005 -25"><span class='ocrx_word' id='word_1_229' title='bbox 1 3777 2 3782; x_wconf 59' lang='grc'>’</span> <span class='ocrx_word' id='word_1_230' title='bbox 45 3787 128 3872; x_wconf 86' lang='lat' dir='ltr'>ipsas</span> <span class='ocrx_word' id='word_1_231' title='bbox 143 3791 389 3875; x_wconf 89' lang='lat' dir='ltr'>respondeatur</span> <span class='ocrx_word' id='word_1_232' title='bbox 403 3813 463 3875; x_wconf 91' lang='lat' dir='ltr'>per</span> <span class='ocrx_word' id='word_1_233' title='bbox 478 3790 615 3858; x_wconf 87' lang='lat' dir='ltr'>formam</span> <span class='ocrx_word' id='word_1_234' title='bbox 631 3799 664 3858; x_wconf 89' lang='lat' dir='ltr'>et</span> <span class='ocrx_word' id='word_1_235' title='bbox 679 3793 826 3858; x_wconf 89' lang='lat' dir='ltr'>ordinem</span> <span class='ocrx_word' id='word_1_236' title='bbox 842 3791 1095 3876; x_wconf 84' lang='lat' dir='ltr'>infrascriptum.</span> 
     </span>
    </p>

    <p class='ocr_par' dir='ltr' id='par_1_8' title="bbox 44 3897 1175 4634">
     <span class='ocr_line' id='line_1_31' title="bbox 146 3897 1173 3986; baseline 0 -20"><span class='ocrx_word' id='word_1_237' title='bbox 146 3901 194 3966; x_wconf 86' lang='lat' dir='ltr'>Et</span> <span class='ocrx_word' id='word_1_238' title='bbox 208 3902 317 3984; x_wconf 91' lang='lat' dir='ltr'>primo</span> <span class='ocrx_word' id='word_1_239' title='bbox 328 3900 370 3966; x_wconf 90' lang='lat' dir='ltr'>ad</span> <span class='ocrx_word' id='word_1_240' title='bbox 381 3901 640 3984; x_wconf 86' lang='lat' dir='ltr'>primsslitteras</span> <span class='ocrx_word' id='word_1_241' title='bbox 658 3923 733 3967; x_wconf 88' lang='lat' dir='ltr'>suas</span> <span class='ocrx_word' id='word_1_242' title='bbox 742 3902 996 3986; x_wconf 88' lang='lat' dir='ltr'>respondeatur:</span> <span class='ocrx_word' id='word_1_243' title='bbox 1013 3897 1173 3984; x_wconf 81' lang='lat' dir='ltr'>Capta:</span> 
     </span>
     <span class='ocr_line' id='line_1_32' title="bbox 49 3995 1174 4094; baseline 0 -23"><span class='ocrx_word' id='word_1_244' title='bbox 49 3995 208 4087; x_wconf 88' lang='lat' dir='ltr'>quomodo</span> <span class='ocrx_word' id='word_1_245' title='bbox 226 4007 358 4074; x_wconf 88' lang='lat' dir='ltr'>litteras</span> <span class='ocrx_word' id='word_1_246' title='bbox 383 4005 580 4074; x_wconf 85' lang='lat' dir='ltr'>Serenitatis</span> <span class='ocrx_word' id='word_1_247' title='bbox 606 4008 671 4076; x_wconf 82' lang='lat' dir='ltr'>Sue</span> <span class='ocrx_word' id='word_1_248' title='bbox 696 4011 883 4094; x_wconf 87' lang='lat' dir='ltr'>recepimus,</span> <span class='ocrx_word' id='word_1_249' title='bbox 907 4009 940 4072; x_wconf 93' lang='lat' dir='ltr'>in</span> <span class='ocrx_word' id='word_1_250' title='bbox 966 4007 1084 4092; x_wconf 88' lang='lat' dir='ltr'>quibus</span> <span class='ocrx_word' id='word_1_251' title='bbox 1109 4005 1174 4073; x_wconf 86' lang='lat' dir='ltr'>Sue</span> 
     </span>
     <span class='ocr_line' id='line_1_33' title="bbox 44 4111 1173 4202; baseline 0.002 -25"><span class='ocrx_word' id='word_1_252' title='bbox 44 4111 250 4182; x_wconf 82' lang='lat' dir='ltr'>Excellencie</span> <span class='ocrx_word' id='word_1_253' title='bbox 282 4113 376 4183; x_wconf 91' lang='lat' dir='ltr'>nobis</span> <span class='ocrx_word' id='word_1_254' title='bbox 403 4117 530 4202; x_wconf 87' lang='lat' dir='ltr'>placuit</span> <span class='ocrx_word' id='word_1_255' title='bbox 554 4116 717 4199; x_wconf 86' lang='lat' dir='ltr'>intimare,</span> <span class='ocrx_word' id='word_1_256' title='bbox 741 4123 899 4201; x_wconf 85' lang='lat' dir='ltr'>treuguas</span> <span class='ocrx_word' id='word_1_257' title='bbox 924 4123 955 4183; x_wconf 87' lang='lat' dir='ltr'>et</span> <span class='ocrx_word' id='word_1_258' title='bbox 981 4116 1173 4182; x_wconf 88' lang='lat' dir='ltr'>concordias</span> 
     </span>
     <span class='ocr_line' id='line_1_34' title="bbox 45 4222 1173 4309; baseline 0.003 -23"><span class='ocrx_word' id='word_1_259' title='bbox 45 4227 203 4290; x_wconf 84' lang='lat' dir='ltr'>tractatas</span> <span class='ocrx_word' id='word_1_260' title='bbox 221 4229 254 4290; x_wconf 91' lang='grc' dir='ltr'>ιι</span> <span class='ocrx_word' id='word_1_261' title='bbox 268 4232 462 4307; x_wconf 85' lang='lat' dir='ltr'>procuratas</span> <span class='ocrx_word' id='word_1_262' title='bbox 480 4246 541 4309; x_wconf 90' lang='lat' dir='ltr'>per</span> <span class='ocrx_word' id='word_1_263' title='bbox 561 4222 808 4292; x_wconf 82' lang='lat' dir='ltr'>Sanctissimum</span> <span class='ocrx_word' id='word_1_264' title='bbox 833 4225 998 4291; x_wconf 87' lang='lat' dir='ltr'>dominum</span> <span class='ocrx_word' id='word_1_265' title='bbox 1023 4231 1173 4290; x_wconf 88' lang='lat' dir='ltr'>nostrum</span> 
     </span>
     <span class='ocr_line' id='line_1_35' title="bbox 46 4326 1172 4416; baseline 0.004 -23"><span class='ocrx_word' id='word_1_266' title='bbox 46 4326 179 4416; x_wconf 85' lang='lat' dir='ltr'>Papam,</span> <span class='ocrx_word' id='word_1_267' title='bbox 206 4337 240 4398; x_wconf 90' lang='lat' dir='ltr'>et</span> <span class='ocrx_word' id='word_1_268' title='bbox 270 4333 369 4398; x_wconf 88' lang='lat' dir='ltr'>initas</span> <span class='ocrx_word' id='word_1_269' title='bbox 385 4336 471 4399; x_wconf 88' lang='lat' dir='ltr'>inter</span> <span class='ocrx_word' id='word_1_270' title='bbox 487 4331 587 4400; x_wconf 82' lang='lat' dir='ltr'>Suam</span> <span class='ocrx_word' id='word_1_271' title='bbox 603 4333 742 4416; x_wconf 85' lang='lat' dir='ltr'>Regiam</span> <span class='ocrx_word' id='word_1_272' title='bbox 758 4334 969 4400; x_wconf 85' lang='lat' dir='ltr'>Maiestatem</span> <span class='ocrx_word' id='word_1_273' title='bbox 986 4339 1019 4399; x_wconf 87' lang='lat' dir='ltr'>et</span> <span class='ocrx_word' id='word_1_274' title='bbox 1038 4355 1121 4414; x_wconf 91' lang='lat' dir='ltr'>suos,</span> <span class='ocrx_word' id='word_1_275' title='bbox 1139 4339 1172 4398; x_wconf 86' lang='lat' dir='ltr'>et</span> 
     </span>
     <span class='ocr_line' id='line_1_36' title="bbox 48 4435 1175 4525; baseline 0.005 -25"><span class='ocrx_word' id='word_1_276' title='bbox 48 4435 204 4505; x_wconf 86' lang='lat' dir='ltr'>illustrem</span> <span class='ocrx_word' id='word_1_277' title='bbox 222 4440 389 4506; x_wconf 87' lang='lat' dir='ltr'>dominam</span> <span class='ocrx_word' id='word_1_278' title='bbox 400 4441 425 4507; x_wconf 89' lang='lat' dir='ltr'><strong>J</strong></span> <span class='ocrx_word' id='word_1_279' title='bbox 426 4441 588 4507; x_wconf 88' lang='lat' dir='ltr'>channam</span> <span class='ocrx_word' id='word_1_280' title='bbox 599 4446 632 4505; x_wconf 88' lang='lat' dir='ltr'>et</span> <span class='ocrx_word' id='word_1_281' title='bbox 642 4464 717 4508; x_wconf 91' lang='lat' dir='ltr'>suos</span> <span class='ocrx_word' id='word_1_282' title='bbox 729 4465 747 4507; x_wconf 89' lang='lat' dir='ltr'>a</span> <span class='ocrx_word' id='word_1_283' title='bbox 758 4443 942 4508; x_wconf 87' lang='lat' dir='ltr'>Nativitate</span> <span class='ocrx_word' id='word_1_284' title='bbox 953 4441 1086 4506; x_wconf 91' lang='lat' dir='ltr'>Domini</span> <span class='ocrx_word' id='word_1_285' title='bbox 1099 4463 1175 4525; x_wconf 92' lang='lat' dir='ltr'>pro-</span> 
     </span>
     <span class='ocr_line' id='line_1_37' title="bbox 48 4548 1175 4634; baseline 0.005 -26"><span class='ocrx_word' id='word_1_286' title='bbox 48 4548 553 4634; x_wconf 75' lang='lat' dir='ltr'>simsusqueaduuumsnnum,</span> <span class='ocrx_word' id='word_1_287' title='bbox 569 4572 702 4614; x_wconf 89' lang='lat' dir='ltr'>necnon</span> <span class='ocrx_word' id='word_1_288' title='bbox 713 4549 953 4615; x_wconf 78' lang='lat' dir='ltr'>matrimonium</span> <span class='ocrx_word' id='word_1_289' title='bbox 971 4556 1175 4615; x_wconf 86' lang='lat' dir='ltr'>contractum</span> 
     </span>
    </p>
   </div>
   <div class='ocr_carea' id='block_1_8' title="bbox 0 0 1558 5246">
    <p class='ocr_par' dir='ltr' id='par_1_9' title="bbox 0 0 1558 5246">
     <span class='ocr_line' id='line_1_38' title="bbox 0 0 1558 5246; baseline 0 0"><span class='ocrx_word' id='word_1_290' title='bbox 0 0 1558 5246; x_wconf 95' lang='lat' dir='ltr'> </span> 
     </span>
    </p>
   </div>
  </div>
 </body>
</html>
