<?xml version="1.0" encoding="UTF-8"?>
<!DOCTYPE html PUBLIC "-//W3C//DTD XHTML 1.0 Transitional//EN"
    "http://www.w3.org/TR/xhtml1/DTD/xhtml1-transitional.dtd">
<html xmlns="http://www.w3.org/1999/xhtml" xml:lang="en" lang="en">
 <head>
  <title>
</title>
<meta http-equiv="Content-Type" content="text/html;charset=utf-8" />
  <meta name='ocr-system' content='tesseract 3.04.00' />
  <meta name='ocr-capabilities' content='ocr_page ocr_carea ocr_par ocr_line ocrx_word'/>
</head>
<body>
  <div class='ocr_page' id='page_1' title='image "./magyardiplomacz01wenzgoog_0602.png"; bbox 0 0 3220 5248; ppageno 0'>
   <div class='ocr_carea' id='block_1_1' title="bbox 408 469 1182 538">
    <p class='ocr_par' dir='ltr' id='par_1_1' title="bbox 408 469 1182 538">
     <span class='ocr_line' id='line_1_1' title="bbox 408 469 1182 538; baseline 0.001 -4"><span class='ocrx_word' id='word_1_1' title='bbox 408 469 474 534; x_wconf 78' lang='lat'><strong>564</strong></span> <span class='ocrx_word' id='word_1_2' title='bbox 762 487 996 538; x_wconf 74' lang='lat' dir='ltr'><strong>nrrnourczrm</strong></span> <span class='ocrx_word' id='word_1_3' title='bbox 1011 476 1182 538; x_wconf 74' lang='grc'><strong>66616666.</strong></span> 
     </span>
    </p>
   </div>
   <div class='ocr_carea' id='block_1_2' title="bbox 934 782 1010 845">
    <p class='ocr_par' dir='ltr' id='par_1_2' title="bbox 934 782 1010 845">
     <span class='ocr_line' id='line_1_2' title="bbox 934 782 1010 845; baseline 0 -1"><span class='ocrx_word' id='word_1_4' title='bbox 934 782 1010 845; x_wconf 90' lang='grc'>410.</span> 
     </span>
    </p>
   </div>
   <div class='ocr_carea' id='block_1_3' title="bbox 407 941 1519 1118">
    <p class='ocr_par' dir='ltr' id='par_1_3' title="bbox 407 941 1582 1118">
     <span class='ocr_line' id='line_1_3' title="bbox 407 941 1519 1029; baseline -0.007 -16"><span class='ocrx_word' id='word_1_5' title='bbox 407 942 436 1006; x_wconf 86' lang='lat' dir='ltr'><strong>I·</strong></span> <span class='ocrx_word' id='word_1_6' title='bbox 455 943 555 1028; x_wconf 69' lang='lat' dir='ltr'><strong>Lajos</strong></span> <span class='ocrx_word' id='word_1_7' title='bbox 569 964 711 1029; x_wconf 74' lang='lat' dir='ltr'><strong>maqyar</strong></span> <span class='ocrx_word' id='word_1_8' title='bbox 727 943 839 1029; x_wconf 74' lang='lat' dir='ltr'><strong>kiroty</strong></span> <span class='ocrx_word' id='word_1_9' title='bbox 855 941 992 1008; x_wconf 70' lang='lat' dir='ltr'><strong>Bellieno</strong></span> <span class='ocrx_word' id='word_1_10' title='bbox 1018 944 1051 1007; x_wconf 83' lang='lat' dir='ltr'><strong>e&#39;s</strong></span> <span class='ocrx_word' id='word_1_11' title='bbox 1065 943 1175 1009; x_wconf 78' lang='lat' dir='ltr'><strong>Feltri</strong></span> <span class='ocrx_word' id='word_1_12' title='bbox 1189 944 1323 1010; x_wconf 75' lang='lat' dir='ltr'><strong>vorosok</strong></span> <span class='ocrx_word' id='word_1_13' title='bbox 1339 945 1372 1008; x_wconf 84' lang='lat' dir='ltr'><strong>c&#39;s</strong></span> <span class='ocrx_word' id='word_1_14' title='bbox 1386 945 1519 1010; x_wconf 69' lang='grc'><strong>61611161</strong></span> 
     </span>
     <span class='ocr_line' id='line_1_4' title="bbox 820 1050 1138 1118; baseline 0.006 -4"><span class='ocrx_word' id='word_1_15' title='bbox 820 1050 1024 1116; x_wconf 72' lang='lat' dir='ltr'><strong>birtokeidao.</strong></span> <span class='ocrx_word' id='word_1_16' title='bbox 1042 1053 1138 1118; x_wconf 80' lang='grc'><strong>1360.</strong></span> 
     </span>
    </p>
   </div>
   <div class='ocr_carea' id='block_1_4' title="bbox 512 1209 1520 1279">
    <p class='ocr_par' dir='ltr' id='par_1_4' title="bbox 512 1209 1520 1279">
     <span class='ocr_line' id='line_1_5' title="bbox 512 1209 1520 1279; baseline 0.001 -3"><span class='ocrx_word' id='word_1_17' title='bbox 512 1209 611 1277; x_wconf 85' lang='lat' dir='ltr'><strong>Anno</strong></span> <span class='ocrx_word' id='word_1_18' title='bbox 641 1209 840 1278; x_wconf 77' lang='lat' dir='ltr'>MOOOLX.</span> <span class='ocrx_word' id='word_1_19' title='bbox 871 1210 1048 1278; x_wconf 83' lang='lat' dir='ltr'><strong>indictione</strong></span> <span class='ocrx_word' id='word_1_20' title='bbox 1079 1211 1176 1277; x_wconf 88' lang='lat' dir='ltr'><strong>XHl.</strong></span> <span class='ocrx_word' id='word_1_21' title='bbox 1208 1211 1261 1278; x_wconf 89' lang='lat' dir='ltr'><strong>die</strong></span> <span class='ocrx_word' id='word_1_22' title='bbox 1293 1235 1377 1279; x_wconf 90' lang='lat' dir='ltr'><strong>nono</strong></span> <span class='ocrx_word' id='word_1_23' title='bbox 1413 1214 1520 1278; x_wconf 82' lang='lat' dir='ltr'><strong>mensis</strong></span> 
     </span>
    </p>
   </div>
   <div class='ocr_carea' id='block_1_5' title="bbox 392 1315 1582 4761">
    <p class='ocr_par' dir='ltr' id='par_1_5' title="bbox 399 1315 1582 2595">
     <span class='ocr_line' id='line_1_6' title="bbox 404 1315 1520 1405; baseline 0.002 -23"><span class='ocrx_word' id='word_1_24' title='bbox 404 1315 558 1403; x_wconf 76' lang='lat' dir='ltr'><strong>Augusti.</strong></span> <span class='ocrx_word' id='word_1_25' title='bbox 573 1319 793 1404; x_wconf 85' lang='lat' dir='ltr'><strong>Infrascripta</strong></span> <span class='ocrx_word' id='word_1_26' title='bbox 803 1327 878 1386; x_wconf 89' lang='lat' dir='ltr'><strong>sunt</strong></span> <span class='ocrx_word' id='word_1_27' title='bbox 888 1321 1035 1404; x_wconf 87' lang='lat' dir='ltr'><strong>capitula</strong></span> <span class='ocrx_word' id='word_1_28' title='bbox 1046 1326 1236 1405; x_wconf 88' lang='lat' dir='ltr'><strong>presentata</strong></span> <span class='ocrx_word' id='word_1_29' title='bbox 1244 1321 1365 1388; x_wconf 87' lang='lat' dir='ltr'><strong>Dueali</strong></span> <span class='ocrx_word' id='word_1_30' title='bbox 1380 1319 1520 1387; x_wconf 90' lang='lat' dir='ltr'><strong>Dominio</strong></span> 
     </span>
     <span class='ocr_line' id='line_1_7' title="bbox 403 1424 1582 1512; baseline 0.001 -20"><span class='ocrx_word' id='word_1_31' title='bbox 403 1449 463 1512; x_wconf 87' lang='lat' dir='ltr'><strong>per</strong></span> <span class='ocrx_word' id='word_1_32' title='bbox 487 1424 671 1494; x_wconf 87' lang='lat' dir='ltr'><strong>Antonium</strong></span> <span class='ocrx_word' id='word_1_33' title='bbox 696 1429 737 1494; x_wconf 88' lang='lat' dir='ltr'><strong>de</strong></span> <span class='ocrx_word' id='word_1_34' title='bbox 762 1428 941 1496; x_wconf 80' lang='lat' dir='ltr'><strong>(lumirano</strong></span> <span class='ocrx_word' id='word_1_35' title='bbox 966 1428 1226 1496; x_wconf 86' lang='lat' dir='ltr'><strong>Ambaxatorem</strong></span> <span class='ocrx_word' id='word_1_36' title='bbox 1241 1429 1372 1495; x_wconf 86' lang='lat' dir='ltr'><strong>Nicolai</strong></span> <span class='ocrx_word' id='word_1_37' title='bbox 1390 1428 1521 1495; x_wconf 79' lang='lat' dir='ltr'><strong>Tomasii</strong></span> <span class='ocrx_word' id='word_1_38' title='bbox 1581 1451 1582 1500; x_wconf 70' lang='lat' dir='ltr'><strong>f</strong></span> 
     </span>
     <span class='ocr_line' id='line_1_8' title="bbox 403 1533 1522 1622; baseline 0.001 -23"><span class='ocrx_word' id='word_1_39' title='bbox 403 1533 577 1619; x_wconf 79' lang='lat' dir='ltr'><strong>Capitonei</strong></span> <span class='ocrx_word' id='word_1_40' title='bbox 601 1536 709 1602; x_wconf 78' lang='lat' dir='ltr'><strong>Feltri</strong></span> <span class='ocrx_word' id='word_1_41' title='bbox 734 1543 767 1603; x_wconf 88' lang='lat' dir='ltr'><strong>et</strong></span> <span class='ocrx_word' id='word_1_42' title='bbox 791 1536 925 1602; x_wconf 91' lang='lat' dir='ltr'><strong>Belluni</strong></span> <span class='ocrx_word' id='word_1_43' title='bbox 940 1558 1000 1621; x_wconf 85' lang='lat' dir='ltr'><strong>pro</strong></span> <span class='ocrx_word' id='word_1_44' title='bbox 1026 1537 1156 1605; x_wconf 88' lang='lat' dir='ltr'><strong>domino</strong></span> <span class='ocrx_word' id='word_1_45' title='bbox 1171 1537 1263 1621; x_wconf 83' lang='lat' dir='ltr'>Rege</span> <span class='ocrx_word' id='word_1_46' title='bbox 1279 1537 1458 1622; x_wconf 88' lang='lat' dir='ltr'><strong>Hungarie,</strong></span> <span class='ocrx_word' id='word_1_47' title='bbox 1472 1557 1522 1601; x_wconf 81' lang='lat' dir='ltr'><strong>neo</strong></span> 
     </span>
     <span class='ocr_line' id='line_1_9' title="bbox 403 1640 1522 1730; baseline 0.002 -23"><span class='ocrx_word' id='word_1_48' title='bbox 403 1665 468 1709; x_wconf 90' lang='lat' dir='ltr'><strong>non</strong></span> <span class='ocrx_word' id='word_1_49' title='bbox 483 1640 741 1712; x_wconf 83' lang='lat' dir='ltr'><strong>Ambaxatorem</strong></span> <span class='ocrx_word' id='word_1_50' title='bbox 758 1642 1010 1712; x_wconf 84' lang='lat' dir='ltr'><strong>Oommnnitatis</strong></span> <span class='ocrx_word' id='word_1_51' title='bbox 1022 1644 1178 1712; x_wconf 78' lang='lat' dir='ltr'><strong>Civitatis</strong></span> <span class='ocrx_word' id='word_1_52' title='bbox 1187 1645 1303 1713; x_wconf 82' lang='lat' dir='ltr'><strong>Feltri.</strong></span> <span class='ocrx_word' id='word_1_53' title='bbox 1313 1646 1432 1728; x_wconf 88' lang='lat' dir='ltr'><strong>Primo,</strong></span> <span class='ocrx_word' id='word_1_54' title='bbox 1446 1643 1522 1730; x_wconf 89' lang='lat' dir='ltr'><strong>qnod</strong></span> 
     </span>
     <span class='ocr_line' id='line_1_10' title="bbox 405 1749 1521 1838; baseline 0.003 -24"><span class='ocrx_word' id='word_1_55' title='bbox 405 1749 504 1817; x_wconf 92' lang='lat' dir='ltr'><strong>muda</strong></span> <span class='ocrx_word' id='word_1_56' title='bbox 527 1751 568 1816; x_wconf 89' lang='grc'><strong>(16</strong></span> <span class='ocrx_word' id='word_1_57' title='bbox 595 1749 732 1836; x_wconf 73' lang='lat' dir='ltr'><strong>Quem,</strong></span> <span class='ocrx_word' id='word_1_58' title='bbox 757 1752 813 1818; x_wconf 90' lang='lat' dir='ltr'><strong>ubi</strong></span> <span class='ocrx_word' id='word_1_59' title='bbox 839 1752 1009 1819; x_wconf 88' lang='lat' dir='ltr'><strong>solvuntur</strong></span> <span class='ocrx_word' id='word_1_60' title='bbox 1024 1752 1109 1820; x_wconf 82' lang='lat' dir='ltr'><strong>libre</strong></span> <span class='ocrx_word' id='word_1_61' title='bbox 1125 1753 1268 1836; x_wconf 92' lang='lat' dir='ltr'><strong>quinque</strong></span> <span class='ocrx_word' id='word_1_62' title='bbox 1283 1775 1458 1836; x_wconf 77' lang='lat' dir='ltr'><strong>parvorum</strong></span> <span class='ocrx_word' id='word_1_63' title='bbox 1472 1775 1521 1838; x_wconf 87' lang='lat' dir='ltr'><strong>pro</strong></span> 
     </span>
     <span class='ocr_line' id='line_1_11' title="bbox 403 1858 1582 1944; baseline 0 -20"><span class='ocrx_word' id='word_1_64' title='bbox 403 1859 551 1942; x_wconf 90' lang='lat' dir='ltr'><strong>quolibet</strong></span> <span class='ocrx_word' id='word_1_65' title='bbox 567 1858 716 1943; x_wconf 87' lang='lat' dir='ltr'><strong>plaustro</strong></span> <span class='ocrx_word' id='word_1_66' title='bbox 733 1861 808 1944; x_wconf 82' lang='lat' dir='ltr'><strong>vini,</strong></span> <span class='ocrx_word' id='word_1_67' title='bbox 825 1883 887 1944; x_wconf 90' lang='lat' dir='ltr'><strong>que</strong></span> <span class='ocrx_word' id='word_1_68' title='bbox 903 1860 1030 1926; x_wconf 83' lang='lat' dir='ltr'><strong>solebat</strong></span> <span class='ocrx_word' id='word_1_69' title='bbox 1046 1882 1116 1926; x_wconf 89' lang='lat' dir='ltr'><strong>esse</strong></span> <span class='ocrx_word' id='word_1_70' title='bbox 1133 1861 1173 1926; x_wconf 90' lang='lat' dir='ltr'><strong>de</strong></span> <span class='ocrx_word' id='word_1_71' title='bbox 1189 1859 1301 1926; x_wconf 91' lang='lat' dir='ltr'><strong>solidis</strong></span> <span class='ocrx_word' id='word_1_72' title='bbox 1312 1860 1350 1942; x_wconf 87' lang='lat' dir='ltr'><strong>L,</strong></span> <span class='ocrx_word' id='word_1_73' title='bbox 1359 1862 1521 1928; x_wconf 86' lang='lat' dir='ltr'><strong>reducatm</strong></span> <span class='ocrx_word' id='word_1_74' title='bbox 1581 1859 1582 1862; x_wconf 69' lang='grc'>’</span> 
     </span>
     <span class='ocr_line' id='line_1_12' title="bbox 402 1965 1521 2054; baseline 0.001 -22"><span class='ocrx_word' id='word_1_75' title='bbox 402 1965 446 2032; x_wconf 89' lang='lat' dir='ltr'><strong>ad</strong></span> <span class='ocrx_word' id='word_1_76' title='bbox 471 1965 576 2033; x_wconf 88' lang='lat' dir='ltr'><strong>dictos</strong></span> <span class='ocrx_word' id='word_1_77' title='bbox 601 1967 722 2034; x_wconf 87' lang='lat' dir='ltr'><strong>solidos</strong></span> <span class='ocrx_word' id='word_1_78' title='bbox 746 1969 784 2034; x_wconf 74' lang='lat' dir='ltr'>L</span> <span class='ocrx_word' id='word_1_79' title='bbox 810 1967 969 2050; x_wconf 85' lang='lat' dir='ltr'><strong>Secundo,</strong></span> <span class='ocrx_word' id='word_1_80' title='bbox 986 1967 1073 2054; x_wconf 91' lang='lat' dir='ltr'><strong>quod</strong></span> <span class='ocrx_word' id='word_1_81' title='bbox 1089 1968 1145 2034; x_wconf 90' lang='lat' dir='ltr'><strong>ubi</strong></span> <span class='ocrx_word' id='word_1_82' title='bbox 1162 1969 1331 2035; x_wconf 87' lang='lat' dir='ltr'><strong>solvuntur</strong></span> <span class='ocrx_word' id='word_1_83' title='bbox 1346 1973 1452 2054; x_wconf 86' lang='lat' dir='ltr'><strong>grossi</strong></span> <span class='ocrx_word' id='word_1_84' title='bbox 1467 1971 1521 2034; x_wconf 89' lang='lat' dir='ltr'><strong>dno</strong></span> 
     </span>
     <span class='ocr_line' id='line_1_13' title="bbox 401 2076 1582 2162; baseline 0.002 -22"><span class='ocrx_word' id='word_1_85' title='bbox 401 2097 462 2160; x_wconf 89' lang='lat' dir='ltr'><strong>pro</strong></span> <span class='ocrx_word' id='word_1_86' title='bbox 490 2077 593 2143; x_wconf 88' lang='lat' dir='ltr'><strong>stario</strong></span> <span class='ocrx_word' id='word_1_87' title='bbox 619 2077 698 2144; x_wconf 89' lang='lat' dir='ltr'><strong>salis</strong></span> <span class='ocrx_word' id='word_1_88' title='bbox 725 2076 870 2144; x_wconf 80' lang='lat' dir='ltr'><strong>Tarvisii</strong></span> <span class='ocrx_word' id='word_1_89' title='bbox 896 2076 1055 2143; x_wconf 87' lang='lat' dir='ltr'><strong>conducto</strong></span> <span class='ocrx_word' id='word_1_90' title='bbox 1080 2077 1239 2159; x_wconf 84' lang='lat' dir='ltr'><strong>Feltrnm,</strong></span> <span class='ocrx_word' id='word_1_91' title='bbox 1265 2100 1330 2145; x_wconf 94' lang='lat' dir='ltr'><strong>non</strong></span> <span class='ocrx_word' id='word_1_92' title='bbox 1355 2085 1521 2162; x_wconf 74' lang='lat' dir='ltr'><strong>graventur</strong></span> <span class='ocrx_word' id='word_1_93' title='bbox 1581 2103 1582 2106; x_wconf 42' lang='lat'>¹</span> 
     </span>
     <span class='ocr_line' id='line_1_14' title="bbox 401 2184 1522 2270; baseline -0.002 -20"><span class='ocrx_word' id='word_1_94' title='bbox 401 2184 547 2268; x_wconf 82' lang='lat' dir='ltr'><strong>amplius,</strong></span> <span class='ocrx_word' id='word_1_95' title='bbox 564 2187 642 2270; x_wconf 91' lang='lat' dir='ltr'><strong>qnia</strong></span> <span class='ocrx_word' id='word_1_96' title='bbox 658 2191 708 2252; x_wconf 87' lang='grc'><strong>661</strong></span> <span class='ocrx_word' id='word_1_97' title='bbox 733 2208 818 2251; x_wconf 86' lang='lat' dir='ltr'><strong>nova</strong></span> <span class='ocrx_word' id='word_1_98' title='bbox 833 2186 1007 2270; x_wconf 82' lang='lat' dir='ltr'><strong>impositio.</strong></span> <span class='ocrx_word' id='word_1_99' title='bbox 1025 2185 1139 2252; x_wconf 80' lang='lat' dir='ltr'><strong>Tertio</strong></span> <span class='ocrx_word' id='word_1_100' title='bbox 1156 2185 1197 2251; x_wconf 90' lang='lat' dir='ltr'><strong>de</strong></span> <span class='ocrx_word' id='word_1_101' title='bbox 1214 2185 1392 2252; x_wconf 87' lang='lat' dir='ltr'><strong>confinibus</strong></span> <span class='ocrx_word' id='word_1_102' title='bbox 1406 2187 1522 2252; x_wconf 86' lang='lat' dir='ltr'><strong>canalis</strong></span> 
     </span>
     <span class='ocr_line' id='line_1_15' title="bbox 401 2290 1522 2378; baseline 0 -22"><span class='ocrx_word' id='word_1_103' title='bbox 401 2290 515 2358; x_wconf 81' lang='lat' dir='ltr'><strong>Sancti</strong></span> <span class='ocrx_word' id='word_1_104' title='bbox 540 2291 686 2358; x_wconf 85' lang='lat' dir='ltr'><strong>Victoris</strong></span> <span class='ocrx_word' id='word_1_105' title='bbox 711 2299 743 2358; x_wconf 91' lang='grc'><strong>61</strong></span> <span class='ocrx_word' id='word_1_106' title='bbox 768 2292 808 2359; x_wconf 85' lang='grc'><strong>(16</strong></span> <span class='ocrx_word' id='word_1_107' title='bbox 834 2291 971 2377; x_wconf 79' lang='lat' dir='ltr'><strong>Querro,</strong></span> <span class='ocrx_word' id='word_1_108' title='bbox 996 2293 1084 2376; x_wconf 89' lang='lat' dir='ltr'><strong>quod</strong></span> <span class='ocrx_word' id='word_1_109' title='bbox 1108 2291 1273 2378; x_wconf 78' lang='lat' dir='ltr'><strong>eligantur</strong></span> <span class='ocrx_word' id='word_1_110' title='bbox 1297 2294 1361 2361; x_wconf 90' lang='lat' dir='ltr'><strong>duo</strong></span> <span class='ocrx_word' id='word_1_111' title='bbox 1378 2294 1429 2359; x_wconf 84' lang='lat' dir='ltr'><strong>rel</strong></span> <span class='ocrx_word' id='word_1_112' title='bbox 1448 2314 1522 2358; x_wconf 92' lang='lat' dir='ltr'><strong>unns</strong></span> 
     </span>
     <span class='ocr_line' id='line_1_16' title="bbox 401 2399 1519 2486; baseline -0.002 -20"><span class='ocrx_word' id='word_1_113' title='bbox 401 2421 461 2485; x_wconf 89' lang='lat' dir='ltr'><strong>pro</strong></span> <span class='ocrx_word' id='word_1_114' title='bbox 485 2407 589 2486; x_wconf 88' lang='lat' dir='ltr'><strong>parte,</strong></span> <span class='ocrx_word' id='word_1_115' title='bbox 615 2401 727 2484; x_wconf 88' lang='lat' dir='ltr'><strong>quide</strong></span> <span class='ocrx_word' id='word_1_116' title='bbox 752 2404 824 2466; x_wconf 91' lang='lat' dir='ltr'><strong>iure</strong></span> <span class='ocrx_word' id='word_1_117' title='bbox 839 2408 1038 2486; x_wconf 84' lang='lat' dir='ltr'><strong>cognoscant</strong></span> <span class='ocrx_word' id='word_1_118' title='bbox 1056 2400 1176 2468; x_wconf 88' lang='lat' dir='ltr'><strong>dictam</strong></span> <span class='ocrx_word' id='word_1_119' title='bbox 1192 2403 1402 2486; x_wconf 83' lang='lat' dir='ltr'><strong>questionem,</strong></span> <span class='ocrx_word' id='word_1_120' title='bbox 1420 2402 1470 2467; x_wconf 86' lang='lat' dir='ltr'><strong>vel</strong></span> <span class='ocrx_word' id='word_1_121' title='bbox 1485 2399 1519 2464; x_wconf 85' lang='lat' dir='ltr'><strong>de</strong></span> 
     </span>
     <span class='ocr_line' id='line_1_17' title="bbox 399 2509 1247 2595; baseline 0.005 -23"><span class='ocrx_word' id='word_1_122' title='bbox 399 2510 470 2575; x_wconf 91' lang='lat' dir='ltr'><strong>iure</strong></span> <span class='ocrx_word' id='word_1_123' title='bbox 486 2516 519 2574; x_wconf 92' lang='lat' dir='ltr'><strong>et</strong></span> <span class='ocrx_word' id='word_1_124' title='bbox 535 2509 575 2574; x_wconf 94' lang='lat' dir='ltr'><strong>de</strong></span> <span class='ocrx_word' id='word_1_125' title='bbox 591 2509 688 2595; x_wconf 86' lang='grc'><strong>16616,</strong></span> <span class='ocrx_word' id='word_1_126' title='bbox 704 2533 744 2576; x_wconf 85' lang='grc'><strong>66</strong></span> <span class='ocrx_word' id='word_1_127' title='bbox 761 2511 894 2594; x_wconf 82' lang='lat' dir='ltr'><strong>aliquod</strong></span> <span class='ocrx_word' id='word_1_128' title='bbox 910 2509 1097 2576; x_wconf 89' lang='lat' dir='ltr'><strong>scandalum</strong></span> <span class='ocrx_word' id='word_1_129' title='bbox 1114 2512 1247 2578; x_wconf 90' lang='lat' dir='ltr'><strong>oriatur.</strong></span> 
     </span>
    </p>

    <p class='ocr_par' dir='ltr' id='par_1_6' title="bbox 392 2616 1582 4761">
     <span class='ocr_line' id='line_1_18' title="bbox 507 2616 1522 2706; baseline 0 -22"><span class='ocrx_word' id='word_1_130' title='bbox 507 2618 668 2703; x_wconf 85' lang='lat' dir='ltr'><strong>Capta:</strong></span> <span class='ocrx_word' id='word_1_131' title='bbox 695 2616 791 2703; x_wconf 81' lang='lat' dir='ltr'><strong>Quod</strong></span> <span class='ocrx_word' id='word_1_132' title='bbox 816 2619 1052 2706; x_wconf 86' lang='lat' dir='ltr'><strong>respondeatur</strong></span> <span class='ocrx_word' id='word_1_133' title='bbox 1076 2618 1121 2684; x_wconf 87' lang='lat' dir='ltr'><strong>ad</strong></span> <span class='ocrx_word' id='word_1_134' title='bbox 1136 2619 1281 2704; x_wconf 88' lang='lat' dir='ltr'><strong>capitula</strong></span> <span class='ocrx_word' id='word_1_135' title='bbox 1297 2617 1522 2688; x_wconf 85' lang='lat' dir='ltr'><strong>Ambaxatoris</strong></span> 
     </span>
     <span class='ocr_line' id='line_1_19' title="bbox 399 2723 1582 2813; baseline -0.003 -21"><span class='ocrx_word' id='word_1_136' title='bbox 399 2723 573 2811; x_wconf 77' lang='lat' dir='ltr'><strong>(lapitanei</strong></span> <span class='ocrx_word' id='word_1_137' title='bbox 598 2728 703 2794; x_wconf 87' lang='lat' dir='ltr'><strong>Feltri</strong></span> <span class='ocrx_word' id='word_1_138' title='bbox 730 2750 789 2813; x_wconf 92' lang='lat' dir='ltr'><strong>pro</strong></span> <span class='ocrx_word' id='word_1_139' title='bbox 815 2727 946 2794; x_wconf 90' lang='lat' dir='ltr'><strong>domino</strong></span> <span class='ocrx_word' id='word_1_140' title='bbox 971 2727 1063 2812; x_wconf 90' lang='lat' dir='ltr'><strong>Rege</strong></span> <span class='ocrx_word' id='word_1_141' title='bbox 1088 2727 1281 2811; x_wconf 80' lang='lat' dir='ltr'><strong>Hungarie3</strong></span> <span class='ocrx_word' id='word_1_142' title='bbox 1307 2735 1340 2794; x_wconf 89' lang='lat' dir='ltr'><strong>et</strong></span> <span class='ocrx_word' id='word_1_143' title='bbox 1362 2730 1466 2812; x_wconf 88' lang='lat' dir='ltr'><strong>primo</strong></span> <span class='ocrx_word' id='word_1_144' title='bbox 1487 2727 1521 2794; x_wconf 86' lang='lat' dir='ltr'><strong>ad</strong></span> <span class='ocrx_word' id='word_1_145' title='bbox 1581 2785 1582 2788; x_wconf 74' lang='grc'><strong>,</strong></span> 
     </span>
     <span class='ocr_line' id='line_1_20' title="bbox 398 2831 1582 2922; baseline 0.002 -23"><span class='ocrx_word' id='word_1_146' title='bbox 398 2831 521 2902; x_wconf 83' lang='lat' dir='ltr'><strong>lactum</strong></span> <span class='ocrx_word' id='word_1_147' title='bbox 536 2837 711 2903; x_wconf 85' lang='lat' dir='ltr'><strong>confinium</strong></span> <span class='ocrx_word' id='word_1_148' title='bbox 727 2837 814 2903; x_wconf 88' lang='lat' dir='ltr'><strong>cluse</strong></span> <span class='ocrx_word' id='word_1_149' title='bbox 831 2834 951 2920; x_wconf 81' lang='lat' dir='ltr'><strong>Querri</strong></span> <span class='ocrx_word' id='word_1_150' title='bbox 968 2844 1001 2903; x_wconf 90' lang='lat' dir='ltr'><strong>et</strong></span> <span class='ocrx_word' id='word_1_151' title='bbox 1017 2837 1141 2904; x_wconf 87' lang='lat' dir='ltr'><strong>canalis</strong></span> <span class='ocrx_word' id='word_1_152' title='bbox 1155 2837 1270 2904; x_wconf 79' lang='lat' dir='ltr'><strong>Sancti</strong></span> <span class='ocrx_word' id='word_1_153' title='bbox 1280 2835 1434 2919; x_wconf 79' lang='lat' dir='ltr'><strong>Victoria,</strong></span> <span class='ocrx_word' id='word_1_154' title='bbox 1444 2836 1522 2922; x_wconf 90' lang='lat' dir='ltr'><strong>quod</strong></span> <span class='ocrx_word' id='word_1_155' title='bbox 1580 2895 1582 2910; x_wconf 72' lang='grc'><strong>,</strong></span> 
     </span>
     <span class='ocr_line' id='line_1_21' title="bbox 398 2945 1522 3032; baseline -0.003 -23"><span class='ocrx_word' id='word_1_156' title='bbox 398 2965 509 3009; x_wconf 91' lang='lat' dir='ltr'><strong>sumus</strong></span> <span class='ocrx_word' id='word_1_157' title='bbox 526 2945 671 3012; x_wconf 87' lang='lat' dir='ltr'><strong>contenti</strong></span> <span class='ocrx_word' id='word_1_158' title='bbox 687 2953 720 3010; x_wconf 91' lang='lat' dir='ltr'><strong>et</strong></span> <span class='ocrx_word' id='word_1_159' title='bbox 735 2945 843 3029; x_wconf 85' lang='lat' dir='ltr'><strong>placet</strong></span> <span class='ocrx_word' id='word_1_160' title='bbox 853 2946 948 3012; x_wconf 92' lang='lat' dir='ltr'><strong>nobis</strong></span> <span class='ocrx_word' id='word_1_161' title='bbox 959 2967 1019 3032; x_wconf 90' lang='lat' dir='ltr'><strong>pro</strong></span> <span class='ocrx_word' id='word_1_162' title='bbox 1030 2946 1196 3012; x_wconf 77' lang='lat' dir='ltr'><strong>cassandis</strong></span> <span class='ocrx_word' id='word_1_163' title='bbox 1207 2945 1356 3010; x_wconf 88' lang='lat' dir='ltr'><strong>omnibus</strong></span> <span class='ocrx_word' id='word_1_164' title='bbox 1366 2945 1522 3012; x_wconf 86' lang='lat' dir='ltr'><strong>scandalis</strong></span> 
     </span>
     <span class='ocr_line' id='line_1_22' title="bbox 397 3041 1582 3138; baseline 0.002 -22"><span class='ocrx_word' id='word_1_165' title='bbox 397 3059 430 3116; x_wconf 88' lang='lat' dir='ltr'><strong>et</strong></span> <span class='ocrx_word' id='word_1_166' title='bbox 446 3054 622 3134; x_wconf 89' lang='lat' dir='ltr'><strong>erroribus,</strong></span> <span class='ocrx_word' id='word_1_167' title='bbox 640 3053 728 3138; x_wconf 91' lang='lat' dir='ltr'><strong>quod</strong></span> <span class='ocrx_word' id='word_1_168' title='bbox 742 3055 848 3138; x_wconf 90' lang='lat' dir='ltr'><strong>primo</strong></span> <span class='ocrx_word' id='word_1_169' title='bbox 859 3060 976 3120; x_wconf 87' lang='grc'><strong>616616</strong></span> <span class='ocrx_word' id='word_1_170' title='bbox 987 3055 1096 3120; x_wconf 92' lang='lat' dir='ltr'><strong>omnia</strong></span> <span class='ocrx_word' id='word_1_171' title='bbox 1106 3053 1307 3120; x_wconf 89' lang='lat' dir='ltr'><strong>reducantur</strong></span> <span class='ocrx_word' id='word_1_172' title='bbox 1317 3055 1446 3120; x_wconf 81' lang='lat' dir='ltr'><strong>tennini</strong></span> <span class='ocrx_word' id='word_1_173' title='bbox 1456 3053 1520 3118; x_wconf 86' lang='grc' dir='ltr'><strong>666Ι</strong></span> <span class='ocrx_word' id='word_1_174' title='bbox 1580 3041 1582 3118; x_wconf 83' lang='lat' dir='ltr'><strong>l</strong></span> 
     </span>
     <span class='ocr_line' id='line_1_23' title="bbox 397 3161 1582 3248; baseline 0 -22"><span class='ocrx_word' id='word_1_175' title='bbox 397 3167 431 3226; x_wconf 90' lang='lat' dir='ltr'><strong>et</strong></span> <span class='ocrx_word' id='word_1_176' title='bbox 455 3168 580 3227; x_wconf 84' lang='lat' dir='ltr'><strong>veteres</strong></span> <span class='ocrx_word' id='word_1_177' title='bbox 606 3162 640 3226; x_wconf 93' lang='lat' dir='ltr'><strong>in</strong></span> <span class='ocrx_word' id='word_1_178' title='bbox 665 3162 723 3228; x_wconf 93' lang='lat' dir='ltr'><strong>illo</strong></span> <span class='ocrx_word' id='word_1_179' title='bbox 751 3168 850 3245; x_wconf 88' lang='lat' dir='ltr'><strong>statu,</strong></span> <span class='ocrx_word' id='word_1_180' title='bbox 866 3183 930 3248; x_wconf 90' lang='lat' dir='ltr'><strong>quo</strong></span> <span class='ocrx_word' id='word_1_181' title='bbox 947 3169 1022 3228; x_wconf 86' lang='lat' dir='ltr'><strong>sunt</strong></span> <span class='ocrx_word' id='word_1_182' title='bbox 1038 3163 1126 3228; x_wconf 90' lang='lat' dir='ltr'><strong>soliti</strong></span> <span class='ocrx_word' id='word_1_183' title='bbox 1143 3183 1223 3228; x_wconf 88' lang='lat' dir='ltr'><strong>esse.</strong></span> <span class='ocrx_word' id='word_1_184' title='bbox 1241 3162 1365 3228; x_wconf 86' lang='lat' dir='ltr'><strong>Postea</strong></span> <span class='ocrx_word' id='word_1_185' title='bbox 1379 3183 1453 3227; x_wconf 82' lang='lat' dir='ltr'><strong>rero</strong></span> <span class='ocrx_word' id='word_1_186' title='bbox 1469 3161 1523 3226; x_wconf 88' lang='lat' dir='ltr'><strong>hoc</strong></span> <span class='ocrx_word' id='word_1_187' title='bbox 1581 3167 1582 3170; x_wconf 75' lang='grc'>’</span> 
     </span>
     <span class='ocr_line' id='line_1_24' title="bbox 397 3267 1522 3357; baseline -0.001 -24"><span class='ocrx_word' id='word_1_188' title='bbox 397 3267 484 3334; x_wconf 84' lang='lat' dir='ltr'><strong>facto</strong></span> <span class='ocrx_word' id='word_1_189' title='bbox 509 3269 706 3354; x_wconf 89' lang='lat' dir='ltr'><strong>deputentur</strong></span> <span class='ocrx_word' id='word_1_190' title='bbox 732 3269 797 3336; x_wconf 91' lang='grc'><strong>(166</strong></span> <span class='ocrx_word' id='word_1_191' title='bbox 823 3270 872 3337; x_wconf 83' lang='lat' dir='ltr'><strong>vel</strong></span> <span class='ocrx_word' id='word_1_192' title='bbox 898 3293 980 3336; x_wconf 91' lang='lat' dir='ltr'><strong>unus</strong></span> <span class='ocrx_word' id='word_1_193' title='bbox 1006 3292 1065 3354; x_wconf 91' lang='lat' dir='ltr'><strong>pro</strong></span> <span class='ocrx_word' id='word_1_194' title='bbox 1092 3277 1197 3357; x_wconf 86' lang='lat' dir='ltr'><strong>parte,</strong></span> <span class='ocrx_word' id='word_1_195' title='bbox 1224 3274 1280 3356; x_wconf 90' lang='lat' dir='ltr'><strong>qui</strong></span> <span class='ocrx_word' id='word_1_196' title='bbox 1299 3272 1481 3336; x_wconf 86' lang='lat' dir='ltr'><strong>examinent</strong></span> <span class='ocrx_word' id='word_1_197' title='bbox 1495 3275 1522 3333; x_wconf 87' lang='grc'><strong>61</strong></span> 
     </span>
     <span class='ocr_line' id='line_1_25' title="bbox 396 3378 1582 3463; baseline -0.001 -20"><span class='ocrx_word' id='word_1_198' title='bbox 396 3384 594 3461; x_wconf 89' lang='lat' dir='ltr'><strong>cognoscant</strong></span> <span class='ocrx_word' id='word_1_199' title='bbox 618 3378 657 3444; x_wconf 89' lang='lat' dir='ltr'><strong>de</strong></span> <span class='ocrx_word' id='word_1_200' title='bbox 681 3381 760 3463; x_wconf 89' lang='lat' dir='ltr'><strong>iure,</strong></span> <span class='ocrx_word' id='word_1_201' title='bbox 775 3379 827 3444; x_wconf 83' lang='lat' dir='ltr'><strong>rel</strong></span> <span class='ocrx_word' id='word_1_202' title='bbox 852 3378 891 3444; x_wconf 89' lang='lat' dir='ltr'><strong>de</strong></span> <span class='ocrx_word' id='word_1_203' title='bbox 906 3381 975 3444; x_wconf 86' lang='lat' dir='ltr'><strong>inre</strong></span> <span class='ocrx_word' id='word_1_204' title='bbox 1000 3384 1034 3444; x_wconf 91' lang='grc'><strong>61</strong></span> <span class='ocrx_word' id='word_1_205' title='bbox 1049 3379 1089 3445; x_wconf 86' lang='grc'><strong>(16</strong></span> <span class='ocrx_word' id='word_1_206' title='bbox 1105 3378 1193 3446; x_wconf 85' lang='grc'><strong>16616</strong></span> <span class='ocrx_word' id='word_1_207' title='bbox 1209 3380 1243 3445; x_wconf 88' lang='grc'><strong>16</strong></span> <span class='ocrx_word' id='word_1_208' title='bbox 1258 3379 1346 3445; x_wconf 85' lang='grc'><strong>16616</strong></span> <span class='ocrx_word' id='word_1_209' title='bbox 1371 3379 1521 3445; x_wconf 88' lang='lat' dir='ltr'><strong>dictorum</strong></span> <span class='ocrx_word' id='word_1_210' title='bbox 1581 3455 1582 3458; x_wconf 8' lang='grc' dir='ltr'><strong>Ἴ</strong></span> 
     </span>
     <span class='ocr_line' id='line_1_26' title="bbox 397 3485 1582 3572; baseline -0.003 -20"><span class='ocrx_word' id='word_1_211' title='bbox 397 3485 571 3552; x_wconf 89' lang='lat' dir='ltr'><strong>confinium</strong></span> <span class='ocrx_word' id='word_1_212' title='bbox 587 3487 679 3572; x_wconf 88' lang='lat' dir='ltr'><strong>illud,</strong></span> <span class='ocrx_word' id='word_1_213' title='bbox 696 3486 783 3571; x_wconf 91' lang='lat' dir='ltr'><strong>qnod</strong></span> <span class='ocrx_word' id='word_1_214' title='bbox 799 3488 843 3552; x_wconf 89' lang='lat' dir='ltr'><strong>sit</strong></span> <span class='ocrx_word' id='word_1_215' title='bbox 858 3489 1049 3552; x_wconf 83' lang='lat' dir='ltr'><strong>conveniens</strong></span> <span class='ocrx_word' id='word_1_216' title='bbox 1066 3493 1166 3571; x_wconf 89' lang='lat' dir='ltr'><strong>atque</strong></span> <span class='ocrx_word' id='word_1_217' title='bbox 1181 3487 1313 3571; x_wconf 88' lang='lat' dir='ltr'><strong>iustum,</strong></span> <span class='ocrx_word' id='word_1_218' title='bbox 1329 3495 1363 3552; x_wconf 90' lang='grc'><strong>61</strong></span> <span class='ocrx_word' id='word_1_219' title='bbox 1373 3485 1521 3570; x_wconf 84' lang='lat' dir='ltr'><strong>quicquid</strong></span> <span class='ocrx_word' id='word_1_220' title='bbox 1580 3525 1582 3538; x_wconf 66' lang='lat'><strong>‹</strong></span> 
     </span>
     <span class='ocr_line' id='line_1_27' title="bbox 396 3573 1582 3680; baseline -0.003 -22"><span class='ocrx_word' id='word_1_221' title='bbox 396 3593 496 3660; x_wconf 85' lang='lat' dir='ltr'><strong>luerit</strong></span> <span class='ocrx_word' id='word_1_222' title='bbox 511 3596 675 3678; x_wconf 90' lang='lat' dir='ltr'><strong>cognitum</strong></span> <span class='ocrx_word' id='word_1_223' title='bbox 691 3602 725 3660; x_wconf 88' lang='grc'><strong>61</strong></span> <span class='ocrx_word' id='word_1_224' title='bbox 740 3596 952 3662; x_wconf 90' lang='lat' dir='ltr'><strong>terminatum</strong></span> <span class='ocrx_word' id='word_1_225' title='bbox 967 3617 1026 3680; x_wconf 91' lang='lat' dir='ltr'><strong>per</strong></span> <span class='ocrx_word' id='word_1_226' title='bbox 1041 3617 1108 3679; x_wconf 90' lang='grc'><strong>666,</strong></span> <span class='ocrx_word' id='word_1_227' title='bbox 1124 3596 1168 3660; x_wconf 88' lang='grc'><strong>611</strong></span> <span class='ocrx_word' id='word_1_228' title='bbox 1184 3594 1322 3660; x_wconf 89' lang='lat' dir='ltr'><strong>firmum.</strong></span> <span class='ocrx_word' id='word_1_229' title='bbox 1338 3594 1443 3680; x_wconf 83' lang='lat' dir='ltr'><strong>Super</strong></span> <span class='ocrx_word' id='word_1_230' title='bbox 1453 3593 1522 3658; x_wconf 85' lang='lat' dir='ltr'><strong>aliis</strong></span> <span class='ocrx_word' id='word_1_231' title='bbox 1580 3573 1582 3592; x_wconf 63' lang='lat'><strong>⁴</strong></span> 
     </span>
     <span class='ocr_line' id='line_1_28' title="bbox 395 3701 1582 3804; baseline -0.003 -36"><span class='ocrx_word' id='word_1_232' title='bbox 395 3724 470 3768; x_wconf 87' lang='lat' dir='ltr'><strong>vero</strong></span> <span class='ocrx_word' id='word_1_233' title='bbox 496 3701 620 3770; x_wconf 89' lang='lat' dir='ltr'><strong>duobus</strong></span> <span class='ocrx_word' id='word_1_234' title='bbox 646 3703 799 3789; x_wconf 88' lang='lat' dir='ltr'><strong>capitulis</strong></span> <span class='ocrx_word' id='word_1_235' title='bbox 826 3704 865 3769; x_wconf 89' lang='lat' dir='ltr'><strong>de</strong></span> <span class='ocrx_word' id='word_1_236' title='bbox 889 3704 1093 3770; x_wconf 81' lang='lat' dir='ltr'><strong>removendis</strong></span> <span class='ocrx_word' id='word_1_237' title='bbox 1119 3703 1218 3768; x_wconf 88' lang='lat' dir='ltr'><strong>datiis</strong></span> <span class='ocrx_word' id='word_1_238' title='bbox 1242 3703 1308 3767; x_wconf 90' lang='lat' dir='ltr'><strong>vini</strong></span> <span class='ocrx_word' id='word_1_239' title='bbox 1325 3711 1358 3768; x_wconf 89' lang='grc'><strong>61</strong></span> <span class='ocrx_word' id='word_1_240' title='bbox 1374 3702 1449 3768; x_wconf 85' lang='lat' dir='ltr'><strong>salis</strong></span> <span class='ocrx_word' id='word_1_241' title='bbox 1464 3711 1522 3765; x_wconf 83' lang='grc'><strong>616.</strong></span> <span class='ocrx_word' id='word_1_242' title='bbox 1580 3783 1582 3804; x_wconf 44' lang='grc' dir='ltr'>Ι</span> 
     </span>
     <span class='ocr_line' id='line_1_29' title="bbox 395 3805 1582 3898; baseline -0.005 -21"><span class='ocrx_word' id='word_1_243' title='bbox 395 3814 645 3898; x_wconf 87' lang='lat' dir='ltr'><strong>respondeatur,</strong></span> <span class='ocrx_word' id='word_1_244' title='bbox 671 3815 759 3898; x_wconf 91' lang='lat' dir='ltr'><strong>quod</strong></span> <span class='ocrx_word' id='word_1_245' title='bbox 786 3814 875 3879; x_wconf 85' lang='lat' dir='ltr'><strong>norit</strong></span> <span class='ocrx_word' id='word_1_246' title='bbox 898 3812 991 3879; x_wconf 86' lang='lat' dir='ltr'><strong>Dens</strong></span> <span class='ocrx_word' id='word_1_247' title='bbox 1016 3813 1229 3880; x_wconf 88' lang='lat' dir='ltr'><strong>libentissime</strong></span> <span class='ocrx_word' id='word_1_248' title='bbox 1255 3813 1521 3895; x_wconf 88' lang='lat' dir='ltr'><strong>complaceremus</strong></span> <span class='ocrx_word' id='word_1_249' title='bbox 1580 3805 1582 3838; x_wconf 73' lang='lat'>⁵</span> 
     </span>
     <span class='ocr_line' id='line_1_30' title="bbox 395 3918 1521 4006; baseline -0.004 -22"><span class='ocrx_word' id='word_1_250' title='bbox 395 3919 481 3987; x_wconf 89' lang='lat' dir='ltr'><strong>dicte</strong></span> <span class='ocrx_word' id='word_1_251' title='bbox 507 3922 746 3989; x_wconf 69' lang='lat' dir='ltr'><strong>communitati</strong></span> <span class='ocrx_word' id='word_1_252' title='bbox 772 3921 805 3986; x_wconf 91' lang='lat' dir='ltr'><strong>in</strong></span> <span class='ocrx_word' id='word_1_253' title='bbox 832 3942 878 4006; x_wconf 92' lang='grc'><strong>66,</strong></span> <span class='ocrx_word' id='word_1_254' title='bbox 902 3920 991 4005; x_wconf 91' lang='lat' dir='ltr'><strong>qnod</strong></span> <span class='ocrx_word' id='word_1_255' title='bbox 1010 3921 1147 3986; x_wconf 88' lang='lat' dir='ltr'><strong>honeste</strong></span> <span class='ocrx_word' id='word_1_256' title='bbox 1164 3924 1197 3983; x_wconf 88' lang='lat' dir='ltr'><strong>et</strong></span> <span class='ocrx_word' id='word_1_257' title='bbox 1213 3918 1284 3984; x_wconf 88' lang='lat' dir='ltr'><strong>sine</strong></span> <span class='ocrx_word' id='word_1_258' title='bbox 1300 3924 1414 3985; x_wconf 92' lang='lat' dir='ltr'><strong>nostro</strong></span> <span class='ocrx_word' id='word_1_259' title='bbox 1429 3919 1521 3984; x_wconf 90' lang='lat' dir='ltr'><strong>mani—</strong></span> 
     </span>
     <span class='ocr_line' id='line_1_31' title="bbox 394 4026 1518 4114; baseline -0.003 -22"><span class='ocrx_word' id='word_1_260' title='bbox 394 4028 477 4098; x_wconf 83' lang='lat' dir='ltr'><strong>festo</strong></span> <span class='ocrx_word' id='word_1_261' title='bbox 494 4030 615 4098; x_wconf 89' lang='lat' dir='ltr'><strong>damno</strong></span> <span class='ocrx_word' id='word_1_262' title='bbox 631 4035 664 4096; x_wconf 87' lang='lat' dir='ltr'><strong>et</strong></span> <span class='ocrx_word' id='word_1_263' title='bbox 680 4028 824 4114; x_wconf 87' lang='lat' dir='ltr'><strong>periculo</strong></span> <span class='ocrx_word' id='word_1_264' title='bbox 840 4027 912 4094; x_wconf 88' lang='lat' dir='ltr'><strong>fieri</strong></span> <span class='ocrx_word' id='word_1_265' title='bbox 927 4032 1038 4112; x_wconf 88' lang='lat' dir='ltr'><strong>posset</strong></span> <span class='ocrx_word' id='word_1_266' title='bbox 1048 4054 1055 4111; x_wconf 79' lang='lat'><em>3</em></span> <span class='ocrx_word' id='word_1_267' title='bbox 1067 4029 1123 4093; x_wconf 89' lang='lat' dir='ltr'><strong>sed</strong></span> <span class='ocrx_word' id='word_1_268' title='bbox 1139 4027 1221 4093; x_wconf 88' lang='lat' dir='ltr'><strong>bene</strong></span> <span class='ocrx_word' id='word_1_269' title='bbox 1238 4026 1400 4092; x_wconf 89' lang='lat' dir='ltr'><strong>credimus</strong></span> <span class='ocrx_word' id='word_1_270' title='bbox 1416 4031 1518 4090; x_wconf 88' lang='lat' dir='ltr'><strong>notum</strong></span> 
     </span>
     <span class='ocr_line' id='line_1_32' title="bbox 394 4134 1518 4223; baseline -0.005 -21"><span class='ocrx_word' id='word_1_271' title='bbox 394 4159 473 4220; x_wconf 89' lang='grc'><strong>6666,</strong></span> <span class='ocrx_word' id='word_1_272' title='bbox 499 4139 587 4223; x_wconf 91' lang='lat' dir='ltr'><strong>quod</strong></span> <span class='ocrx_word' id='word_1_273' title='bbox 618 4139 772 4205; x_wconf 87' lang='lat' dir='ltr'><strong>introitus</strong></span> <span class='ocrx_word' id='word_1_274' title='bbox 804 4137 974 4204; x_wconf 82' lang='lat' dir='ltr'><strong>Trivisarre</strong></span> <span class='ocrx_word' id='word_1_275' title='bbox 1004 4159 1070 4203; x_wconf 91' lang='lat' dir='ltr'><strong>non</strong></span> <span class='ocrx_word' id='word_1_276' title='bbox 1101 4134 1266 4202; x_wconf 85' lang='lat' dir='ltr'><strong>sufficiant</strong></span> <span class='ocrx_word' id='word_1_277' title='bbox 1296 4134 1340 4200; x_wconf 89' lang='lat' dir='ltr'><strong>ad</strong></span> <span class='ocrx_word' id='word_1_278' title='bbox 1372 4137 1518 4201; x_wconf 73' lang='lat' dir='ltr'><strong>maximas</strong></span> 
     </span>
     <span class='ocr_line' id='line_1_33' title="bbox 395 4242 1582 4331; baseline -0.006 -21"><span class='ocrx_word' id='word_1_279' title='bbox 395 4269 562 4331; x_wconf 85' lang='lat' dir='ltr'><strong>expensas,</strong></span> <span class='ocrx_word' id='word_1_280' title='bbox 580 4269 661 4330; x_wconf 89' lang='lat' dir='ltr'><strong>quas</strong></span> <span class='ocrx_word' id='word_1_281' title='bbox 677 4247 861 4314; x_wconf 84' lang='lat' dir='ltr'><strong>necessario</strong></span> <span class='ocrx_word' id='word_1_282' title='bbox 878 4251 1031 4330; x_wconf 89' lang='lat' dir='ltr'><strong>opportet</strong></span> <span class='ocrx_word' id='word_1_283' title='bbox 1046 4265 1105 4310; x_wconf 90' lang='lat' dir='ltr'><strong>nos</strong></span> <span class='ocrx_word' id='word_1_284' title='bbox 1122 4242 1190 4328; x_wconf 88' lang='lat' dir='ltr'><strong>pati</strong></span> <span class='ocrx_word' id='word_1_285' title='bbox 1206 4263 1266 4327; x_wconf 89' lang='lat' dir='ltr'><strong>pro</strong></span> <span class='ocrx_word' id='word_1_286' title='bbox 1285 4265 1334 4320; x_wconf 89' lang='lat' dir='ltr'><strong>ea,</strong></span> <span class='ocrx_word' id='word_1_287' title='bbox 1344 4243 1440 4308; x_wconf 85' lang='lat' dir='ltr'><strong>immo</strong></span> <span class='ocrx_word' id='word_1_288' title='bbox 1450 4261 1517 4304; x_wconf 81' lang='lat' dir='ltr'><strong>rere</strong></span> <span class='ocrx_word' id='word_1_289' title='bbox 1581 4281 1582 4286; x_wconf 39' lang='lat'>1</span> 
     </span>
     <span class='ocr_line' id='line_1_34' title="bbox 394 4348 1516 4438; baseline -0.008 -18"><span class='ocrx_word' id='word_1_290' title='bbox 394 4355 525 4438; x_wconf 88' lang='lat' dir='ltr'><strong>expedit</strong></span> <span class='ocrx_word' id='word_1_291' title='bbox 549 4363 697 4422; x_wconf 90' lang='lat' dir='ltr'><strong>nostrum</strong></span> <span class='ocrx_word' id='word_1_292' title='bbox 724 4354 902 4421; x_wconf 86' lang='lat' dir='ltr'><strong>Commune</strong></span> <span class='ocrx_word' id='word_1_293' title='bbox 927 4352 1143 4421; x_wconf 87' lang='lat' dir='ltr'><strong>Venetiarum</strong></span> <span class='ocrx_word' id='word_1_294' title='bbox 1168 4348 1323 4434; x_wconf 87' lang='lat' dir='ltr'><strong>supplere</strong></span> <span class='ocrx_word' id='word_1_295' title='bbox 1334 4349 1369 4414; x_wconf 88' lang='lat' dir='ltr'><strong>in</strong></span> <span class='ocrx_word' id='word_1_296' title='bbox 1385 4351 1516 4416; x_wconf 83' lang='lat' dir='ltr'><strong>maxima</strong></span> 
     </span>
     <span class='ocr_line' id='line_1_35' title="bbox 393 4457 1516 4546; baseline -0.009 -18"><span class='ocrx_word' id='word_1_297' title='bbox 393 4465 587 4546; x_wconf 86' lang='lat' dir='ltr'><strong>quantitate.</strong></span> <span class='ocrx_word' id='word_1_298' title='bbox 604 4464 649 4529; x_wconf 82' lang='lat' dir='ltr'><strong>Et</strong></span> <span class='ocrx_word' id='word_1_299' title='bbox 666 4462 765 4529; x_wconf 87' lang='lat' dir='ltr'><strong>etiam</strong></span> <span class='ocrx_word' id='word_1_300' title='bbox 782 4468 832 4527; x_wconf 90' lang='lat' dir='ltr'><strong>est</strong></span> <span class='ocrx_word' id='word_1_301' title='bbox 848 4461 983 4543; x_wconf 87' lang='lat' dir='ltr'><strong>clarum,</strong></span> <span class='ocrx_word' id='word_1_302' title='bbox 999 4458 1094 4543; x_wconf 79' lang='lat' dir='ltr'><strong>quod,</strong></span> <span class='ocrx_word' id='word_1_303' title='bbox 1110 4457 1305 4524; x_wconf 83' lang='lat' dir='ltr'><strong>removendo</strong></span> <span class='ocrx_word' id='word_1_304' title='bbox 1322 4457 1412 4524; x_wconf 86' lang='lat' dir='ltr'><strong>dieta</strong></span> <span class='ocrx_word' id='word_1_305' title='bbox 1427 4457 1516 4534; x_wconf 80' lang='lat' dir='ltr'><strong>datia,</strong></span> 
     </span>
     <span class='ocr_line' id='line_1_36' title="bbox 392 4563 1515 4653; baseline -0.012 -16"><span class='ocrx_word' id='word_1_306' title='bbox 392 4573 529 4638; x_wconf 87' lang='lat' dir='ltr'><strong>daretur</strong></span> <span class='ocrx_word' id='word_1_307' title='bbox 553 4572 693 4638; x_wconf 87' lang='lat' dir='ltr'><strong>materia</strong></span> <span class='ocrx_word' id='word_1_308' title='bbox 719 4578 753 4636; x_wconf 90' lang='lat' dir='ltr'><strong>et</strong></span> <span class='ocrx_word' id='word_1_309' title='bbox 778 4592 878 4636; x_wconf 87' lang='lat' dir='ltr'><strong>eausa</strong></span> <span class='ocrx_word' id='word_1_310' title='bbox 903 4571 978 4635; x_wconf 91' lang='lat' dir='ltr'><strong>aliis</strong></span> <span class='ocrx_word' id='word_1_311' title='bbox 1004 4566 1189 4653; x_wconf 87' lang='lat' dir='ltr'><strong>temptandi</strong></span> <span class='ocrx_word' id='word_1_312' title='bbox 1205 4565 1246 4630; x_wconf 90' lang='lat' dir='ltr'><strong>de</strong></span> <span class='ocrx_word' id='word_1_313' title='bbox 1262 4565 1466 4632; x_wconf 87' lang='lat' dir='ltr'><strong>diminuendo</strong></span> <span class='ocrx_word' id='word_1_314' title='bbox 1479 4563 1515 4626; x_wconf 81' lang='lat' dir='ltr'><strong>de</strong></span> 
     </span>
     <span class='ocr_line' id='line_1_37' title="bbox 392 4669 1515 4761; baseline -0.014 -11"><span class='ocrx_word' id='word_1_315' title='bbox 392 4681 469 4750; x_wconf 85' lang='lat' dir='ltr'><strong>aliis</strong></span> <span class='ocrx_word' id='word_1_316' title='bbox 501 4680 602 4746; x_wconf 89' lang='lat' dir='ltr'><strong>datiis</strong></span> <span class='ocrx_word' id='word_1_317' title='bbox 634 4680 764 4761; x_wconf 78' lang='lat' dir='ltr'><strong>nostris,</strong></span> <span class='ocrx_word' id='word_1_318' title='bbox 796 4677 884 4761; x_wconf 88' lang='lat' dir='ltr'><strong>qnod</strong></span> <span class='ocrx_word' id='word_1_319' title='bbox 916 4683 1003 4745; x_wconf 89' lang='grc'><strong>66661</strong></span> <span class='ocrx_word' id='word_1_320' title='bbox 1035 4699 1107 4743; x_wconf 89' lang='lat' dir='ltr'><strong>cum</strong></span> <span class='ocrx_word' id='word_1_321' title='bbox 1133 4676 1275 4743; x_wconf 78' lang='lat' dir='ltr'><strong>maximo</strong></span> <span class='ocrx_word' id='word_1_322' title='bbox 1292 4673 1409 4740; x_wconf 79' lang='lat' dir='ltr'><strong>(lemno</strong></span> <span class='ocrx_word' id='word_1_323' title='bbox 1423 4669 1515 4738; x_wconf 89' lang='lat' dir='ltr'><strong>nostri</strong></span> 
     </span>
    </p>
   </div>
   <div class='ocr_carea' id='block_1_6' title="bbox 0 0 1614 5248">
    <p class='ocr_par' dir='ltr' id='par_1_7' title="bbox 0 0 1614 5248">
     <span class='ocr_line' id='line_1_38' title="bbox 0 0 1614 5248; baseline 0 1"><span class='ocrx_word' id='word_1_324' title='bbox 0 0 1614 5248; x_wconf 95' lang='lat' dir='ltr'><strong> </strong></span> 
     </span>
    </p>
   </div>
  </div>
 </body>
</html>
