3220 5262
747 390 983 468 nnuounczui
999 407 1168 466 nunnnnu.

924 691 999 753 497.

390 854 416 918 Ι.
435 856 539 939 Lojos
554 877 694 940 aaaqyar
710 853 824 935 kirdlp
851 853 884 916 aa
909 851 976 916 teob
993 846 1119 936 Arrjoos'
1134 854 1262 940 lercaeq
1278 875 1294 916 a
1309 875 1331 916 a
1348 853 1440 936 bojor
1456 853 1516 916 luer-

389 963 497 1049 czeyelc
522 963 609 1026 labari
634 963 801 1048 sabactaeq,
828 962 931 1025 neusa.
956 983 989 1025 ez
1014 961 1169 1025 rutobbiolr
1203 961 1534 1061 cllenuyilatlsoaota

912 1067 1007 1133 1368.

497 1229 568 1296 Nos
586 1229 773 1314 Stephanus
799 1227 917 1296 Senior
933 1237 966 1296 et
982 1227 1144 1297 Albertus
1168 1230 1234 1297 Dei
1248 1231 1362 1313 gracia
1379 1227 1518 1295 Comites

390 1337 479 1406 Reni
495 1337 643 1406 Palatini
669 1337 845 1422 Ducesque
870 1338 1020 1406 Bawarie
1045 1339 1307 1424 recognoscimus
1324 1345 1440 1404 tenore
1455 1360 1519 1422 pre·

390 1448 533 1514 sancium
559 1454 592 1511 et
617 1445 746 1531 publice
776 1445 973 1530 profitemur,
998 1448 1173 1530 presertim
1188 1468 1247 1514 nos
1264 1444 1454 1531 Stephanus
1469 1445 1520 1512 Se·

389 1559 462 1621 nior
489 1555 669 1640 pronubis
694 1576 733 1621 ao
758 1554 944 1639 Magnificis
968 1556 1178 1640 Principibus
1203 1554 1375 1640 Stephano
1388 1556 1519 1640 juniore,

389 1663 562 1729 Friderico
580 1668 612 1726 et
629 1663 653 1728 J
655 1663 780 1730 ohanne
797 1661 965 1746 iratribus,
980 1663 1056 1730 filiis
1066 1665 1187 1730 nostris
1197 1663 1396 1744 carissimis;
1419 1669 1453 1729 et
1468 1684 1520 1728 nos

394 1769 554 1837 Albertus
579 1792 639 1854 pro
664 1770 827 1836 nobismet
861 1772 949 1857 ipso;
988 1769 1232 1838 considerantes
1263 1769 1520 1854 diligentissime,

391 1877 536 1962 qualiter
552 1879 593 1945 ob
609 1877 720 1944 innate
736 1878 924 1944 dileccionis
940 1880 1122 1945 amiciciam
1139 1877 1346 1945 Serenissimi
1362 1877 1520 1961 Principis

390 1993 423 2052 et
447 1986 582 2052 Domini
608 1984 794 2053 Ludouious
819 1987 892 2053 Rex
917 1986 1099 2070 Hungarie,
1130 1983 1305 2071 Philippus
1335 1984 1521 2068 Imperator

390 2093 560 2174 Romania,
586 2116 626 2161 ac
650 2093 801 2162 Karolus
826 2094 906 2186 Dua
924 2096 1079 2179 Duraoie,
1095 2094 1231 2160 Domini
1247 2102 1280 2159 et
1296 2093 1450 2160 auunculi
1467 2115 1520 2158 no·

394 2203 455 2267 stri
472 2203 641 2287 carissimi,
657 2203 825 2270 fauoribus
842 2204 1026 2270 caritatiuis
1051 2205 1202 2270 continue
1218 2223 1278 2267 nos
1294 2202 1475 2286 respiciunt
1491 2207 1520 2265 et

391 2317 616 2394 prosecuntur,
641 2329 701 2379 nos
725 2315 793 2380 vioe
809 2333 903 2380 versa
919 2312 1048 2379 eosdem
1065 2314 1124 2378 heo
1139 2333 1198 2377 nos
1214 2318 1367 2379 amonent
1382 2318 1417 2375 et
1431 2309 1520 2376 indu·

394 2425 482 2499 cunt,
507 2426 543 2484 vt
567 2441 626 2486 nos
648 2421 824 2506 ligauimus
849 2426 883 2486 et
908 2421 1061 2487 iniuirnus
1077 2421 1221 2500 uniones,
1236 2426 1336 2503 atque
1351 2419 1436 2502 ligas
1452 2438 1520 2483 cum

389 2526 504 2592 iisdem
529 2528 684 2594 iniuimus
701 2529 735 2594 in
751 2528 883 2594 modum
908 2527 1129 2593 subnotatum.
1154 2525 1267 2592 Primo
1292 2526 1320 2590 si
1341 2527 1399 2608 qui
1417 2524 1520 2591 forent

390 2635 545 2718 homines,
571 2659 761 2727 quocunque
777 2644 970 2704 censeantur
986 2637 1124 2718 nomine,
1141 2634 1334 2718 Ducatibus,
1350 2634 1520 2714 Dominiis,

392 2745 499 2829 terris,
524 2745 710 2811 hominibus
736 2752 794 2812 aut
817 2751 980 2811 terrarum
996 2751 1183 2812 nostrarum
1199 2743 1346 2810 terminis
1363 2742 1416 2807 vel
1431 2741 1523 2808 conli-

390 2851 454 2917 niis
495 2855 651 2936 contigui,
691 2854 833 2920 confines
874 2854 924 2920 vel
963 2853 1068 2934 vicini,
1101 2853 1290 2920 memoratis
1315 2850 1461 2917 'dominis
1493 2857 1522 2916 et

393 2962 564 3027 auunculis
589 2964 722 3042 nostris,
748 2961 923 3029 eorundem
940 2962 1075 3046 Regnis,
1101 2961 1238 3028 Coronis
1257 2982 1315 3026 seu
1329 2959 1523 3042 DucatibuS,

391 3069 497 3154 bonis,
512 3068 699 3136 hominibus
725 3091 782 3136 seu
805 3069 955 3154 subditis,
974 3071 1188 3137 communiter
1202 3069 1254 3134 vel
1270 3068 1402 3134 diuisim
1418 3067 1523 3135 modis

392 3200 449 3244 seu
466 3178 535 3242 uiis
562 3179 806 3263 quibuscunque
833 3179 985 3264 dampna,
1000 3178 1268 3264 perturbaciones
1285 3197 1341 3242 seu
1357 3176 1523 3242 molestias

391 3287 587 3370 ingerentes,
602 3285 767 3370 iacientes,
783 3308 840 3354 seu
855 3288 968 3370 ingeri,
984 3285 1056 3352 fieri
1069 3286 1118 3351 vel
1130 3284 1277 3352 ordinari
1289 3289 1521 3368 procurantes,

391 3392 513 3460 talibus
537 3395 747 3462 inuasoribus
774 3402 807 3462 et
832 3396 1002 3480 unicuique
1026 3394 1162 3478 scilicet,
1177 3403 1210 3458 et
1227 3393 1260 3458 in
1277 3399 1437 3476 quantum
1457 3413 1524 3456 eos·

392 3502 466 3567 dem
483 3511 515 3567 et
531 3503 708 3570 eorundem
724 3503 820 3589 bona,
841 3504 987 3571 homines
998 3511 1098 3585 atque
1109 3501 1258 3568 subditos
1270 3499 1527 3583 apprehendere,

392 3610 549 3694 arripere,
591 3631 651 3679 neo
691 3634 758 3678 non
798 3633 915 3698 cogere
954 3631 1136 3695 possumus,
1166 3608 1321 3674 resistere
1353 3606 1528 3687 debemus,

393 3718 557 3786 dictorum
596 3721 834 3787 auunculorum
866 3720 962 3805 bona,
993 3721 1138 3786 homines
1170 3724 1270 3802 atque
1303 3716 1464 3796 subditos,
1497 3723 1529 3781 et

393 3829 570 3894 eorundem
595 3829 692 3910 bona,
709 3838 866 3915 tanquam
891 3852 950 3897 nos
976 3836 1075 3914 atque
1091 3835 1205 3894 nostra
1220 3826 1357 3910 propria
1373 3825 1456 3890 totis
1472 3847 1528 3891 no-

392 3938 471 4002 stris
496 3937 620 4005 uiribus
646 3946 744 4024 atque
770 3941 935 4024 potenciis,
962 3939 1079 4023 quibus
1104 3956 1276 4021 possumus
1301 3955 1360 3999 seu
1375 3931 1531 4010 valemus,

392 4046 517 4114 tociens
542 4048 695 4130 quociens
721 4055 918 4132 oportunum
942 4046 1052 4128 fuerit,
1078 4044 1235 4128 nobisque
1268 4042 1308 4107 de
1339 4041 1531 4107 huiusmodi

393 4155 490 4220 factis
515 4155 642 4221 notoria
667 4157 864 4238 constiterit,
889 4156 964 4223 dolo
989 4162 1023 4222 et
1060 4151 1177 4219 fraude
1212 4151 1343 4234 penitus
1379 4150 1532 4229 exclusis

392 4265 478 4329 tueri
503 4270 536 4329 et
562 4262 737 4331 defendere
762 4273 910 4331 tenemur
927 4271 960 4330 et
976 4262 1139 4329 debemus.
1155 4259 1230 4324 Hoc
1247 4258 1350 4323 eciam
1367 4259 1532 4342 apposito.

392 4377 427 4435 rt
452 4372 481 4436 si
505 4392 563 4437 uos
589 4394 662 4437 oum
679 4373 868 4460 Magnificis
885 4372 1095 4456 Principibus
1113 4367 1252 4434 Austrie
1267 4365 1419 4432 Ducibus
1437 4388 1530 4432 occa-

393 4479 485 4544 sione
525 4503 719 4565 quacunque
760 4485 967 4567 contingeret
1007 4480 1161 4563 litigare3
1201 4474 1290 4561 quod
1328 4483 1530 4542 memoratus

392 4589 574 4654 auunculus
600 4598 711 4656 noster
738 4591 887 4658 domiuus
909 4589 1097 4656 Ludouicus
1131 4586 1204 4651 Rex
1238 4583 1412 4667 Hungarie
1450 4585 1529 4651 totis
