3214 5260
378 393 442 458 502
739 404 975 452 omuonuczmr
992 393 1159 450 anebsan.

377 591 449 636 rum
465 567 687 634 voluntatibus
699 565 741 630 ad
751 569 908 649 perpetue
927 564 1018 648 pacis
1028 571 1061 630 et
1071 564 1243 631 concordie
1252 565 1419 630 vinculum
1431 565 1504 630 ami·

377 677 527 742 cabiliter
542 675 792 758 invitaruntper
803 672 941 739 eosdem.
953 673 1022 738 Nos
1034 674 1143 756 igitur,
1155 674 1209 756 qni
1226 695 1299 739 cum
1309 673 1505 740 Christianis

378 782 586 867 quibuslibet,
612 789 646 846 et
655 782 822 866 potissime
833 803 907 846 cum
923 781 1061 850 Venetis
1078 783 1218 864 antiqua
1234 781 1504 864 amicitiaRegno

377 896 490 959 nostro
515 889 706 970 coniunctis,
732 909 844 972 pacem
861 890 1045 970 optavimus
1062 896 1093 954 et
1111 895 1269 973 optamus,
1285 888 1329 953 ad
1345 888 1506 954 infrascri-

377 1006 465 1084 ptam
483 1020 596 1084 pacem
613 1003 645 1062 et
662 995 882 1076 concordiam,
897 995 1297 1082 Deopropicioperpetuo
1308 998 1504 1080 duraturam,

378 1106 564 1173 devenimus
580 1127 653 1172 cum
669 1104 790 1170 eisdem
807 1106 841 1169 in
855 1104 941 1168 hunc
957 1105 1098 1187 modum,
1114 1104 1282 1170 videlicet:
1307 1103 1408 1188 Quod
1425 1105 1504 1170 idem

376 1215 453 1280 Dux
469 1223 503 1282 et
518 1213 741 1281 Communitas
752 1210 982 1292 Veueciarnm,
997 1218 1030 1276 et
1046 1214 1080 1276 in
1097 1232 1207 1278 eorum
1224 1213 1371 1296 personis
1388 1234 1426 1278 ac
1442 1213 1505 1280 vioe

378 1329 412 1389 et
436 1323 565 1389 nomine
591 1321 767 1387 eorundem
793 1318 1044 1402 Ambaxatores,
1069 1319 1201 1402 Nunoii,
1226 1320 1506 1388 Procuratoreset

379 1429 511 1516 Sindyci
527 1429 691 1515 prelibati,
716 1428 878 1494 habentes
900 1426 944 1493 ad
970 1428 1057 1493 infra
1082 1429 1220 1496 dicenda
1234 1429 1368 1513 plenam
1384 1437 1418 1497 et
1433 1429 1505 1496 libe

378 1560 447 1604 ram
464 1543 661 1623 potestatem
677 1538 787 1620 vigore
812 1537 1022 1602 instrumenti
1038 1537 1103 1602 iam
1120 1537 1210 1619 dicti,
1227 1538 1316 1621 quod
1331 1559 1435 1620 penes
1449 1560 1505 1605 nos

377 1647 571 1712 retinuimus
597 1642 638 1710 ad
665 1643 833 1724 cautelam,
862 1643 1005 1709 contenti
1031 1643 1162 1710 inerunt
1178 1647 1371 1711 renunciare
1388 1651 1422 1710 et
1437 1645 1506 1712 effe

379 1753 531 1818 otualiter
557 1752 831 1818 renunciaverunt
856 1752 897 1817 de
922 1750 1008 1816 facto
1034 1753 1068 1816 in
1088 1753 1235 1820 manibus
1250 1754 1381 1833 nostris,
1396 1760 1505 1820 nostro

378 1866 411 1926 et
425 1881 646 1926 successorum
671 1863 856 1926 nostrorum
881 1859 1010 1954 Regum
1034 1861 1175 1941 nomine,
1201 1863 1261 1926 toti
1286 1861 1507 1940 Dalmatiae

377 1969 552 2035 medietate
577 1968 699 2033 scilicet
714 1966 893 2052 Quarnerii
910 1988 1013 2051 usque
1029 1968 1071 2032 ad
1087 1967 1230 2035 confines
1245 1969 1395 2051 Duraoii,
1409 1970 1506 2036 omni-

376 2077 437 2142 bus
453 2076 651 2160 civitatibus,
666 2077 773 2156 terris,
789 2076 915 2160 eastris,
931 2076 1055 2158 insulis
1072 2077 1233 2161 portubus
1249 2083 1283 2144 et
1298 2079 1436 2160 iuribus,
1446 2100 1506 2162 que

377 2186 567 2252 habuissent
592 2189 625 2249 et
649 2183 841 2266 tenuissent,
866 2190 899 2248 et
925 2173 1091 2250 habebant
1116 2191 1149 2251 et
1164 2186 1319 2250 tenebant
1334 2186 1370 2250 in
1386 2187 1505 2251 eisdem

378 2313 507 2376 quoquo
532 2290 636 2374 mode,
660 2297 694 2356 et
719 2290 905 2375 specialiter
930 2290 1126 2357 Civitatibus
1152 2290 1255 2377 Nona,
1279 2294 1305 2359 J
1307 2292 1397 2376 adre,
1413 2291 1505 2360 Scar-

377 2400 469 2483 doue,
493 2397 645 2479 Sibenici,
670 2399 834 2481 Tragurii,
860 2396 992 2482 Spalati
1018 2403 1051 2463 et
1076 2397 1213 2482 Ragusii
1239 2400 1273 2465 in
1297 2406 1391 2467 terra
1415 2401 1505 2465 firma

376 2507 606 2587 existentibus;
630 2507 708 2571 item
734 2506 931 2572 Civitatibus
957 2511 990 2570 et
1013 2507 1112 2572 terris
1144 2505 1263 2574 Obseri
1294 2508 1444 2575 videlicet
1472 2515 1504 2574 et

377 2615 505 2695 Chersi,
521 2615 635 2698 Vegle,
661 2613 758 2695 Arbi,
783 2615 878 2698 Pagi,
894 2615 1046 2697 Braobie,
1072 2603 1191 2682 Lasine
1217 2623 1250 2682 et
1267 2615 1417 2700 Cursnle,
1433 2638 1502 2682 cum

376 2724 490 2788 insulis
506 2729 537 2786 et
550 2721 700 2786 omnibus
719 2721 917 2788 utilitatibus
934 2728 966 2786 et
982 2723 1192 2806 pertinenciis
1210 2725 1398 2808 earundem,
1413 2747 1451 2790 ao
1466 2724 1505 2787 ti·

376 2831 454 2896 tulis
471 2828 638 2896 Dalmatis
655 2836 688 2895 et
706 2827 848 2911 Croatie,
875 2829 994 2913 quibus
1010 2832 1058 2896 uti
1075 2839 1311 2899 consueverant
1324 2832 1435 2899 Duces
1451 2853 1503 2897 an-

376 2940 498 3018 tedicti,
514 2946 546 3003 et
562 2946 668 3005 totum
693 2939 838 3022 ipsorum
853 2940 903 3004 ius
920 2947 953 3004 et
969 2939 1148 3006 dominium
1165 2963 1203 3006 ao
1217 2945 1461 3026 proprietatem,
1476 2939 1504 3004 si

376 3070 458 3133 quas
473 3047 670 3130 habuissent,
695 3048 729 3111 in
754 3065 812 3113 nos
829 3053 862 3112 et
879 3068 1081 3113 successores
1101 3055 1230 3115 nostros
1247 3056 1372 3133 sponte,
1389 3049 1503 3117 delibe-

375 3161 446 3222 rate
463 3162 496 3221 et
513 3156 611 3220 animi
629 3154 816 3220 maturitate
842 3154 1099 3238 transferentes;
1124 3160 1352 3224 renunciantes
1374 3161 1504 3242 insuper

376 3263 463 3329 omui
479 3263 600 3328 actioni
627 3268 660 3327 et
684 3263 773 3327 omni
798 3264 878 3328 iuris
895 3269 928 3328 et
944 3264 1027 3344 legis
1053 3263 1219 3347 beneficio,
1235 3267 1354 3350 quibus
1370 3265 1438 3332 ullo
1452 3288 1505 3330 un·

375 3393 473 3457 quam
489 3378 636 3455 tempore
661 3376 795 3455 possent
821 3377 937 3436 contra
962 3369 1111 3454 predicta
1135 3372 1186 3436 vel
1210 3373 1435 3456 predictorum
1450 3373 1504 3438 ali·

376 3481 461 3562 qnod
477 3501 511 3545 se
527 3481 648 3562 iuvare,
664 3486 698 3544 et
713 3479 941 3564 promittentes
968 3479 1156 3545 solemniter
1172 3481 1233 3546 sub
1249 3481 1380 3547 vinculo
1401 3504 1505 3548 sacra-

375 3588 474 3654 menti
483 3611 543 3672 pro
554 3610 588 3652 se
600 3593 633 3652 et
645 3586 740 3652 dictis
749 3586 842 3652 Duce
858 3593 890 3652 et
906 3586 1075 3652 Communi
1087 3589 1306 3673 corporaliter
1316 3591 1451 3674 prestiti
1467 3591 1506 3655 de

375 3698 446 3782 ipsa
461 3697 644 3776 Dalmacia,
661 3697 861 3777 civitatibus,
877 3697 985 3777 terris,
1004 3699 1128 3780 cestria,
1143 3698 1232 3779 locis,
1244 3698 1371 3780 insulis,
1381 3701 1506 3766 iuribus

376 3813 408 3872 et
423 3806 529 3870 titulis
555 3826 592 3870 ac
617 3805 759 3889 ipsorum
786 3804 929 3870 dominio
955 3825 1013 3869 seu
1037 3805 1224 3888 possesione
1255 3807 1346 3872 nullo
1361 3829 1508 3892 unquam

374 3921 521 3999 tempore
546 3935 605 3997 per
630 3936 663 3980 se
690 3913 739 3978 vel
763 3934 822 3997 per
848 3913 929 3978 alios
947 3934 979 3977 se
995 3913 1212 3979 intromittere
1228 3915 1279 3981 vel
1295 3916 1509 3998 aliquatenus

367 4021 531 4107 impedire
546 4043 650 4104 usqne
667 4021 808 4087 confines
835 4019 1026 4086 antedictos.
1054 4019 1249 4106 Obligantes
1266 4046 1309 4107 se,
1325 4045 1440 4091 omnes
1456 4023 1509 4090 Ci-

373 4130 499 4212 vitates,
517 4130 648 4212 Terram,
674 4129 803 4209 Castra,
829 4129 910 4212 loca,
936 4133 1058 4212 portus,
1075 4129 1199 4196 insulas
1215 4135 1314 4214 atque
1332 4132 1407 4200 iura
1421 4133 1510 4200 inira

374 4239 463 4303 diota
479 4237 617 4302 confinia
637 4237 824 4318 existencia,
841 4258 903 4320 que
919 4242 994 4301 sunt
1010 4258 1069 4320 pro
1085 4259 1171 4302 nunc
1187 4239 1220 4303 iu
1236 4259 1328 4304 mera
1344 4248 1508 4324 potestate

373 4344 525 4426 ipsorum,
541 4345 651 4424 libere,
667 4366 749 4427 pure
765 4350 798 4408 et
814 4344 1006 4426 simpliciter
1021 4345 1116 4411 nobis
1133 4347 1184 4410 vel
1201 4367 1298 4432 quem
1315 4347 1359 4413 ad
1375 4348 1439 4415 hoc
1455 4349 1509 4414 de·

374 4450 593 4532 putaverimus
609 4453 733 4535 absque
750 4453 836 4517 omni
853 4451 926 4516 dolo
938 4451 1003 4516 sive
1014 4450 1224 4518 fraudeinfra
1236 4454 1381 4538 spacium
1392 4457 1507 4541 viginti

375 4556 513 4624 duorum
539 4557 663 4626 dierum
690 4583 710 4626 a
735 4569 883 4644 tempore
909 4560 984 4626 date
1013 4559 1195 4628 litterarum
1211 4565 1412 4648 presentium
1429 4567 1507 4634 resi·
