<?xml version="1.0" encoding="UTF-8"?>
<!DOCTYPE html PUBLIC "-//W3C//DTD XHTML 1.0 Transitional//EN"
    "http://www.w3.org/TR/xhtml1/DTD/xhtml1-transitional.dtd">
<html xmlns="http://www.w3.org/1999/xhtml" xml:lang="en" lang="en">
 <head>
  <title>
</title>
<meta http-equiv="Content-Type" content="text/html;charset=utf-8" />
  <meta name='ocr-system' content='tesseract 3.04.00' />
  <meta name='ocr-capabilities' content='ocr_page ocr_carea ocr_par ocr_line ocrx_word'/>
</head>
<body>
  <div class='ocr_page' id='page_1' title='image "./magyardiplomacz01wenzgoog_0156.png"; bbox 0 0 3166 5256; ppageno 0'>
   <div class='ocr_carea' id='block_1_1' title="bbox 368 351 1140 424">
    <p class='ocr_par' dir='ltr' id='par_1_1' title="bbox 368 351 1140 424">
     <span class='ocr_line' id='line_1_1' title="bbox 368 351 1140 424; baseline 0.003 -2"><span class='ocrx_word' id='word_1_1' title='bbox 368 355 431 423; x_wconf 79' lang='lat'>120</span> <span class='ocrx_word' id='word_1_2' title='bbox 596 387 602 394; x_wconf 86' lang='lat'><strong>·</strong></span> <span class='ocrx_word' id='word_1_3' title='bbox 720 364 957 424; x_wconf 77' lang='lat' dir='ltr'>nrrnousczrui</span> <span class='ocrx_word' id='word_1_4' title='bbox 971 351 1140 424; x_wconf 74' lang='lat' dir='ltr'>antenna.</span> 
     </span>
    </p>
   </div>
   <div class='ocr_carea' id='block_1_2' title="bbox 354 535 1493 3548">
    <p class='ocr_par' dir='ltr' id='par_1_2' title="bbox 354 535 1493 2869">
     <span class='ocr_line' id='line_1_2' title="bbox 368 535 1484 606; baseline -0.001 -1"><span class='ocrx_word' id='word_1_5' title='bbox 368 537 617 605; x_wconf 87' lang='lat' dir='ltr'>Serenissimum</span> <span class='ocrx_word' id='word_1_6' title='bbox 634 537 899 604; x_wconf 83' lang='lat' dir='ltr'>etExcollentem</span> <span class='ocrx_word' id='word_1_7' title='bbox 915 541 1054 604; x_wconf 90' lang='lat' dir='ltr'>amicum</span> <span class='ocrx_word' id='word_1_8' title='bbox 1071 544 1104 604; x_wconf 89' lang='lat' dir='ltr'>et</span> <span class='ocrx_word' id='word_1_9' title='bbox 1119 535 1250 604; x_wconf 89' lang='lat' dir='ltr'>affinem</span> <span class='ocrx_word' id='word_1_10' title='bbox 1267 538 1484 606; x_wconf 72' lang='lat' dir='ltr'>nostrumolm</span> 
     </span>
     <span class='ocr_line' id='line_1_3' title="bbox 366 645 1485 731; baseline 0.001 -20"><span class='ocrx_word' id='word_1_11' title='bbox 366 647 539 731; x_wconf 87' lang='lat' dir='ltr'>rissimnm,</span> <span class='ocrx_word' id='word_1_12' title='bbox 554 646 701 730; x_wconf 87' lang='lat' dir='ltr'>etmagis</span> <span class='ocrx_word' id='word_1_13' title='bbox 717 645 832 730; x_wconf 90' lang='lat' dir='ltr'>plenus</span> <span class='ocrx_word' id='word_1_14' title='bbox 850 652 944 712; x_wconf 89' lang='lat' dir='ltr'>tenor</span> <span class='ocrx_word' id='word_1_15' title='bbox 961 647 1146 714; x_wconf 89' lang='lat' dir='ltr'>litterarum</span> <span class='ocrx_word' id='word_1_16' title='bbox 1162 668 1295 713; x_wconf 89' lang='lat' dir='ltr'>suarum</span> <span class='ocrx_word' id='word_1_17' title='bbox 1312 649 1401 713; x_wconf 84' lang='lat' dir='ltr'>auxit</span> <span class='ocrx_word' id='word_1_18' title='bbox 1415 647 1485 712; x_wconf 91' lang='lat' dir='ltr'>fidu-</span> 
     </span>
     <span class='ocr_line' id='line_1_4' title="bbox 367 753 1486 838; baseline 0 -18"><span class='ocrx_word' id='word_1_19' title='bbox 367 755 452 820; x_wconf 86' lang='lat' dir='ltr'>ciam</span> <span class='ocrx_word' id='word_1_20' title='bbox 467 761 620 838; x_wconf 88' lang='lat' dir='ltr'>nostram,</span> <span class='ocrx_word' id='word_1_21' title='bbox 637 759 669 818; x_wconf 89' lang='lat' dir='ltr'>et</span> <span class='ocrx_word' id='word_1_22' title='bbox 678 753 841 820; x_wconf 84' lang='lat' dir='ltr'>efficacius</span> <span class='ocrx_word' id='word_1_23' title='bbox 857 754 1015 836; x_wconf 83' lang='lat' dir='ltr'>obligavit</span> <span class='ocrx_word' id='word_1_24' title='bbox 1031 777 1090 822; x_wconf 91' lang='lat' dir='ltr'>nos</span> <span class='ocrx_word' id='word_1_25' title='bbox 1107 763 1140 822; x_wconf 88' lang='lat' dir='ltr'>et</span> <span class='ocrx_word' id='word_1_26' title='bbox 1151 753 1426 821; x_wconf 68' lang='lat' dir='ltr'><strong>communitatem</strong></span> <span class='ocrx_word' id='word_1_27' title='bbox 1439 777 1486 820; x_wconf 92' lang='lat' dir='ltr'>no·</span> 
     </span>
     <span class='ocr_line' id='line_1_5' title="bbox 372 859 1487 946; baseline -0.001 -18"><span class='ocrx_word' id='word_1_28' title='bbox 372 870 473 928; x_wconf 88' lang='lat' dir='ltr'>stram</span> <span class='ocrx_word' id='word_1_29' title='bbox 489 861 531 926; x_wconf 86' lang='lat' dir='ltr'>ad</span> <span class='ocrx_word' id='word_1_30' title='bbox 549 859 613 927; x_wconf 82' lang='lat' dir='ltr'>Sue</span> <span class='ocrx_word' id='word_1_31' title='bbox 632 859 820 926; x_wconf 76' lang='lat' dir='ltr'>Maiestatis</span> <span class='ocrx_word' id='word_1_32' title='bbox 846 860 989 926; x_wconf 78' lang='lat' dir='ltr'>honores</span> <span class='ocrx_word' id='word_1_33' title='bbox 1013 863 1140 946; x_wconf 89' lang='lat' dir='ltr'>pariter</span> <span class='ocrx_word' id='word_1_34' title='bbox 1156 867 1190 928; x_wconf 88' lang='lat' dir='ltr'>et</span> <span class='ocrx_word' id='word_1_35' title='bbox 1206 867 1422 946; x_wconf 87' lang='lat' dir='ltr'>augmentum.</span> <span class='ocrx_word' id='word_1_36' title='bbox 1449 862 1487 928; x_wconf 81' lang='lat' dir='ltr'>Et</span> 
     </span>
     <span class='ocr_line' id='line_1_6' title="bbox 370 967 1488 1053; baseline -0.001 -17"><span class='ocrx_word' id='word_1_37' title='bbox 370 992 444 1036; x_wconf 91' lang='lat' dir='ltr'>cum</span> <span class='ocrx_word' id='word_1_38' title='bbox 469 969 533 1035; x_wconf 90' lang='lat' dir='ltr'>hiis</span> <span class='ocrx_word' id='word_1_39' title='bbox 558 974 591 1033; x_wconf 90' lang='lat' dir='ltr'>et</span> <span class='ocrx_word' id='word_1_40' title='bbox 610 969 683 1034; x_wconf 91' lang='lat' dir='ltr'>aliis</span> <span class='ocrx_word' id='word_1_41' title='bbox 699 968 806 1034; x_wconf 84' lang='lat' dir='ltr'>verbis</span> <span class='ocrx_word' id='word_1_42' title='bbox 822 967 881 1034; x_wconf 88' lang='lat' dir='ltr'>fiat</span> <span class='ocrx_word' id='word_1_43' title='bbox 897 970 1075 1053; x_wconf 79' lang='lat' dir='ltr'>responsio,</span> <span class='ocrx_word' id='word_1_44' title='bbox 1090 976 1128 1035; x_wconf 89' lang='lat' dir='ltr'>ut</span> <span class='ocrx_word' id='word_1_45' title='bbox 1142 969 1308 1037; x_wconf 87' lang='lat' dir='ltr'>videbitur</span> <span class='ocrx_word' id='word_1_46' title='bbox 1323 971 1488 1036; x_wconf 83' lang='lat' dir='ltr'>convenire.</span> 
     </span>
     <span class='ocr_line' id='line_1_7' title="bbox 371 1076 1490 1163; baseline -0.002 -19"><span class='ocrx_word' id='word_1_47' title='bbox 371 1076 437 1144; x_wconf 87' lang='lat' dir='ltr'>Sed</span> <span class='ocrx_word' id='word_1_48' title='bbox 455 1078 498 1143; x_wconf 89' lang='lat' dir='ltr'>ad</span> <span class='ocrx_word' id='word_1_49' title='bbox 513 1097 648 1161; x_wconf 82' lang='lat' dir='ltr'>presens</span> <span class='ocrx_word' id='word_1_50' title='bbox 664 1077 819 1142; x_wconf 89' lang='lat' dir='ltr'>habemus</span> <span class='ocrx_word' id='word_1_51' title='bbox 835 1079 1010 1143; x_wconf 88' lang='lat' dir='ltr'>exercitum</span> <span class='ocrx_word' id='word_1_52' title='bbox 1026 1083 1177 1144; x_wconf 87' lang='lat' dir='ltr'>nostrum</span> <span class='ocrx_word' id='word_1_53' title='bbox 1194 1085 1362 1163; x_wconf 86' lang='lat' dir='ltr'>potentem</span> <span class='ocrx_word' id='word_1_54' title='bbox 1376 1078 1490 1144; x_wconf 84' lang='lat' dir='ltr'>inmari</span> 
     </span>
     <span class='ocr_line' id='line_1_8' title="bbox 371 1183 1490 1269; baseline 0.003 -19"><span class='ocrx_word' id='word_1_55' title='bbox 371 1192 404 1251; x_wconf 91' lang='lat' dir='ltr'>et</span> <span class='ocrx_word' id='word_1_56' title='bbox 419 1191 509 1264; x_wconf 87' lang='lat' dir='ltr'>terra</span> <span class='ocrx_word' id='word_1_57' title='bbox 524 1192 638 1251; x_wconf 89' lang='lat' dir='ltr'>eontra</span> <span class='ocrx_word' id='word_1_58' title='bbox 653 1183 678 1248; x_wconf 87' lang='lat' dir='ltr'>J</span> <span class='ocrx_word' id='word_1_59' title='bbox 680 1184 832 1250; x_wconf 88' lang='lat' dir='ltr'>adrenses</span> <span class='ocrx_word' id='word_1_60' title='bbox 849 1185 987 1250; x_wconf 86' lang='lat' dir='ltr'>rebelles</span> <span class='ocrx_word' id='word_1_61' title='bbox 1004 1192 1143 1267; x_wconf 85' lang='lat' dir='ltr'>nostros,</span> <span class='ocrx_word' id='word_1_62' title='bbox 1160 1191 1193 1250; x_wconf 87' lang='lat' dir='ltr'>et</span> <span class='ocrx_word' id='word_1_63' title='bbox 1209 1207 1378 1269; x_wconf 89' lang='lat' dir='ltr'>speramus</span> <span class='ocrx_word' id='word_1_64' title='bbox 1388 1186 1420 1249; x_wconf 91' lang='lat' dir='ltr'>in</span> <span class='ocrx_word' id='word_1_65' title='bbox 1433 1187 1490 1253; x_wconf 90' lang='lat' dir='ltr'>Do-</span> 
     </span>
     <span class='ocr_line' id='line_1_9' title="bbox 354 1281 1490 1377; baseline 0.001 -19"><span class='ocrx_word' id='word_1_66' title='bbox 354 1281 469 1374; x_wconf 82' lang='lat' dir='ltr'>mine,</span> <span class='ocrx_word' id='word_1_67' title='bbox 494 1292 584 1377; x_wconf 90' lang='lat' dir='ltr'>quod</span> <span class='ocrx_word' id='word_1_68' title='bbox 609 1291 649 1357; x_wconf 92' lang='lat' dir='ltr'>de</span> <span class='ocrx_word' id='word_1_69' title='bbox 676 1313 735 1357; x_wconf 88' lang='lat' dir='ltr'>sua</span> <span class='ocrx_word' id='word_1_70' title='bbox 750 1291 889 1376; x_wconf 91' lang='lat' dir='ltr'>perfidia</span> <span class='ocrx_word' id='word_1_71' title='bbox 906 1299 938 1357; x_wconf 88' lang='lat' dir='ltr'>et</span> <span class='ocrx_word' id='word_1_72' title='bbox 954 1294 1130 1361; x_wconf 89' lang='lat' dir='ltr'>rebellione</span> <span class='ocrx_word' id='word_1_73' title='bbox 1147 1295 1212 1360; x_wconf 91' lang='lat' dir='ltr'>cito</span> <span class='ocrx_word' id='word_1_74' title='bbox 1230 1295 1371 1360; x_wconf 88' lang='lat' dir='ltr'>sentient</span> <span class='ocrx_word' id='word_1_75' title='bbox 1387 1315 1490 1377; x_wconf 87' lang='lat' dir='ltr'>penam</span> 
     </span>
     <span class='ocr_line' id='line_1_10' title="bbox 374 1399 1491 1496; baseline 0.002 -31"><span class='ocrx_word' id='word_1_76' title='bbox 374 1399 531 1496; x_wconf 81' lang='lat' dir='ltr'>debitam,</span> <span class='ocrx_word' id='word_1_77' title='bbox 548 1404 581 1465; x_wconf 93' lang='lat' dir='ltr'>et</span> <span class='ocrx_word' id='word_1_78' title='bbox 591 1399 810 1465; x_wconf 81' lang='lat' dir='ltr'><strong>obtinebimus</strong></span> <span class='ocrx_word' id='word_1_79' title='bbox 826 1400 982 1467; x_wconf 83' lang='lat' dir='ltr'>velociter</span> <span class='ocrx_word' id='word_1_80' title='bbox 998 1402 1209 1469; x_wconf 89' lang='lat' dir='ltr'>intentionem</span> <span class='ocrx_word' id='word_1_81' title='bbox 1227 1408 1374 1468; x_wconf 86' lang='lat' dir='ltr'>nostram</span> <span class='ocrx_word' id='word_1_82' title='bbox 1390 1403 1430 1468; x_wconf 88' lang='lat' dir='ltr'>ad</span> <span class='ocrx_word' id='word_1_83' title='bbox 1444 1403 1491 1468; x_wconf 92' lang='lat' dir='ltr'>ho·</span> 
     </span>
     <span class='ocr_line' id='line_1_11' title="bbox 371 1505 1491 1594; baseline 0.002 -21"><span class='ocrx_word' id='word_1_84' title='bbox 371 1529 485 1574; x_wconf 92' lang='lat' dir='ltr'>norem</span> <span class='ocrx_word' id='word_1_85' title='bbox 494 1505 570 1590; x_wconf 85' lang='lat' dir='ltr'>Dei,</span> <span class='ocrx_word' id='word_1_86' title='bbox 580 1514 613 1573; x_wconf 91' lang='lat' dir='ltr'>et</span> <span class='ocrx_word' id='word_1_87' title='bbox 628 1509 678 1573; x_wconf 93' lang='lat' dir='ltr'>sui</span> <span class='ocrx_word' id='word_1_88' title='bbox 694 1514 727 1572; x_wconf 91' lang='lat' dir='ltr'>et</span> <span class='ocrx_word' id='word_1_89' title='bbox 747 1509 889 1573; x_wconf 91' lang='lat' dir='ltr'>omnium</span> <span class='ocrx_word' id='word_1_90' title='bbox 905 1510 1091 1576; x_wconf 86' lang='lat' dir='ltr'>amicorum.</span> <span class='ocrx_word' id='word_1_91' title='bbox 1102 1507 1187 1576; x_wconf 88' lang='lat' dir='ltr'>Item</span> <span class='ocrx_word' id='word_1_92' title='bbox 1205 1510 1294 1594; x_wconf 89' lang='lat' dir='ltr'>quod</span> <span class='ocrx_word' id='word_1_93' title='bbox 1311 1509 1491 1594; x_wconf 88' lang='lat' dir='ltr'>respondea-</span> 
     </span>
     <span class='ocr_line' id='line_1_12' title="bbox 373 1615 1491 1706; baseline 0 -24"><span class='ocrx_word' id='word_1_94' title='bbox 373 1623 427 1682; x_wconf 85' lang='lat' dir='ltr'>tur</span> <span class='ocrx_word' id='word_1_95' title='bbox 444 1617 490 1682; x_wconf 88' lang='lat' dir='ltr'>sic</span> <span class='ocrx_word' id='word_1_96' title='bbox 506 1615 549 1682; x_wconf 89' lang='lat' dir='ltr'>ad</span> <span class='ocrx_word' id='word_1_97' title='bbox 565 1617 694 1688; x_wconf 87' lang='lat' dir='ltr'>litteras</span> <span class='ocrx_word' id='word_1_98' title='bbox 711 1615 835 1681; x_wconf 90' lang='lat' dir='ltr'>domini</span> <span class='ocrx_word' id='word_1_99' title='bbox 851 1616 969 1683; x_wconf 84' lang='lat' dir='ltr'>Nicole</span> <span class='ocrx_word' id='word_1_100' title='bbox 986 1617 1027 1683; x_wconf 92' lang='lat' dir='ltr'>de</span> <span class='ocrx_word' id='word_1_101' title='bbox 1043 1617 1181 1700; x_wconf 89' lang='lat' dir='ltr'>Buchia‚</span> <span class='ocrx_word' id='word_1_102' title='bbox 1198 1617 1415 1706; x_wconf 84' lang='lat' dir='ltr'>regraciando</span> <span class='ocrx_word' id='word_1_103' title='bbox 1430 1639 1491 1683; x_wconf 90' lang='lat' dir='ltr'>cum</span> 
     </span>
     <span class='ocr_line' id='line_1_13' title="bbox 373 1723 1492 1810; baseline -0.001 -21"><span class='ocrx_word' id='word_1_104' title='bbox 373 1723 498 1810; x_wconf 88' lang='lat' dir='ltr'>pulcris</span> <span class='ocrx_word' id='word_1_105' title='bbox 522 1723 639 1804; x_wconf 84' lang='lat' dir='ltr'>verbis,</span> <span class='ocrx_word' id='word_1_106' title='bbox 667 1743 731 1805; x_wconf 89' lang='lat' dir='ltr'>que</span> <span class='ocrx_word' id='word_1_107' title='bbox 757 1723 953 1790; x_wconf 82' lang='lat' dir='ltr'>videbuntur</span> <span class='ocrx_word' id='word_1_108' title='bbox 979 1727 1158 1792; x_wconf 84' lang='lat' dir='ltr'>convenire.</span> <span class='ocrx_word' id='word_1_109' title='bbox 1174 1725 1260 1791; x_wconf 88' lang='lat' dir='ltr'>Item</span> <span class='ocrx_word' id='word_1_110' title='bbox 1278 1746 1339 1810; x_wconf 90' lang='lat' dir='ltr'>per</span> <span class='ocrx_word' id='word_1_111' title='bbox 1355 1727 1433 1791; x_wconf 86' lang='lat' dir='ltr'>alias</span> <span class='ocrx_word' id='word_1_112' title='bbox 1447 1724 1492 1789; x_wconf 88' lang='lat' dir='ltr'>lit·</span> 
     </span>
     <span class='ocr_line' id='line_1_14' title="bbox 374 1832 1492 1919; baseline -0.001 -20"><span class='ocrx_word' id='word_1_113' title='bbox 374 1839 462 1899; x_wconf 88' lang='lat' dir='ltr'>teras</span> <span class='ocrx_word' id='word_1_114' title='bbox 490 1835 619 1897; x_wconf 88' lang='lat' dir='ltr'>nostras</span> <span class='ocrx_word' id='word_1_115' title='bbox 644 1832 882 1914; x_wconf 83' lang='lat' dir='ltr'>respondeatur</span> <span class='ocrx_word' id='word_1_116' title='bbox 899 1833 1004 1897; x_wconf 84' lang='lat' dir='ltr'>eidem</span> <span class='ocrx_word' id='word_1_117' title='bbox 1021 1832 1151 1900; x_wconf 91' lang='lat' dir='ltr'>domino</span> <span class='ocrx_word' id='word_1_118' title='bbox 1168 1833 1262 1919; x_wconf 83' lang='lat' dir='ltr'>Regi,</span> <span class='ocrx_word' id='word_1_119' title='bbox 1281 1833 1368 1918; x_wconf 90' lang='lat' dir='ltr'>quod</span> <span class='ocrx_word' id='word_1_120' title='bbox 1383 1833 1492 1898; x_wconf 85' lang='lat' dir='ltr'>deside-</span> 
     </span>
     <span class='ocr_line' id='line_1_15' title="bbox 373 1937 1493 2023; baseline 0 -18"><span class='ocrx_word' id='word_1_121' title='bbox 373 1945 487 2006; x_wconf 83' lang='lat' dir='ltr'>rantes</span> <span class='ocrx_word' id='word_1_122' title='bbox 513 1959 640 2023; x_wconf 85' lang='lat' dir='ltr'>semper</span> <span class='ocrx_word' id='word_1_123' title='bbox 665 1939 867 2023; x_wconf 77' lang='lat' dir='ltr'>complacere</span> <span class='ocrx_word' id='word_1_124' title='bbox 894 1937 960 2005; x_wconf 84' lang='lat' dir='ltr'>Sue</span> <span class='ocrx_word' id='word_1_125' title='bbox 986 1941 1161 2007; x_wconf 87' lang='lat' dir='ltr'>Maiestati</span> <span class='ocrx_word' id='word_1_126' title='bbox 1180 1941 1219 2007; x_wconf 93' lang='lat' dir='ltr'>de</span> <span class='ocrx_word' id='word_1_127' title='bbox 1239 1943 1328 2008; x_wconf 86' lang='lat' dir='ltr'>facto</span> <span class='ocrx_word' id='word_1_128' title='bbox 1344 1963 1493 2008; x_wconf 88' lang='lat' dir='ltr'>armorum</span> 
     </span>
     <span class='ocr_line' id='line_1_16' title="bbox 376 2045 1492 2134; baseline -0.003 -20"><span class='ocrx_word' id='word_1_129' title='bbox 376 2051 601 2115; x_wconf 89' lang='lat' dir='ltr'>contentorum</span> <span class='ocrx_word' id='word_1_130' title='bbox 626 2045 659 2111; x_wconf 92' lang='lat' dir='ltr'>in</span> <span class='ocrx_word' id='word_1_131' title='bbox 687 2047 754 2111; x_wconf 86' lang='lat' dir='ltr'>suis</span> <span class='ocrx_word' id='word_1_132' title='bbox 770 2046 898 2128; x_wconf 84' lang='lat' dir='ltr'>litteris,</span> <span class='ocrx_word' id='word_1_133' title='bbox 914 2049 1079 2114; x_wconf 79' lang='lat' dir='ltr'>licentiam</span> <span class='ocrx_word' id='word_1_134' title='bbox 1095 2049 1287 2116; x_wconf 87' lang='lat' dir='ltr'>extrahendi</span> <span class='ocrx_word' id='word_1_135' title='bbox 1303 2050 1344 2115; x_wconf 90' lang='lat' dir='ltr'>de</span> <span class='ocrx_word' id='word_1_136' title='bbox 1359 2050 1492 2134; x_wconf 83' lang='lat' dir='ltr'>partibus</span> 
     </span>
     <span class='ocr_line' id='line_1_17' title="bbox 375 2153 1492 2238; baseline -0.003 -16"><span class='ocrx_word' id='word_1_137' title='bbox 375 2155 496 2222; x_wconf 89' lang='lat' dir='ltr'>nostris</span> <span class='ocrx_word' id='word_1_138' title='bbox 512 2154 724 2220; x_wconf 89' lang='lat' dir='ltr'>cencessimus</span> <span class='ocrx_word' id='word_1_139' title='bbox 739 2153 930 2237; x_wconf 83' lang='lat' dir='ltr'>liberaliter,</span> <span class='ocrx_word' id='word_1_140' title='bbox 947 2154 1096 2238; x_wconf 82' lang='lat' dir='ltr'>dispositi</span> <span class='ocrx_word' id='word_1_141' title='bbox 1113 2178 1187 2222; x_wconf 91' lang='lat' dir='ltr'>cum</span> <span class='ocrx_word' id='word_1_142' title='bbox 1203 2155 1375 2224; x_wconf 84' lang='lat' dir='ltr'>affectione</span> <span class='ocrx_word' id='word_1_143' title='bbox 1390 2157 1492 2221; x_wconf 83' lang='lat' dir='ltr'>intima</span> 
     </span>
     <span class='ocr_line' id='line_1_18' title="bbox 376 2260 1493 2350; baseline -0.001 -21"><span class='ocrx_word' id='word_1_144' title='bbox 376 2271 409 2329; x_wconf 86' lang='lat' dir='ltr'>et</span> <span class='ocrx_word' id='word_1_145' title='bbox 424 2263 553 2330; x_wconf 88' lang='lat' dir='ltr'>sincera</span> <span class='ocrx_word' id='word_1_146' title='bbox 576 2262 610 2326; x_wconf 94' lang='lat' dir='ltr'>in</span> <span class='ocrx_word' id='word_1_147' title='bbox 629 2260 692 2326; x_wconf 89' lang='lat' dir='ltr'>hiis</span> <span class='ocrx_word' id='word_1_148' title='bbox 709 2267 742 2326; x_wconf 89' lang='lat' dir='ltr'>et</span> <span class='ocrx_word' id='word_1_149' title='bbox 757 2260 831 2326; x_wconf 86' lang='lat' dir='ltr'>aliis</span> <span class='ocrx_word' id='word_1_150' title='bbox 848 2261 1007 2345; x_wconf 88' lang='lat' dir='ltr'>omnibus,</span> <span class='ocrx_word' id='word_1_151' title='bbox 1024 2284 1087 2347; x_wconf 92' lang='lat' dir='ltr'>que</span> <span class='ocrx_word' id='word_1_152' title='bbox 1104 2270 1180 2330; x_wconf 91' lang='lat' dir='ltr'>sunt</span> <span class='ocrx_word' id='word_1_153' title='bbox 1196 2265 1246 2331; x_wconf 89' lang='lat' dir='ltr'>sui</span> <span class='ocrx_word' id='word_1_154' title='bbox 1261 2265 1453 2350; x_wconf 81' lang='lat' dir='ltr'>beneplaciti</span> <span class='ocrx_word' id='word_1_155' title='bbox 1466 2270 1493 2329; x_wconf 88' lang='lat' dir='ltr'>et</span> 
     </span>
     <span class='ocr_line' id='line_1_19' title="bbox 376 2352 1493 2458; baseline 0.001 -22"><span class='ocrx_word' id='word_1_156' title='bbox 376 2371 514 2436; x_wconf 87' lang='lat' dir='ltr'>honoris.</span> <span class='ocrx_word' id='word_1_157' title='bbox 540 2368 624 2434; x_wconf 89' lang='lat' dir='ltr'>Item</span> <span class='ocrx_word' id='word_1_158' title='bbox 644 2374 835 2453; x_wconf 88' lang='lat' dir='ltr'>acceptetur</span> <span class='ocrx_word' id='word_1_159' title='bbox 850 2352 1038 2456; x_wconf 81' lang='lat' dir='ltr'>prorogatio</span> <span class='ocrx_word' id='word_1_160' title='bbox 1055 2359 1309 2440; x_wconf 82' lang='lat' dir='ltr'>eoirfirmationis</span> <span class='ocrx_word' id='word_1_161' title='bbox 1327 2380 1493 2458; x_wconf 83' lang='lat' dir='ltr'>pactorum,</span> 
     </span>
     <span class='ocr_line' id='line_1_20' title="bbox 378 2475 1493 2565; baseline 0.003 -22"><span class='ocrx_word' id='word_1_162' title='bbox 378 2498 440 2561; x_wconf 90' lang='lat' dir='ltr'>que</span> <span class='ocrx_word' id='word_1_163' title='bbox 464 2475 621 2543; x_wconf 88' lang='lat' dir='ltr'>habemus</span> <span class='ocrx_word' id='word_1_164' title='bbox 647 2499 720 2544; x_wconf 91' lang='lat' dir='ltr'>cum</span> <span class='ocrx_word' id='word_1_165' title='bbox 745 2477 811 2543; x_wconf 88' lang='lat' dir='ltr'>illis</span> <span class='ocrx_word' id='word_1_166' title='bbox 837 2477 878 2543; x_wconf 93' lang='lat' dir='ltr'>de</span> <span class='ocrx_word' id='word_1_167' title='bbox 898 2478 1022 2546; x_wconf 85' lang='lat' dir='ltr'>Oataro</span> <span class='ocrx_word' id='word_1_168' title='bbox 1038 2500 1143 2562; x_wconf 89' lang='lat' dir='ltr'>usque</span> <span class='ocrx_word' id='word_1_169' title='bbox 1159 2481 1201 2546; x_wconf 92' lang='lat' dir='ltr'>ad</span> <span class='ocrx_word' id='word_1_170' title='bbox 1218 2481 1299 2547; x_wconf 90' lang='lat' dir='ltr'>duos</span> <span class='ocrx_word' id='word_1_171' title='bbox 1316 2503 1417 2546; x_wconf 88' lang='lat' dir='ltr'>annos</span> <span class='ocrx_word' id='word_1_172' title='bbox 1431 2501 1493 2565; x_wconf 82' lang='lat' dir='ltr'>pro</span> 
     </span>
     <span class='ocr_line' id='line_1_21' title="bbox 376 2587 1493 2674; baseline 0.004 -23"><span class='ocrx_word' id='word_1_173' title='bbox 376 2587 490 2667; x_wconf 78' lang='lat' dir='ltr'>simos,</span> <span class='ocrx_word' id='word_1_174' title='bbox 517 2592 550 2652; x_wconf 89' lang='lat' dir='ltr'>et</span> <span class='ocrx_word' id='word_1_175' title='bbox 572 2593 700 2652; x_wconf 89' lang='lat' dir='ltr'>tantum</span> <span class='ocrx_word' id='word_1_176' title='bbox 726 2588 808 2671; x_wconf 85' lang='lat' dir='ltr'>plus,</span> <span class='ocrx_word' id='word_1_177' title='bbox 825 2594 983 2671; x_wconf 89' lang='lat' dir='ltr'>quantum</span> <span class='ocrx_word' id='word_1_178' title='bbox 1000 2588 1099 2655; x_wconf 90' lang='lat' dir='ltr'>fuerit</span> <span class='ocrx_word' id='word_1_179' title='bbox 1114 2591 1155 2656; x_wconf 92' lang='lat' dir='ltr'>de</span> <span class='ocrx_word' id='word_1_180' title='bbox 1170 2592 1316 2674; x_wconf 91' lang='lat' dir='ltr'>partium</span> <span class='ocrx_word' id='word_1_181' title='bbox 1332 2591 1493 2668; x_wconf 80' lang='lat' dir='ltr'>voluntate,</span> 
     </span>
     <span class='ocr_line' id='line_1_22' title="bbox 379 2693 1491 2780; baseline 0.001 -21"><span class='ocrx_word' id='word_1_182' title='bbox 379 2695 463 2759; x_wconf 90' lang='lat' dir='ltr'>sicut</span> <span class='ocrx_word' id='word_1_183' title='bbox 492 2693 642 2760; x_wconf 88' lang='lat' dir='ltr'>dominus</span> <span class='ocrx_word' id='word_1_184' title='bbox 658 2694 731 2760; x_wconf 89' lang='lat' dir='ltr'>Rex</span> <span class='ocrx_word' id='word_1_185' title='bbox 756 2696 923 2779; x_wconf 90' lang='lat' dir='ltr'>predictus</span> <span class='ocrx_word' id='word_1_186' title='bbox 953 2718 1013 2780; x_wconf 86' lang='lat' dir='ltr'>per</span> <span class='ocrx_word' id='word_1_187' title='bbox 1038 2697 1142 2764; x_wconf 90' lang='lat' dir='ltr'>dietas</span> <span class='ocrx_word' id='word_1_188' title='bbox 1169 2719 1244 2764; x_wconf 90' lang='lat' dir='ltr'>suas</span> <span class='ocrx_word' id='word_1_189' title='bbox 1268 2698 1396 2764; x_wconf 87' lang='lat' dir='ltr'>litteras</span> <span class='ocrx_word' id='word_1_190' title='bbox 1410 2697 1491 2764; x_wconf 93' lang='lat' dir='ltr'>nobis</span> 
     </span>
     <span class='ocr_line' id='line_1_23' title="bbox 379 2803 502 2869; baseline 0.008 -3"><span class='ocrx_word' id='word_1_191' title='bbox 379 2803 502 2869; x_wconf 89' lang='lat' dir='ltr'>scribit.</span> 
     </span>
    </p>

    <p class='ocr_par' dir='ltr' id='par_1_3' title="bbox 378 2910 1493 3548">
     <span class='ocr_line' id='line_1_24' title="bbox 485 2910 1492 2994; baseline -0.002 -18"><span class='ocrx_word' id='word_1_192' title='bbox 485 2910 576 2977; x_wconf 88' lang='lat' dir='ltr'>Nota</span> <span class='ocrx_word' id='word_1_193' title='bbox 602 2911 690 2994; x_wconf 90' lang='lat' dir='ltr'>quod</span> <span class='ocrx_word' id='word_1_194' title='bbox 705 2931 797 2976; x_wconf 88' lang='lat' dir='ltr'>arma</span> <span class='ocrx_word' id='word_1_195' title='bbox 811 2917 965 2977; x_wconf 88' lang='lat' dir='ltr'>contenta</span> <span class='ocrx_word' id='word_1_196' title='bbox 981 2912 1014 2976; x_wconf 90' lang='lat' dir='ltr'>in</span> <span class='ocrx_word' id='word_1_197' title='bbox 1030 2912 1152 2978; x_wconf 88' lang='lat' dir='ltr'>litteris</span> <span class='ocrx_word' id='word_1_198' title='bbox 1169 2911 1250 2978; x_wconf 91' lang='lat' dir='ltr'>dicti</span> <span class='ocrx_word' id='word_1_199' title='bbox 1266 2912 1389 2978; x_wconf 91' lang='lat' dir='ltr'>domini</span> <span class='ocrx_word' id='word_1_200' title='bbox 1404 2912 1492 2994; x_wconf 86' lang='lat' dir='ltr'>Regis</span> 
     </span>
     <span class='ocr_line' id='line_1_25' title="bbox 380 3017 1493 3104; baseline -0.001 -21"><span class='ocrx_word' id='word_1_201' title='bbox 380 3024 456 3083; x_wconf 89' lang='lat' dir='ltr'>sunt</span> <span class='ocrx_word' id='word_1_202' title='bbox 465 3017 541 3084; x_wconf 91' lang='lat' dir='ltr'>hec:</span> <span class='ocrx_word' id='word_1_203' title='bbox 558 3020 664 3101; x_wconf 89' lang='lat' dir='ltr'>primo</span> <span class='ocrx_word' id='word_1_204' title='bbox 681 3023 826 3084; x_wconf 90' lang='lat' dir='ltr'>trecente</span> <span class='ocrx_word' id='word_1_205' title='bbox 847 3020 980 3098; x_wconf 82' lang='lat' dir='ltr'>curatis,</span> <span class='ocrx_word' id='word_1_206' title='bbox 1000 3021 1138 3084; x_wconf 89' lang='lat' dir='ltr'>trecenti</span> <span class='ocrx_word' id='word_1_207' title='bbox 1154 3021 1348 3104; x_wconf 81' lang='lat' dir='ltr'>achencheli,</span> <span class='ocrx_word' id='word_1_208' title='bbox 1364 3025 1493 3086; x_wconf 85' lang='lat' dir='ltr'>trecenta</span> 
     </span>
     <span class='ocr_line' id='line_1_26' title="bbox 378 3125 1492 3211; baseline -0.003 -20"><span class='ocrx_word' id='word_1_209' title='bbox 378 3126 509 3208; x_wconf 87' lang='lat' dir='ltr'>colaria,</span> <span class='ocrx_word' id='word_1_210' title='bbox 525 3129 670 3191; x_wconf 89' lang='lat' dir='ltr'>trecente</span> <span class='ocrx_word' id='word_1_211' title='bbox 686 3125 821 3192; x_wconf 88' lang='lat' dir='ltr'>barbate</span> <span class='ocrx_word' id='word_1_212' title='bbox 832 3133 864 3192; x_wconf 90' lang='lat' dir='ltr'>et</span> <span class='ocrx_word' id='word_1_213' title='bbox 875 3129 1014 3192; x_wconf 87' lang='lat' dir='ltr'>trecenti</span> <span class='ocrx_word' id='word_1_214' title='bbox 1029 3129 1143 3211; x_wconf 90' lang='lat' dir='ltr'>clipei;</span> <span class='ocrx_word' id='word_1_215' title='bbox 1160 3134 1193 3194; x_wconf 89' lang='lat' dir='ltr'>et</span> <span class='ocrx_word' id='word_1_216' title='bbox 1208 3127 1300 3194; x_wconf 81' lang='lat' dir='ltr'>tacta</span> <span class='ocrx_word' id='word_1_217' title='bbox 1314 3128 1376 3195; x_wconf 87' lang='lat' dir='ltr'>fuit</span> <span class='ocrx_word' id='word_1_218' title='bbox 1391 3125 1492 3192; x_wconf 86' lang='lat' dir='ltr'>cedula</span> 
     </span>
     <span class='ocr_line' id='line_1_27' title="bbox 378 3231 1492 3318; baseline -0.004 -18"><span class='ocrx_word' id='word_1_219' title='bbox 378 3234 571 3300; x_wconf 88' lang='lat' dir='ltr'>officialibus</span> <span class='ocrx_word' id='word_1_220' title='bbox 601 3232 722 3316; x_wconf 87' lang='lat' dir='ltr'>tabule,</span> <span class='ocrx_word' id='word_1_221' title='bbox 757 3237 845 3318; x_wconf 91' lang='lat' dir='ltr'>quod</span> <span class='ocrx_word' id='word_1_222' title='bbox 868 3234 1015 3302; x_wconf 83' lang='lat' dir='ltr'>lacerent</span> <span class='ocrx_word' id='word_1_223' title='bbox 1044 3237 1204 3303; x_wconf 89' lang='lat' dir='ltr'>bulletam</span> <span class='ocrx_word' id='word_1_224' title='bbox 1230 3259 1282 3303; x_wconf 90' lang='lat' dir='ltr'>ser</span> <span class='ocrx_word' id='word_1_225' title='bbox 1307 3235 1439 3301; x_wconf 86' lang='lat' dir='ltr'>Matheo</span> <span class='ocrx_word' id='word_1_226' title='bbox 1459 3231 1492 3296; x_wconf 86' lang='lat' dir='ltr'>dc</span> 
     </span>
     <span class='ocr_line' id='line_1_28' title="bbox 379 3339 1493 3427; baseline -0.002 -20"><span class='ocrx_word' id='word_1_227' title='bbox 379 3339 493 3408; x_wconf 84' lang='lat' dir='ltr'>Grado</span> <span class='ocrx_word' id='word_1_228' title='bbox 517 3341 557 3407; x_wconf 88' lang='lat' dir='ltr'>de</span> <span class='ocrx_word' id='word_1_229' title='bbox 583 3341 741 3426; x_wconf 88' lang='lat' dir='ltr'>Ragnsio,</span> <span class='ocrx_word' id='word_1_230' title='bbox 757 3363 818 3427; x_wconf 89' lang='lat' dir='ltr'>pro</span> <span class='ocrx_word' id='word_1_231' title='bbox 844 3343 930 3408; x_wconf 81' lang='lat' dir='ltr'>dicto</span> <span class='ocrx_word' id='word_1_232' title='bbox 951 3345 1082 3410; x_wconf 90' lang='lat' dir='ltr'>domino</span> <span class='ocrx_word' id='word_1_233' title='bbox 1098 3343 1190 3427; x_wconf 85' lang='lat' dir='ltr'>Rege</span> <span class='ocrx_word' id='word_1_234' title='bbox 1207 3343 1400 3410; x_wconf 84' lang='lat' dir='ltr'>extrahendi</span> <span class='ocrx_word' id='word_1_235' title='bbox 1416 3342 1493 3408; x_wconf 87' lang='lat' dir='ltr'>diota</span> 
     </span>
     <span class='ocr_line' id='line_1_29' title="bbox 381 3449 1075 3548; baseline 0.001 -32"><span class='ocrx_word' id='word_1_236' title='bbox 381 3471 482 3535; x_wconf 88' lang='lat' dir='ltr'>arma,</span> <span class='ocrx_word' id='word_1_237' title='bbox 498 3449 650 3516; x_wconf 85' lang='lat' dir='ltr'>solvendo</span> <span class='ocrx_word' id='word_1_238' title='bbox 666 3449 794 3517; x_wconf 88' lang='lat' dir='ltr'>datium</span> <span class='ocrx_word' id='word_1_239' title='bbox 810 3457 1008 3517; x_wconf 89' lang='lat' dir='ltr'>consuetum.</span> <span class='ocrx_word' id='word_1_240' title='bbox 1069 3539 1075 3548; x_wconf 21' lang='grc' dir='ltr'>η</span> 
     </span>
    </p>
   </div>
   <div class='ocr_carea' id='block_1_3' title="bbox 548 3613 1300 3681">
    <p class='ocr_par' dir='ltr' id='par_1_4' title="bbox 548 3613 1300 3681">
     <span class='ocr_line' id='line_1_30' title="bbox 548 3613 1300 3681; baseline 0.003 -17"><span class='ocrx_word' id='word_1_241' title='bbox 548 3614 584 3676; x_wconf 86' lang='grc' dir='ltr'>(Δ</span> <span class='ocrx_word' id='word_1_242' title='bbox 597 3614 727 3666; x_wconf 79' lang='lat' dir='ltr'>»Secreta</span> <span class='ocrx_word' id='word_1_243' title='bbox 740 3613 855 3666; x_wconf 79' lang='lat' dir='ltr'>Consilii</span> <span class='ocrx_word' id='word_1_244' title='bbox 867 3616 1056 3681; x_wconf 70' lang='lat' dir='ltr'>Rogatorumr</span> <span class='ocrx_word' id='word_1_245' title='bbox 1078 3616 1135 3666; x_wconf 86' lang='lat' dir='ltr'>Lit.</span> <span class='ocrx_word' id='word_1_246' title='bbox 1147 3616 1181 3666; x_wconf 76' lang='lat' dir='ltr'>A.</span> <span class='ocrx_word' id='word_1_247' title='bbox 1193 3617 1248 3666; x_wconf 87' lang='lat' dir='ltr'>vol.</span> <span class='ocrx_word' id='word_1_248' title='bbox 1265 3616 1300 3677; x_wconf 90' lang='lat'>1.)</span> 
     </span>
    </p>
   </div>
   <div class='ocr_carea' id='block_1_4' title="bbox 0 0 1602 5256">
    <p class='ocr_par' dir='ltr' id='par_1_5' title="bbox 0 0 1602 5256">
     <span class='ocr_line' id='line_1_31' title="bbox 0 0 1602 5256; baseline 0 0"><span class='ocrx_word' id='word_1_249' title='bbox 0 0 1602 5256; x_wconf 95' lang='lat' dir='ltr'> </span> 
     </span>
    </p>
   </div>
  </div>
 </body>
</html>
