3110 5248
118 3 244 38 ιἰ1“““”.“
274 3 281 6 “
322 1 373 42 ;’,”
568 23 588 40 ,,

2 273 3 308 l

2 340 3 354 i

2 373 3 388 i

571 365 666 446 tels.
759 433 761 438 .
925 362 926 371 '
1109 365 1176 450 eoa·

54 551 150 621 eundo
178 556 319 622 transire
343 577 403 640 per
419 577 495 623 snas
511 563 616 622 terras
633 557 684 622 vel
700 577 825 642 passus,
835 563 870 624 et
885 557 1087 639 intromittat
1102 579 1173 644 per-

53 681 149 744 sonas,
172 683 273 746 equos
292 667 327 728 et
345 683 440 730 arma
454 663 595 746 illorum,
611 664 670 747 qui
693 664 769 730 inde
784 665 975 732 transirent
991 666 1037 732 ut
1054 665 1178 735 scriba

2 825 3 828 ,
52 774 103 836 tur
132 769 232 838 etiam
266 772 330 839 hoc
363 771 482 839 nostris
516 772 751 841 mercatoribus
787 773 876 858 apud
900 771 1051 859 Segnam,
1077 774 1179 841 infor-

52 877 164 943 mando
179 899 233 944 eos
248 877 284 943 in
298 877 395 945 factis
410 879 486 959 suis,
503 885 536 946 et
551 880 639 964 quod
653 880 685 944 ir
703 880 750 946 eis
775 880 969 963 provideant
993 880 1177 952 recedendo

54 984 132 1066 inde,
156 987 185 1050 si
208 984 381 1067 soluerint,
406 986 489 1052 aaut
514 1007 574 1070 pro
599 987 685 1052 bono
704 987 851 1071 ipsorum
867 989 914 1054 eis
929 987 1106 1056 videbitur.
1130 987 1177 1053 Et

54 1087 237 1158 notificatur
261 1092 324 1158 heo
348 1093 448 1158 terris
464 1091 613 1159 Marohie
630 1098 663 1157 et
676 1091 902 1176 Romandiole,
917 1099 954 1160 ut
970 1116 1042 1160 oum
1059 1113 1172 1162 eorum

54 1197 147 1281 lignis
172 1221 238 1267 non
262 1205 406 1286 portent,
430 1201 589 1267 reducant
607 1201 657 1267 vel
674 1200 856 1268 conducant
872 1207 988 1288 gentes
1010 1201 1176 1287 predictas

2 1351 3 1384 3
55 1327 92 1372 ne
106 1307 233 1391 possint
248 1309 396 1391 recipere
411 1307 567 1376 lesionem
583 1330 604 1375 a
620 1308 741 1374 nostris
757 1309 902 1375 armatis.

190 1453 226 1516 (Δ
239 1452 380 1504 velenozei
394 1451 524 1506 »Secreta
535 1453 649 1505 consilii
662 1453 912 1518 Rogatorums-bdl
925 1453 980 1504 nit
993 1448 1037 1520 B.)

581 1848 655 1910 266.

56 2002 172 2093 Nyctea
196 2006 248 2070 aa·
265 2005 513 2094 fepyuamttnat
539 2007 566 2070 I.
591 2006 693 2092 Lojor
707 2031 848 2096 mappae·
864 2005 978 2094 ttrotp
993 2007 1026 2071 ds
1042 2029 1064 2071 o
1082 2003 1180 2072 uelan-

364 2115 429 2179 caei
445 2115 657 2202 kdatdrsasdy
673 2115 752 2181 tear.
771 2117 867 2182 1348.

2 2281 3 2362 l
56 2268 785 2358 a)Lnaj0smagyaruira1ynak
816 2272 1180 2356 meghatalmano

2 2379 3 2390 ’
266 2378 414 2445 levale
438 2379 962 2447 kdveteisatmtra.1348.

159 2501 344 2569 Ludovicus
370 2503 434 2570 Dei
459 2505 573 2598 gracia
600 2503 781 2589 Hungarie,
805 2503 991 2570 Jerusalem
1009 2509 1042 2568 et
1060 2500 1182 2584 Sicilie,

58 2607 198 2677 Ducatns
244 2609 400 2695 Appulia,
434 2609 645 2695 Principatus
679 2609 800 2695 Capua,
831 2610 1010 2693 Dalmatio,
1027 2607 1182 2692 Oroatia,

3 2773 5 2782 ,
58 2713 169 2799 Reme,
190 2715 314 2801 Servie,
340 2717 479 2803 Galioie,
509 2717 718 2801 Lodomerie,
747 2719 917 2804 Bulgerie,
957 2717 1181 2799 (inmaniaque
1300 2743 1301 2750 ¹

3 2817 4 2820 '
32 2821 134 2920 lter,
159 2825 318 2909 Princeps
343 2823 581 2909 salernitanus,
608 2832 640 2891 et
663 2825 808 2893 Honoris
822 2825 948 2892 Montis
973 2822 1090 2892 Sancti
1112 2821 1182 2890 An·

3 2915 4 3002 ἶ
59 2932 120 3014 geli
145 2933 314 3018 Dominus,
349 2934 511 3001 uniuersis
535 2937 704 3018 presentes
727 2933 857 3000 litteras
888 2933 1083 3019 inspecturis
1113 2937 1181 2999 tam

3 3065 5 3108 ε
60 3042 260 3121 presentibus
291 3061 390 3126 qoam
421 3039 542 3110 tuturis
573 3041 711 3109 salutem
741 3041 776 3107 in
792 3042 935 3109 omnium
951 3039 1181 3125 Redemptore.

4 3137 8 3166 '
63 3144 181 3212 Confisi
197 3148 239 3213 de
255 3145 330 3230 fide,
344 3144 530 3231 prudentia,
545 3147 708 3231 sapientia
723 3152 756 3213 et
770 3146 949 3230 legalitate,
964 3168 1003 3213 ao
1019 3146 1183 3212 industria

4 3269 6 3320 ζ
60 3252 183 3322 Nicolai
199 3255 310 3322 Eleoti
320 3255 503 3323 confirmati
512 3255 660 3323 Ecclesia
670 3254 859 3340 Nitriensis,
869 3253 1086 3322 Secretissimi
1097 3251 1181 3322 Con·

62 3362 170 3429 siliarii
193 3361 318 3444 nostri3
334 3384 373 3430 ac
398 3361 555 3447 Magistri
579 3361 821 3429 Johannisnlii
837 3359 1025 3428 Alexandri
1042 3359 1182 3427 Comitis

4 3519 6 3550 ,
62 3465 333 3553 Ghongradiensis
350 3477 383 3536 et
399 3467 581 3536 castellani
593 3467 816 3555 Zegedienais‚
827 3469 978 3536 similitor
994 3467 1183 3536 Consiliaril

61 3577 157 3644 nostri
182 3581 217 3642 et
240 3573 329 3642 Aule
347 3582 458 3642 nostre
474 3575 580 3660 Regia
595 3575 728 3658 militia
745 3577 835 3659 ipsos
850 3574 997 3660 facimus,
1014 3572 1182 3642 constitui⁴

63 3703 127 3749 mus
150 3688 184 3750 et
207 3683 353 3768 legitime
378 3681 567 3751 ordinamus
606 3689 748 3767 nostros,
788 3685 959 3768 nostrique
989 3681 1127 3750 Consilii
1143 3701 1182 3748 ac

65 3790 155 3858 Ourie
185 3797 298 3857 nostre
329 3790 435 3876 Regia
459 3791 641 3877 solempnes
665 3800 700 3859 et
715 3813 808 3859 veros
822 3791 1087 3872 Ambaxiatores,
1101 3787 1183 3854 Pro·

63 3906 230 3982 curatores,
246 3895 395 3967 Nunoios
410 3907 443 3966 et
458 3898 601 3968 Actores
627 3897 804 3985 Speoiales,
821 3919 878 3966 seu
900 3919 1096 3983 quocunque
1113 3895 1181 3964 alio

63 4005 150 4073 modo
165 4007 329 4074 nominari
345 4009 474 4092 possint
488 4008 618 4090 melius;
628 4015 665 4074 nt
680 4007 743 4094 ipsi
758 4006 1014 4076 Ambaxiatores
1030 4005 1133 4072 nostri
1150 4007 1182 4071 et

65 4109 180 4200 Corpus
205 4112 344 4181 Consilii
374 4117 478 4183 nostri
502 4117 632 4184 nomine
660 4138 693 4184 se
725 4115 893 4185 conferant
916 4115 961 4182 ad
983 4114 1182 4200 presentiam
1316 4197 1324 4214 ·

6 4297 8 4302 ,
64 4218 168 4306 inclyti
193 4223 316 4290 domini
341 4221 475 4291 Andree
491 4223 645 4291 Dandulo
662 4224 775 4306 Ducis,
801 4231 833 4291 et
849 4222 1036 4290 Communis
1051 4219 1182 4290 Veneti·

66 4344 171 4410 urum;
187 4329 304 4396 dantes
321 4335 354 4394 ct
378 4329 591 4397 concedentes
607 4331 655 4396 eis
670 4331 802 4414 plenam
817 4330 983 4396 licentiam
998 4335 1032 4395 et
1044 4326 1182 4395 liberam

67 4440 281 4517 protestatem,
308 4457 368 4504 nos
394 4457 467 4504 oum
495 4439 542 4504 eis
572 4439 607 4504 in
637 4459 765 4505 omnem
790 4444 937 4505 eventum
953 4433 1182 4508 concordandi,

67 4542 206 4612 unionem
220 4549 254 4612 et
269 4542 372 4628 ligam
388 4564 428 4612 ae
442 4564 553 4612 veram
570 4546 748 4612 amicitiam
759 4543 902 4612 faciendi
918 4549 950 4610 et
960 4541 1180 4629 promittendi,
