3166 5256
602 651 652 710 50.

1 781 2 870 l
95 803 179 884 liet-u,
192 807 252 892 Hop
265 809 295 870 ts
309 812 379 872 orde
394 807 655 891 Rujuamelletti
670 807 806 872 udroeok
823 791 1049 872 kereskellelmi
1075 808 1186 871 sauba-

336 915 452 980 delma
471 915 798 1000 Muqyermezetpban.
825 916 918 978 1344.

183 1069 349 1139 Lodouicus
366 1073 431 1138 Dei
447 1073 558 1156 gracia
574 1069 647 1136 Rex
674 1071 845 1154 Hungarie
870 1071 1020 1140 fidelibus
1037 1076 1103 1140 suis
1120 1077 1186 1141 vni-

34 1187 41 1201 ·
89 1178 332 1261 uersisPrelatis,
347 1182 543 1259 Beronibus
571 1179 762 1258 Comitibus,
779 1177 985 1262 Castellanis,
1000 1181 1187 1266 Nobilibus,

90 1280 276 1366 Officialibus,
292 1311 331 1354 ac
347 1288 422 1371 alijs
439 1287 582 1353 cuiusuis
598 1287 832 1370 preeminencie
849 1294 883 1352 et
901 1286 1070 1372 dignitatis
1085 1289 1187 1355 bomi-

1 1475 2 1478 ,
87 1391 168 1456 uibus
185 1394 301 1461 tributa
316 1395 518 1479 habentibus
550 1416 608 1460 nec
639 1415 704 1460 non
729 1394 923 1478 tributarijs,
950 1397 1067 1462 tamin
1090 1399 1187 1464 terris

1 1505 2 1580 ᾗ
87 1518 170 1578 quam
182 1521 271 1584 super
287 1504 381 1586 aquis
398 1525 484 1568 nunc
509 1509 542 1568 et
565 1523 626 1585 pro
650 1509 797 1584 tempore
828 1503 1053 1586 existentibus,
1069 1506 1187 1570 eonsti-

85 1604 279 1673 tutisscilicet
295 1616 328 1674 et
353 1609 599 1692 constituendis,
630 1608 748 1692 quibus
774 1615 941 1690 presentes
967 1609 1189 1690 ostendentur,

1 1707 3 1750 t
87 1712 201 1778 salutern
216 1721 247 1779 et
261 1719 416 1800 graciam.
433 1717 611 1798 NoueritiS,
627 1717 713 1799 quod
730 1737 789 1782 nes
805 1716 919 1782 habits
951 1715 1189 1783 deliberacione

1 1831 2 1878 4
86 1840 148 1883 cum
169 1821 302 1889 Prelatis
334 1832 367 1889 et
398 1825 586 1891 Beronibus
617 1824 738 1889 nostris
764 1824 950 1905 statuimus,
969 1825 1140 1890 annuimus
1156 1831 1189 1889 et

1 2014 2 2017 Ἴ
86 1931 285 2013 concessimus,
302 1939 336 1997 vt
351 1939 551 1999 mercatores
567 1932 606 1996 de
624 1929 746 1998 Sancta
764 1931 911 2010 Colonia,
927 1938 960 1995 et
984 1931 1024 1996 de
1045 1933 1187 1998 Ciuitate

1 2051 2 2116 ᾗ
86 2032 162 2116 Hoy,
174 2059 208 2102 ac
222 2038 261 2102 de
276 2039 352 2121 elijs
367 2039 517 2123 partibus
533 2039 628 2118 Reni,
653 2038 686 2102 in
710 2039 861 2122 Regnum
887 2046 1033 2104 nostrum
1050 2062 1121 2104 cum
1136 2061 1187 2103 eo-

1 2206 3 2215 ,
84 2161 146 2203 rum
160 2143 246 2210 rebus
262 2146 556 2212 mercimonialibus
571 2145 742 2226 venientes,
767 2167 832 2210 non
857 2147 960 2210 maius
977 2148 1135 2213 tributum
1152 2148 1186 2211 in

1 2243 2 2256 ¹
84 2243 153 2312 locis
167 2251 364 2332 tributorum,
381 2255 443 2320 nisi
459 2259 596 2332 tantum,
615 2259 773 2336 quantum
799 2259 997 2318 mercatores
1021 2252 1061 2316 de
1087 2251 1192 2317 Bebe-

83 2354 140 2419 mia
154 2363 181 2420 et
195 2357 232 2422 de
247 2359 411 2439 Morauia,
437 2360 559 2425 solvere
576 2365 757 2424 teneantur.
789 2359 998 2443 Quapropter
1029 2357 1185 2424 fidelitati

83 2467 175 2527 vestre
188 2464 278 2530 firmo
293 2468 417 2531 firmius
432 2466 537 2549 Regio
555 2467 662 2532 edicto
677 2466 893 2549 precipientes
913 2465 1028 2531 damus
1054 2469 1087 2530 in
1104 2489 1192 2531 man-

1 2572 4 2602 t
83 2568 168 2650 datis,
182 2581 337 2654 quatenus
368 2575 408 2639 de
440 2574 676 2640 mercatoribus
707 2574 746 2640 de
778 2571 902 2640 Sancta
934 2574 1082 2654 Colonia,
1099 2581 1133 2638 et
1149 2573 1189 2638 de

83 2672 211 2744 Ciuitate
226 2681 311 2766 Hoy,
328 2703 368 2746 ac
384 2680 423 2747 de
439 2682 514 2764 alijs
545 2683 695 2765 partibus
725 2682 821 2765 Rani,
851 2687 885 2746 et
901 2681 996 2746 rebus
1013 2679 1192 2747 eorundem

1 2769 2 2863 J
83 2786 359 2854 mercimonialibus
376 2788 409 2853 in
424 2788 505 2852 locis
521 2788 719 2854 tributorum
745 2795 924 2854 vestrorum
941 2811 1004 2853 nen
1019 2789 1122 2854 maius
1137 2789 1194 2852 tri-

1 2878 2 2958 1
81 2889 190 2972 butum,
218 2896 280 2959 nisi
310 2902 439 2960 tantum
472 2903 630 2978 quantum
655 2902 851 2960 mercatores
866 2895 907 2960 de
932 2893 1091 2960 Behemia
1107 2901 1139 2959 et
1154 2894 1194 2958 de

81 2995 220 3065 Morania
250 3003 428 3067 secundum
460 3002 702 3067 ordinacionem
733 3003 852 3068 litteris
883 3003 1047 3068 firmatam
1066 3003 1194 3067 soluere

1 3100 3 3176 l
81 3115 146 3172 sunt
160 3112 312 3190 consueti,
328 3111 504 3194 recipiatis,
520 3115 553 3176 et
569 3112 602 3175 in
619 3111 680 3175 hoc
705 3111 953 3193 contenteminiJ
970 3114 1005 3174 et
1028 3109 1118 3174 ultra
1134 3108 1196 3186 heo

1 3223 2 3230 ’
77 3215 197 3280 eosdem
212 3226 409 3284 mercatores
425 3218 465 3283 de
481 3217 606 3284 Sancta
622 3216 767 3301 Colonia,
783 3224 815 3283 et
832 3219 872 3283 de
889 3217 1033 3283 Ciuitate
1051 3217 1136 3301 Hoy,
1157 3234 1196 3281 ac

1 3342 2 3416 ᾗ
80 3321 113 3387 de
126 3325 197 3408 alijs
211 3327 360 3410 partibus
375 3328 460 3392 Rani
476 3348 540 3391 non
567 3327 715 3392 audeatis
742 3327 924 3407 molestare,
951 3325 1194 3408 dampnifieare,

78 3429 120 3493 rel
133 3433 318 3514 aliqualiter
333 3455 554 3519 pregrausre3
570 3433 670 3515 aliud,
681 3429 916 3515 sicutRegiam
932 3432 1193 3515 indignacionem

75 3535 227 3604 incurrere
242 3560 308 3604 non
323 3540 416 3625 wltis,
431 3539 538 3604 lacere
553 3539 740 3603 nullatenus
757 3539 1017 3622 presumpmatis
1035 3535 1193 3615 Scientes,

77 3651 105 3708 rt
119 3647 144 3710 si
159 3665 247 3713 secus
262 3646 415 3730 feceritis,
430 3653 509 3712 tunc
536 3647 620 3711 siout
645 3644 742 3728 Regii
768 3645 916 3712 mandati
932 3651 1193 3727 transgressores

77 3771 125 3817 ros
139 3755 246 3838 puniri
262 3753 419 3820 faciemus
432 3777 440 3834 3
455 3758 555 3837 prout
570 3754 672 3819 eciam
690 3753 752 3817 hoo
775 3753 860 3818 idern
886 3752 979 3818 robis
1005 3751 1196 3817 mandantes

78 3860 265 3945 precipimus
281 3861 358 3946 alijs
374 3862 492 3926 litteris
508 3861 629 3926 nostris
646 3860 813 3926 annullari
829 3859 936 3942 sigillo
967 3864 1079 3923 nestro
1095 3857 1199 3922 consi-

1 3958 2 3982 ¹
52 4035 58 4049 ,
77 3971 188 4051 gustis.
203 3969 330 4034 Datum
346 3969 439 4034 Bude
454 3969 489 4032 in
507 3968 591 4034 leste
618 3965 830 4032 Ascensionis
855 3966 989 4031 Domini
1015 3986 1100 4029 anno
1118 3966 1200 4028 eius·

1 4137 2 4151 ,
78 4067 141 4142 dem
157 4075 212 4141 Me
228 4073 336 4142 000⁰
350 4075 436 4141 ΧΙιο
452 4081 579 4157 quarte.

175 4239 312 4300 (Ersdetie
325 4239 506 4302 berhartyan
520 4237 648 4302 melynek
668 4239 768 4288 batere
793 4253 809 4286 a
834 4233 983 4308 kiralynak
1008 4230 1127 4300 pecsetje
1145 4245 1201 4282 van

76 4344 197 4396 nyomra,
210 4329 302 4392 Ruina
314 4327 431 4378 melletti
444 4329 517 4378 Kdln
531 4331 612 4380 utros
634 4329 845 4390 leveltaraban.)

555 4539 713 4554 w
