3214 5260
286 425 290 430 -
389 373 453 442 lus
742 394 974 442 omnounczrsr
991 371 1161 442 aminon,

387 574 514 621 raxomr
526 555 577 620 La
591 556 734 639 primera
751 557 778 623 si
795 577 820 635 e,
836 555 895 621 ohe
911 555 1042 640 quando
1059 555 1228 639 devegnua
1243 553 1280 599 ''r'
1292 543 1445 636 inuagisse
1460 573 1493 617 ur

385 661 470 746 logo,
492 660 517 727 li
531 662 610 728 altri
626 683 661 730 se
675 661 844 748 inugissan
859 683 924 752 poa
939 683 985 747 pu
999 660 1241 746 lengeremente
1275 660 1381 728 'altra
1395 681 1493 727 raxom

387 769 414 834 si
438 791 466 852 e,
491 768 550 835 ohe
575 769 738 854 possando
753 775 840 836 tosto
857 769 967 854 inugir
983 789 1025 836 vn
1040 770 1126 854 logo,
1151 791 1168 834 e
1188 791 1253 853 spo·
1266 773 1418 835 armenta
1435 788 1494 834 cun

387 877 489 960 galee,
514 898 548 942 se
564 877 608 943 eli
624 899 661 943 sa
676 898 780 963 pnyra
797 878 838 944 de
852 877 984 962 proneir
1007 897 1133 961 moneo,
1149 899 1167 944 e
1182 898 1247 962 poa
1264 877 1386 959 grande
1415 875 1494 942 aluno

343 995 348 1003 '
386 987 492 1052 instar
516 989 550 1052 in
574 1007 657 1071 proa
681 1009 754 1053 oum
780 986 882 1070 galee,
901 1007 994 1054 como
1014 985 1190 1054 manifesta
1215 1009 1312 1054 mena
1330 1009 1366 1054 se
1390 1007 1431 1067 sa
1450 1005 1496 1051 sea

386 1115 445 1178 per
468 1093 493 1158 li
518 1093 685 1177 temporai,
703 1115 760 1161 sea
775 1114 834 1178 per
848 1095 878 1159 le
894 1093 1018 1178 grande
1036 1115 1158 1178 sueyse,
1185 1095 1245 1160 ohe
1269 1115 1387 1160 menan
1410 1091 1493 1175 galee

386 1201 417 1266 E
432 1222 490 1285 per
505 1204 588 1268 altre
610 1224 725 1268 raxom
740 1226 761 1270 a
776 1224 844 1286 say,
860 1202 921 1268 ohe
937 1224 972 1268 se
987 1223 1128 1286 por-nean
1145 1202 1207 1282 dir,
1224 1223 1284 1286 per
1299 1203 1360 1267 ohe
1376 1223 1395 1266 a
1409 1207 1492 1266 morte

386 1308 445 1374 ohe
470 1316 584 1393 queste
599 1331 671 1375 oose
688 1331 722 1377 so
739 1309 834 1376 fanan
861 1330 934 1376 oum
950 1309 1168 1392 grandissimo
1184 1309 1298 1375 erdem
1315 1314 1460 1409 ostento
1473 1327 1495 1386 e,

387 1416 446 1481 ohe
469 1416 504 1482 lu
528 1416 698 1484 osualaria
721 1417 791 1483 lose
817 1439 837 1482 a
863 1419 890 1481 si
916 1423 1004 1482 tosto
1021 1439 1042 1483 a
1058 1416 1090 1482 lo
1107 1418 1249 1501 operito,
1265 1416 1387 1482 oomlal
1420 1415 1495 1497 galee

386 1543 421 1588 se
436 1523 688 1606 demostrasem3
703 1546 722 1590 o
738 1523 826 1592 forsa
842 1525 958 1592 auansi
973 1546 1009 1590 se
1024 1531 1186 1591 mostrase
1203 1524 1236 1591 la
1253 1525 1383 1590 urnula.
1423 1543 1491 1606 ‚mo

386 1629 521 1696 strando
546 1630 586 1696 de
611 1630 672 1696 dar
696 1636 810 1697 atonto
835 1653 856 1697 a
882 1652 924 1696 vu
948 1629 1023 1716 logo
1050 1654 1108 1717 per
1133 1631 1214 1697 lerir
1238 1637 1494 1716 saganamenten

385 1759 427 1802 vn
444 1737 539 1804 altro.

494 1842 591 1910 Semo
607 1846 763 1928 contenti,
779 1846 837 1911 ohe
862 1846 939 1928 ogni
954 1852 1056 1929 terra,
1071 1846 1131 1914 ohe
1148 1853 1222 1913 tene
1238 1846 1272 1911 la
1287 1845 1441 1928 Veneris,
1453 1863 1497 1912 sea

386 1951 426 2017 de
450 1951 482 2017 lo
498 1950 589 2038 Rey;
613 1953 837 2036 romagnando
862 1973 926 2038 noy
950 1951 1080 2018 franchi
1096 1975 1113 2018 e
1129 1951 1227 2019 liberi
1242 1951 1276 2017 in
1291 1951 1324 2018 lo
1342 1963 1386 2017 so
1401 1966 1496 2034 t.,„ney

385 2057 419 2122 la
442 2058 524 2123 roba
548 2078 566 2121 e
589 2057 614 2121 li
638 2079 771 2142 prexom
797 2057 968 2142 conquisto
992 2080 1051 2143 per
1073 2059 1104 2123 le
1121 2059 1232 2142 galee;
1247 2079 1303 2123 seu
1317 2058 1360 2123 de
1376 2059 1409 2125 le
1427 2090 1430 2098 ·
1445 2058 1496 2122 ‘loe

383 2163 418 2228 la
442 2165 524 2231 roba
547 2166 721 2247 conquisto
746 2187 816 2235 oum
838 2167 921 2232 loste
937 2167 978 2232 de
993 2174 1085 2232 terra
1101 2185 1118 2229 e
1134 2186 1207 2230 oum
1221 2164 1253 2229 le
1269 2165 1364 2247 galee
1380 2166 1413 2232 in
1435 2186 1497 2230 rme

282 2290 284 2298 ¹
386 2291 441 2334 sea
456 2292 517 2354 per
532 2292 629 2337 mare.

492 2375 535 2442 Se
559 2399 618 2462 per
640 2379 825 2444 audituram
850 2379 987 2446 lazando
1011 2385 1127 2464 questa
1142 2379 1242 2463 ligha7
1259 2399 1276 2442 e
1292 2379 1324 2444 lo
1340 2378 1495 2463 requerire

383 2490 502 2568 tempo,
527 2492 643 2568 questo
658 2487 781 2553 lasemo
800 2507 893 2572 anoy,
917 2507 1004 2554 semo
1022 2490 1174 2552 contento
1190 2508 1212 2552 a
1226 2485 1259 2550 lo
1276 2507 1320 2570 pn
1335 2483 1435 2572 longo
1450 2507 1494 2572 per

382 2593 459 2676 agni
484 2592 547 2672 doi,
572 2614 589 2658 e
613 2614 672 2676 per
697 2600 811 2679 questo
838 2600 949 2679 tempo
974 2615 1062 2660 semo
1078 2593 1227 2660 oontenti
1242 2593 1281 2659 de
1297 2615 1338 2658 no
1355 2592 1410 2659 far
1426 2615 1496 2678 pue

383 2701 445 2766 sini
470 2723 492 2767 a
515 2701 576 2768 dor
601 2703 679 2786 agni
703 2722 799 2769 senza
823 2724 881 2769 soa
905 2702 1083 2769 voluntate.
1098 2703 1128 2768 Ε
1145 2708 1261 2786 questo
1276 2703 1329 2788 poi
1346 2713 1498 2788 prometur

383 2809 603 2892 seguramenti
620 2831 637 2874 e
653 2809 698 2874 da
714 2811 737 2876 li
753 2812 866 2876 auanti
882 2832 935 2891 no,
952 2817 985 2876 et
1000 2831 1093 2876 versa
1109 2811 1186 2876 vioe.

491 2915 534 2982 Se
559 2923 837 3000 mereyuermente
862 2917 940 2984 abis
963 2919 1089 2984 inimixi
1104 2918 1128 2983 li
1145 2914 1285 2984 (latalan
1301 2922 1334 2983 et
1350 2935 1498 3004 sequacos

383 3020 535 3106 ipsorum.

488 3131 575 3197 Item
599 3151 633 3198 se
657 3153 715 3198 ses
738 3133 772 3197 in
788 3133 942 3199 memoria
962 3133 1002 3198 de
1018 3153 1196 3218 aregoroar
1211 3155 1231 3200 a
1247 3133 1280 3200 lo
1296 3152 1418 3217 segnor
1435 3134 1501 3216 Ray

381 3235 422 3304 de
444 3237 607 3322 defendre,
622 3240 681 3306 ohe
696 3241 720 3306 li
736 3242 908 3324 agereanti
931 3241 1069 3308 Toesohi
1089 3264 1129 3305 no
1147 3257 1255 3325 zeysse
1272 3264 1292 3308 a
1308 3241 1459 3312 Veneria
1472 3242 1499 3304 in

382 3352 506 3432 questo,
521 3348 556 3412 in
570 3349 730 3432 principio
746 3367 787 3414 ne
803 3369 895 3416 seres
911 3349 1127 3432 grandissimo
1144 3347 1248 3416 louor.
1272 3349 1273 3354 ’

491 3489 630 3551 (Eredetie
643 3506 659 3542 a
672 3492 760 3542 turini
781 3492 865 3545 olasz.
879 3494 932 3545 kir.
945 3493 1130 3546 levtltdrban.
1144 3491 1313 3558 Mtltosdgos
1326 3494 1398 3544 btro
1412 3491 1501 3558 Nytry

383 3577 483 3631 Albert
494 3594 528 3630 ur
541 3580 739 3645 kdzlemdnye.)

911 3903 985 3972 349.

382 4065 642 4157 Moyyororequ
668 4068 700 4135 de
724 4095 746 4136 o
769 4070 891 4157 yeouuor'
906 4072 1117 4160 kdztdreasdq
1133 4070 1218 4137 kdzti
1233 4069 1397 4158 saduetedg.
1416 4069 1503 4136 1352.

488 4227 667 4300 Innomine
681 4230 814 4296 Domini
832 4228 948 4296 Amen.
967 4228 1149 4298 Milessimo
1168 4233 1399 4297 tercentesimo
1417 4232 1502 4314 quin·

382 4337 570 4420 quagesimo
580 4338 721 4406 seeundo
731 4338 782 4404 die
793 4339 949 4422 vigesima
959 4336 1102 4404 secunda
1112 4334 1276 4405 Octobris.
1286 4338 1343 4406 Ad
1354 4340 1501 4406 honorem

382 4446 415 4506 st
429 4441 561 4509 laudem
571 4444 815 4530 Omnipotentis
831 4445 904 4527 Dei,
919 4445 1084 4530 ipsiusque
1098 4443 1204 4511 Beate
1222 4445 1344 4513 Matris
1363 4444 1502 4532 Virginis

384 4545 552 4635 Gloriose;
577 4571 635 4618 neo
660 4575 725 4620 non
749 4553 792 4622 ad
818 4555 972 4620 honorem
998 4559 1031 4618 et
1050 4554 1282 4620 exaltationem
1298 4551 1500 4620 Serenissimi
1563 4536 1566 4619 l
