3134 5252
474 433 477 444 ·
568 391 662 454 1346.
1119 382 1175 450 l9l

66 572 205 648 nostrum,
238 571 326 652 ipsos
351 555 471 634 iutuitu
495 569 594 650 ipsius
618 565 739 633 domini
757 565 841 631 Bani
871 563 1062 632 habebimus
1089 559 1177 651 apud

63 681 194 740 nostram
209 677 352 760 gratiam
371 674 604 740 recommissos.

156 781 212 846 Ad
228 785 380 865 quintum
394 782 583 864 capitulum,
607 803 664 866 per
690 781 777 865 quod
794 781 875 864 petit
892 781 977 844 mitti
994 780 1037 846 ad
1054 781 1179 864 Regem

64 886 162 952 Serrie
191 891 316 954 ineius
346 890 509 968 favorem3
532 888 777 972 respondeatur,
802 887 889 970 quod
921 892 1069 970 optantes
1085 908 1179 952 omne

63 992 168 1060 bonum
192 1003 225 1062 et
251 1003 375 1064 statum
399 997 501 1079 ipsius
528 995 649 1061 domini
676 993 772 1075 Bani,
795 991 935 1059 libenter
950 994 980 1058 ei
999 993 1177 1077 complace-

63 1099 154 1164 bimus
178 1113 285 1185 super
299 1103 380 1184 boc3
404 1107 438 1166 et
468 1103 620 1167 mittatur
654 1100 696 1166 ad
720 1099 846 1184 Regem
872 1099 976 1166 Raxie
1002 1122 1061 1183 per
1086 1101 1179 1166 illam

62 1207 194 1288 pulcram
218 1210 313 1290 viam,
340 1229 404 1290 que
435 1208 596 1274 videbitur
617 1205 782 1282 Dominio,
813 1206 857 1272 ad
891 1205 1073 1290 rogandum
1104 1228 1177 1274 eum

62 1335 148 1398 snper
161 1315 224 1381 hoc
239 1337 313 1381 oum
329 1316 395 1380 illis
411 1313 528 1392 verbis,
555 1335 618 1397 que
633 1315 727 1378 utilia
743 1311 948 1378 videbuntur.

155 1421 211 1487 Ad
228 1430 356 1488 sextum
373 1422 553 1506 capitulum
569 1421 610 1486 de
632 1421 841 1504 requisitione
858 1420 888 1486 ei
913 1419 1003 1486 facta
1018 1443 1078 1504 per
1095 1419 1119 1486 J
1121 1421 1177 1486 ad-

62 1551 166 1612 renses,
189 1553 247 1614 per
263 1531 354 1616 quod
370 1533 462 1615 petit,
486 1531 514 1594 si
529 1529 622 1595 nobis
638 1527 793 1612 placeret,
818 1533 854 1592 ut
880 1549 915 1594 se
932 1530 1117 1612 interponat
1134 1529 1175 1594 de

1 1624 2 1692 ἶ
59 1638 215 1704 concordio
231 1640 316 1703 inter
343 1645 455 1722 partes
479 1643 558 1716 etc,
581 1619 828 1719 respondeatur,
851 1635 939 1718 quod
964 1637 998 1701 in
1023 1636 1174 1702 omnibus

1 1742 3 1830 ᾗ
60 1744 141 1810 factm
157 1747 278 1811 nostris
294 1747 341 1810 sic
365 1745 461 1829 plene
477 1743 711 1811 confideremus
736 1745 770 1807 iu
786 1765 833 1826 eo,
858 1744 943 1808 sicut
969 1744 1002 1807 in
1018 1744 1123 1823 nobis,
1146 1749 1178 1809 et

60 1852 135 1933 quod
150 1855 223 1934 scit,
246 1872 309 1936 que
325 1851 387 1917 fuit
405 1851 545 1918 intentio
571 1857 692 1933 nostra,
714 1849 865 1915 videlicet
890 1851 1068 1935 recipiendi
1093 1851 1177 1918 Jad·

1 1933 3 2022 l
61 1961 172 2026 ratiuos
189 1960 232 2026 ad
248 1961 391 2044 gratiam
407 1966 562 2039 nostram,
586 1958 738 2025 dantibus
754 1959 801 2022 eis
817 1959 910 2024 nobis
925 1958 1063 2024 liberum
1077 1959 1178 2025 domi·

60 2067 137 2132 nium
162 2065 314 2134 Civitatis
339 2067 446 2133 Jadre
473 2067 568 2134 salvis
599 2067 747 2149 personis
773 2071 805 2130 et
830 2065 969 2147 habere3
994 2072 1026 2131 et
1051 2067 1176 2132 noviter

59 2173 191 2240 ridentes
207 2196 317 2240 eorum
334 2175 499 2256 duritiem,
522 2173 654 2239 fecimus
670 2173 740 2238 lieri
764 2194 862 2239 unam
888 2173 1020 2256 eridam,
1045 2173 1177 2257 quodsi

1 2269 2 2350 l
58 2279 148 2346 intras
174 2290 246 2346 octo
272 2283 342 2348 dies
368 2282 487 2349 vellent
512 2282 591 2348 dare
616 2280 709 2346 nobis
741 2277 917 2348 Civitatem
935 2280 1047 2364 libere,
1072 2288 1109 2346 ut
1125 2291 1175 2349 est

1 2359 3 2462 l
58 2385 176 2469 dictum,
198 2391 414 2474 reciperemus
431 2411 487 2456 eos
504 2390 546 2456 ad
571 2389 712 2474 gratiam
737 2387 835 2452 salvis
851 2389 1001 2472 personis
1028 2397 1062 2454 et
1079 2389 1173 2454 bave-

60 2515 104 2574 re,
125 2495 266 2580 alioquin
283 2497 395 2580 elapso
411 2497 560 2578 termino,
584 2495 707 2562 nullam
725 2497 944 2562 remissionem
960 2496 1011 2562 rel
1030 2499 1170 2579 gratiam

59 2601 258 2670 invenirenta
286 2605 389 2685 nobis,
413 2610 463 2670 set
488 2605 528 2670 de
546 2625 657 2670 eorum
682 2604 827 2686 personis
852 2609 885 2668 et
904 2602 997 2668 bouis
1020 2603 1112 2670 fieret
1128 2628 1174 2672 se-

58 2707 183 2773 cundum
197 2710 313 2794 culpas
329 2732 450 2776 eorum.

150 2817 208 2882 Ad
230 2818 380 2885 ultimum
411 2820 589 2903 capitulum
613 2822 652 2886 de
689 2819 778 2886 lacto
804 2819 929 2901 Tenini,
962 2841 1035 2884 cum
1067 2821 1172 2903 ipsum

58 2921 219 3001 rapitnlum
243 2924 285 2990 ab
302 2927 419 2992 unione
443 2925 637 3008 dependeat,
661 2947 725 2991 nou
751 2925 881 3008 expedit
907 2927 1171 3009 preasentialiter

59 3029 247 3110 respondere.

151 3134 274 3220 Capta:
291 3136 399 3222 Super
413 3139 575 3222 peticione
590 3145 740 3224 porrecta
756 3162 813 3223 per
829 3140 1004 3223 dompnum
1020 3135 1173 3227 Helyam,

58 3242 290 3329 supplicantem,
314 3254 350 3311 nt
369 3247 541 3331 dignemur
557 3247 745 3328 concedere,
770 3249 859 3332 quod
884 3249 924 3316 de
939 3250 1034 3316 bonis
1050 3249 1075 3316 J
1076 3251 1171 3316 adra-

58 3347 181 3417 tiuorum
196 3355 379 3437 positorum
394 3356 426 3419 in
453 3356 666 3439 Tragurieusi
683 3355 845 3423 Districtu
869 3357 1010 3424 satisfiat
1043 3359 1171 3423 cuidam

58 3451 202 3524 Damiano
227 3461 324 3526 fratri
341 3483 399 3527 suo
424 3483 485 3546 pro
502 3462 667 3546 aliquibus
683 3463 779 3528 rebus
799 3465 828 3528 ei
845 3465 1021 3547 asportatis
1036 3465 1069 3530 iu
1085 3467 1171 3548 prin-

57 3561 127 3644 cipio
142 3587 257 3648 guerre
273 3589 332 3651 per
361 3567 385 3634 J
387 3568 558 3634 adratinos
575 3568 618 3634 ad
649 3570 790 3636 valorem
815 3571 1008 3637 ducatorum
1023 3579 1171 3654 centum;

58 3674 275 3753 respondeatur
301 3677 339 3760 ei,
363 3676 451 3760 quod
482 3676 689 3744 attendentes
714 3678 834 3744 bonurn
865 3686 1104 3764 portamentum
1137 3690 1170 3746 et

2 3793 3 3808 ¹
58 3774 285 3860 dispositionem
306 3805 407 3867 suam,
424 3784 564 3851 libenter
581 3787 610 3849 ei
626 3791 660 3851 et
674 3787 740 3851 suis
756 3785 934 3859 faceremus
951 3809 1078 3854 omnem
1095 3811 1168 3872 gra-

57 3884 131 3970 tian,
154 3913 251 3974 quam
266 3892 420 3957 decenter
444 3913 629 3976 possemus,
654 3901 705 3960 set
731 3903 806 3960 sunt
830 3896 924 3962 multi
939 3899 1024 3964 cives
1041 3903 1075 3963 et
1090 3896 1168 3962 fide·

59 3989 97 4056 les
109 4001 205 4064 nostri
219 4001 261 4066 ad
278 4001 376 4066 istem
393 4001 619 4083 conditionem,
643 4001 683 4068 de
701 4023 838 4087 quorum
858 4003 1077 4072 satisfactione
1092 4028 1170 4072 non·

3 4151 5 4196 ,
59 4096 121 4166 dum
134 4108 297 4186 provisum
313 4115 381 4188 est,
397 4116 517 4174 etcum
533 4111 721 4176 intentionis
737 4119 848 4176 nostre
864 4114 907 4178 sit
922 4113 1095 4196 superinde
1111 4137 1168 4180 suo

3 4199 6 4286 ξ
60 4203 117 4274 loeo
131 4223 161 4276 et
176 4221 322 4298 tempore
339 4216 519 4298 providere,
544 4239 615 4282 cum
631 4219 830 4284 tractabitur
852 4219 1039 4303 superbiis,
1062 4222 1169 4305 ipsum

3 4289 6 4420 l
59 4311 176 4383 fratrem
192 4343 285 4388 suum
302 4329 335 4387 et
355 4321 477 4389 factum
503 4326 571 4388 eius
599 4324 790 4391 habebimus
815 4345 925 4393 amore
941 4327 1020 4393 dicti
1037 4329 1168 4415 dompni

3 4421 6 4516 l
60 4419 148 4507 Helge
172 4428 392 4496 favorabiliter
418 4432 686 4497 commendatum.
710 4433 757 4498 Et
782 4441 819 4498 ut
844 4435 940 4500 detur
964 4440 1066 4502 curuis
1084 4439 1168 4504 bona

4 4561 7 4642 ,
60 4549 142 4596 causa
155 4541 220 4600 tam
236 4539 324 4604 dicto
349 4539 490 4623 dompno
516 4541 623 4624 Helye
651 4565 749 4625 quam
766 4543 841 4609 aliis
857 4546 1013 4628 operandi
1029 4547 1168 4612 fideliter

4 4667 6 4798 l

4 4845 7 4990 l
