<?xml version="1.0" encoding="UTF-8"?>
<!DOCTYPE html PUBLIC "-//W3C//DTD XHTML 1.0 Transitional//EN"
    "http://www.w3.org/TR/xhtml1/DTD/xhtml1-transitional.dtd">
<html xmlns="http://www.w3.org/1999/xhtml" xml:lang="en" lang="en">
 <head>
  <title>
</title>
<meta http-equiv="Content-Type" content="text/html;charset=utf-8" />
  <meta name='ocr-system' content='tesseract 3.04.00' />
  <meta name='ocr-capabilities' content='ocr_page ocr_carea ocr_par ocr_line ocrx_word'/>
</head>
<body>
  <div class='ocr_page' id='page_1' title='image "./magyardiplomacz01wenzgoog_0080.png"; bbox 0 0 3166 5256; ppageno 0'>
   <div class='ocr_carea' id='block_1_1' title="bbox 325 357 1115 421">
    <p class='ocr_par' dir='ltr' id='par_1_1' title="bbox 325 357 1115 421">
     <span class='ocr_line' id='line_1_1' title="bbox 325 357 1115 421; baseline -0.005 -1"><span class='ocrx_word' id='word_1_1' title='bbox 325 357 369 420; x_wconf 82' lang='lat'><strong>44</strong></span> <span class='ocrx_word' id='word_1_2' title='bbox 701 374 933 421; x_wconf 74' lang='lat' dir='ltr'><strong>announcznr</strong></span> <span class='ocrx_word' id='word_1_3' title='bbox 949 362 1115 421; x_wconf 78' lang='grc'><strong>11111111.</strong></span> 
     </span>
    </p>
   </div>
   <div class='ocr_carea' id='block_1_2' title="bbox 326 531 1471 4044">
    <p class='ocr_par' dir='ltr' id='par_1_2' title="bbox 326 531 1471 4044">
     <span class='ocr_line' id='line_1_2' title="bbox 331 531 1471 618; baseline 0.002 -22"><span class='ocrx_word' id='word_1_4' title='bbox 331 531 386 614; x_wconf 87' lang='lat' dir='ltr'><strong>tijs</strong></span> <span class='ocrx_word' id='word_1_5' title='bbox 410 532 513 616; x_wconf 90' lang='lat' dir='ltr'><strong>eligat</strong></span> <span class='ocrx_word' id='word_1_6' title='bbox 537 532 648 617; x_wconf 82' lang='lat' dir='ltr'>galeas</span> <span class='ocrx_word' id='word_1_7' title='bbox 665 540 742 614; x_wconf 86' lang='lat' dir='ltr'><strong>tres,</strong></span> <span class='ocrx_word' id='word_1_8' title='bbox 759 555 839 616; x_wconf 88' lang='lat' dir='ltr'><strong>quas</strong></span> <span class='ocrx_word' id='word_1_9' title='bbox 856 534 926 616; x_wconf 89' lang='lat' dir='ltr'><strong>ipse</strong></span> <span class='ocrx_word' id='word_1_10' title='bbox 943 533 984 598; x_wconf 89' lang='lat' dir='ltr'><strong>ad</strong></span> <span class='ocrx_word' id='word_1_11' title='bbox 1001 532 1035 598; x_wconf 90' lang='lat' dir='ltr'><strong>id</strong></span> <span class='ocrx_word' id='word_1_12' title='bbox 1051 534 1154 616; x_wconf 86' lang='lat' dir='ltr'><strong>magis</strong></span> <span class='ocrx_word' id='word_1_13' title='bbox 1164 534 1310 618; x_wconf 84' lang='lat' dir='ltr'><strong>ydoneos</strong></span> <span class='ocrx_word' id='word_1_14' title='bbox 1320 537 1471 616; x_wconf 89' lang='lat' dir='ltr'><strong>etmagis</strong></span> 
     </span>
     <span class='ocr_line' id='line_1_3' title="bbox 328 638 1466 722; baseline 0.002 -20"><span class='ocrx_word' id='word_1_15' title='bbox 328 643 436 720; x_wconf 80' lang='lat' dir='ltr'><strong>aptae,</strong></span> <span class='ocrx_word' id='word_1_16' title='bbox 451 639 671 722; x_wconf 80' lang='lat' dir='ltr'>promptiores</span> <span class='ocrx_word' id='word_1_17' title='bbox 689 662 727 704; x_wconf 90' lang='lat' dir='ltr'><strong>ac</strong></span> <span class='ocrx_word' id='word_1_18' title='bbox 743 638 925 721; x_wconf 86' lang='lat' dir='ltr'><strong>paratiores</strong></span> <span class='ocrx_word' id='word_1_19' title='bbox 940 640 982 704; x_wconf 89' lang='lat' dir='ltr'><strong>ad</strong></span> <span class='ocrx_word' id='word_1_20' title='bbox 998 660 1158 704; x_wconf 82' lang='lat' dir='ltr'><strong>recessum</strong></span> <span class='ocrx_word' id='word_1_21' title='bbox 1186 661 1255 705; x_wconf 90' lang='lat' dir='ltr'><strong>esse</strong></span> <span class='ocrx_word' id='word_1_22' title='bbox 1272 639 1466 720; x_wconf 86' lang='lat' dir='ltr'><strong>decreuerit,</strong></span> 
     </span>
     <span class='ocr_line' id='line_1_4' title="bbox 332 743 1465 831; baseline 0.005 -25"><span class='ocrx_word' id='word_1_23' title='bbox 332 743 419 811; x_wconf 88' lang='lat' dir='ltr'><strong>inter</strong></span> <span class='ocrx_word' id='word_1_24' title='bbox 434 768 516 830; x_wconf 91' lang='lat' dir='ltr'><strong>quas</strong></span> <span class='ocrx_word' id='word_1_25' title='bbox 532 748 576 813; x_wconf 91' lang='lat' dir='ltr'><strong>sit</strong></span> <span class='ocrx_word' id='word_1_26' title='bbox 591 747 685 831; x_wconf 83' lang='lat' dir='ltr'>galea</span> <span class='ocrx_word' id='word_1_27' title='bbox 709 751 825 812; x_wconf 87' lang='lat' dir='ltr'><strong>vocata</strong></span> <span class='ocrx_word' id='word_1_28' title='bbox 851 746 1021 825; x_wconf 88' lang='lat' dir='ltr'><strong>Pannissa,</strong></span> <span class='ocrx_word' id='word_1_29' title='bbox 1047 767 1167 830; x_wconf 88' lang='lat' dir='ltr'><strong>easque</strong></span> <span class='ocrx_word' id='word_1_30' title='bbox 1183 747 1279 812; x_wconf 90' lang='lat' dir='ltr'><strong>simul</strong></span> <span class='ocrx_word' id='word_1_31' title='bbox 1295 769 1369 812; x_wconf 91' lang='lat' dir='ltr'><strong>oum</strong></span> <span class='ocrx_word' id='word_1_32' title='bbox 1386 747 1465 812; x_wconf 92' lang='lat' dir='ltr'><strong>dua-</strong></span> 
     </span>
     <span class='ocr_line' id='line_1_5' title="bbox 332 850 1466 935; baseline 0.001 -18"><span class='ocrx_word' id='word_1_33' title='bbox 332 853 392 917; x_wconf 92' lang='lat' dir='ltr'><strong>bus</strong></span> <span class='ocrx_word' id='word_1_34' title='bbox 409 850 484 935; x_wconf 88' lang='lat' dir='ltr'><strong>alijs</strong></span> <span class='ocrx_word' id='word_1_35' title='bbox 500 851 613 935; x_wconf 85' lang='lat' dir='ltr'><strong>galeis,</strong></span> <span class='ocrx_word' id='word_1_36' title='bbox 639 872 719 934; x_wconf 88' lang='lat' dir='ltr'><strong>quas</strong></span> <span class='ocrx_word' id='word_1_37' title='bbox 745 852 821 916; x_wconf 90' lang='lat' dir='ltr'><strong>hinc</strong></span> <span class='ocrx_word' id='word_1_38' title='bbox 846 857 1019 935; x_wconf 89' lang='lat' dir='ltr'><strong>propterea</strong></span> <span class='ocrx_word' id='word_1_39' title='bbox 1043 852 1242 918; x_wconf 82' lang='lat' dir='ltr'><strong>destinamus</strong></span> <span class='ocrx_word' id='word_1_40' title='bbox 1266 853 1308 917; x_wconf 91' lang='lat' dir='ltr'><strong>ad</strong></span> <span class='ocrx_word' id='word_1_41' title='bbox 1325 852 1466 918; x_wconf 89' lang='lat' dir='ltr'><strong>eundem</strong></span> 
     </span>
     <span class='ocr_line' id='line_1_6' title="bbox 333 959 1466 1044; baseline 0.003 -21"><span class='ocrx_word' id='word_1_42' title='bbox 333 961 521 1041; x_wconf 87' lang='lat' dir='ltr'><strong>exercitum,</strong></span> <span class='ocrx_word' id='word_1_43' title='bbox 536 961 651 1025; x_wconf 89' lang='lat' dir='ltr'><strong>miotat</strong></span> <span class='ocrx_word' id='word_1_44' title='bbox 667 959 709 1024; x_wconf 91' lang='lat' dir='ltr'><strong>ad</strong></span> <span class='ocrx_word' id='word_1_45' title='bbox 725 965 837 1042; x_wconf 86' lang='lat' dir='ltr'><strong>partes</strong></span> <span class='ocrx_word' id='word_1_46' title='bbox 862 959 997 1042; x_wconf 89' lang='lat' dir='ltr'><strong>Apulie,</strong></span> <span class='ocrx_word' id='word_1_47' title='bbox 1023 959 1066 1025; x_wconf 93' lang='lat' dir='ltr'><strong>ad</strong></span> <span class='ocrx_word' id='word_1_48' title='bbox 1082 961 1317 1044; x_wconf 86' lang='lat' dir='ltr'><strong>assignandum</strong></span> <span class='ocrx_word' id='word_1_49' title='bbox 1333 959 1415 1026; x_wconf 92' lang='lat' dir='ltr'><strong>inibi</strong></span> <span class='ocrx_word' id='word_1_50' title='bbox 1434 968 1466 1026; x_wconf 92' lang='lat' dir='ltr'><strong>et</strong></span> 
     </span>
     <span class='ocr_line' id='line_1_7' title="bbox 331 1065 1463 1150; baseline 0.003 -18"><span class='ocrx_word' id='word_1_51' title='bbox 331 1065 513 1132; x_wconf 84' lang='lat' dir='ltr'><strong>vehendum</strong></span> <span class='ocrx_word' id='word_1_52' title='bbox 528 1065 683 1132; x_wconf 90' lang='lat' dir='ltr'><strong>Inclitam</strong></span> <span class='ocrx_word' id='word_1_53' title='bbox 699 1066 862 1150; x_wconf 81' lang='lat' dir='ltr'><strong>Reginam</strong></span> <span class='ocrx_word' id='word_1_54' title='bbox 880 1065 1034 1150; x_wconf 75' lang='lat' dir='ltr'><strong>Vagal-ie,</strong></span> <span class='ocrx_word' id='word_1_55' title='bbox 1053 1075 1194 1132; x_wconf 89' lang='lat' dir='ltr'><strong>matrem</strong></span> <span class='ocrx_word' id='word_1_56' title='bbox 1209 1073 1364 1147; x_wconf 85' lang='lat' dir='ltr'><strong>nostram,</strong></span> <span class='ocrx_word' id='word_1_57' title='bbox 1381 1066 1463 1135; x_wconf 91' lang='lat' dir='ltr'><strong>eius·</strong></span> 
     </span>
     <span class='ocr_line' id='line_1_8' title="bbox 334 1172 1463 1257; baseline 0.002 -19"><span class='ocrx_word' id='word_1_58' title='bbox 334 1195 396 1256; x_wconf 90' lang='lat' dir='ltr'><strong>que</strong></span> <span class='ocrx_word' id='word_1_59' title='bbox 413 1178 541 1255; x_wconf 81' lang='lat' dir='ltr'><strong>gentem</strong></span> <span class='ocrx_word' id='word_1_60' title='bbox 555 1174 685 1238; x_wconf 84' lang='lat' dir='ltr'><strong>nouiter</strong></span> <span class='ocrx_word' id='word_1_61' title='bbox 702 1173 735 1238; x_wconf 90' lang='lat' dir='ltr'><strong>in</strong></span> <span class='ocrx_word' id='word_1_62' title='bbox 752 1173 934 1254; x_wconf 84' lang='lat' dir='ltr'><strong>Vagariam</strong></span> <span class='ocrx_word' id='word_1_63' title='bbox 950 1172 1023 1238; x_wconf 90' lang='lat' dir='ltr'><strong>Deo</strong></span> <span class='ocrx_word' id='word_1_64' title='bbox 1039 1173 1181 1257; x_wconf 85' lang='lat' dir='ltr'><strong>propitio</strong></span> <span class='ocrx_word' id='word_1_65' title='bbox 1190 1173 1364 1240; x_wconf 88' lang='lat' dir='ltr'><strong>redituras.</strong></span> <span class='ocrx_word' id='word_1_66' title='bbox 1382 1173 1463 1256; x_wconf 78' lang='lat' dir='ltr'><strong>Qui·</strong></span> 
     </span>
     <span class='ocr_line' id='line_1_9' title="bbox 334 1279 1464 1366; baseline 0.002 -21"><span class='ocrx_word' id='word_1_67' title='bbox 334 1279 394 1345; x_wconf 91' lang='lat' dir='ltr'><strong>bus</strong></span> <span class='ocrx_word' id='word_1_68' title='bbox 410 1280 513 1364; x_wconf 87' lang='lat' dir='ltr'><strong>galeis</strong></span> <span class='ocrx_word' id='word_1_69' title='bbox 529 1279 635 1345; x_wconf 88' lang='lat' dir='ltr'><strong>tribus</strong></span> <span class='ocrx_word' id='word_1_70' title='bbox 653 1280 810 1364; x_wconf 83' lang='lat' dir='ltr'><strong>eligendis</strong></span> <span class='ocrx_word' id='word_1_71' title='bbox 826 1301 885 1364; x_wconf 92' lang='lat' dir='ltr'><strong>per</strong></span> <span class='ocrx_word' id='word_1_72' title='bbox 901 1280 1085 1363; x_wconf 90' lang='lat' dir='ltr'><strong>predictum</strong></span> <span class='ocrx_word' id='word_1_73' title='bbox 1101 1279 1316 1366; x_wconf 77' lang='lat' dir='ltr'><strong>Capitoneum</strong></span> <span class='ocrx_word' id='word_1_74' title='bbox 1332 1303 1464 1365; x_wconf 87' lang='lat' dir='ltr'><strong>compu-</strong></span> 
     </span>
     <span class='ocr_line' id='line_1_10' title="bbox 333 1386 1465 1472; baseline 0.003 -22"><span class='ocrx_word' id='word_1_75' title='bbox 333 1391 405 1452; x_wconf 88' lang='lat' dir='ltr'><strong>tata</strong></span> <span class='ocrx_word' id='word_1_76' title='bbox 421 1387 568 1471; x_wconf 86' lang='lat' dir='ltr'><strong>predicta</strong></span> <span class='ocrx_word' id='word_1_77' title='bbox 585 1386 747 1453; x_wconf 87' lang='lat' dir='ltr'><strong>Pannissa</strong></span> <span class='ocrx_word' id='word_1_78' title='bbox 763 1386 917 1453; x_wconf 88' lang='lat' dir='ltr'><strong>satisfieri</strong></span> <span class='ocrx_word' id='word_1_79' title='bbox 942 1388 1143 1471; x_wconf 88' lang='lat' dir='ltr'><strong>prouidimus</strong></span> <span class='ocrx_word' id='word_1_80' title='bbox 1175 1395 1353 1471; x_wconf 88' lang='lat' dir='ltr'><strong>antequam</strong></span> <span class='ocrx_word' id='word_1_81' title='bbox 1370 1409 1465 1472; x_wconf 90' lang='lat' dir='ltr'><strong>prop-</strong></span> 
     </span>
     <span class='ocr_line' id='line_1_11' title="bbox 332 1493 1466 1580; baseline 0.003 -22"><span class='ocrx_word' id='word_1_82' title='bbox 332 1501 426 1560; x_wconf 91' lang='lat' dir='ltr'><strong>terea</strong></span> <span class='ocrx_word' id='word_1_83' title='bbox 458 1493 650 1560; x_wconf 82' lang='lat' dir='ltr'><strong>discendant</strong></span> <span class='ocrx_word' id='word_1_84' title='bbox 674 1497 715 1560; x_wconf 91' lang='lat' dir='ltr'><strong>ab</strong></span> <span class='ocrx_word' id='word_1_85' title='bbox 741 1494 853 1559; x_wconf 88' lang='lat' dir='ltr'><strong>eodem</strong></span> <span class='ocrx_word' id='word_1_86' title='bbox 885 1495 1038 1574; x_wconf 86' lang='lat' dir='ltr'><strong>exercitu,</strong></span> <span class='ocrx_word' id='word_1_87' title='bbox 1055 1495 1096 1560; x_wconf 91' lang='lat' dir='ltr'><strong>de</strong></span> <span class='ocrx_word' id='word_1_88' title='bbox 1113 1496 1220 1580; x_wconf 85' lang='lat' dir='ltr'><strong>gagijs</strong></span> <span class='ocrx_word' id='word_1_89' title='bbox 1244 1517 1357 1561; x_wconf 88' lang='lat' dir='ltr'><strong>earum</strong></span> <span class='ocrx_word' id='word_1_90' title='bbox 1373 1497 1466 1562; x_wconf 80' lang='lat' dir='ltr'><strong>unius</strong></span> 
     </span>
     <span class='ocr_line' id='line_1_12' title="bbox 332 1601 1465 1686; baseline 0.003 -20"><span class='ocrx_word' id='word_1_91' title='bbox 332 1601 460 1683; x_wconf 88' lang='lat' dir='ltr'><strong>mensis,</strong></span> <span class='ocrx_word' id='word_1_92' title='bbox 476 1622 538 1686; x_wconf 92' lang='lat' dir='ltr'><strong>que</strong></span> <span class='ocrx_word' id='word_1_93' title='bbox 553 1601 733 1668; x_wconf 86' lang='lat' dir='ltr'><strong>ascendunt</strong></span> <span class='ocrx_word' id='word_1_94' title='bbox 749 1601 793 1666; x_wconf 92' lang='lat' dir='ltr'><strong>ad</strong></span> <span class='ocrx_word' id='word_1_95' title='bbox 820 1602 982 1667; x_wconf 86' lang='lat' dir='ltr'><strong>rationem</strong></span> <span class='ocrx_word' id='word_1_96' title='bbox 1007 1602 1047 1667; x_wconf 88' lang='lat' dir='ltr'><strong>do</strong></span> <span class='ocrx_word' id='word_1_97' title='bbox 1077 1602 1178 1686; x_wconf 85' lang='lat' dir='ltr'><strong>vncijs</strong></span> <span class='ocrx_word' id='word_1_98' title='bbox 1194 1603 1267 1668; x_wconf 91' lang='lat' dir='ltr'><strong>auri</strong></span> <span class='ocrx_word' id='word_1_99' title='bbox 1283 1605 1465 1686; x_wconf 81' lang='lat' dir='ltr'><strong>nonaginta</strong></span> 
     </span>
     <span class='ocr_line' id='line_1_13' title="bbox 331 1709 1463 1793; baseline 0.002 -21"><span class='ocrx_word' id='word_1_100' title='bbox 331 1730 391 1791; x_wconf 92' lang='lat' dir='ltr'><strong>pro</strong></span> <span class='ocrx_word' id='word_1_101' title='bbox 407 1709 553 1793; x_wconf 84' lang='lat' dir='ltr'><strong>qualibet</strong></span> <span class='ocrx_word' id='word_1_102' title='bbox 568 1711 712 1792; x_wconf 88' lang='lat' dir='ltr'><strong>ipsarum</strong></span> <span class='ocrx_word' id='word_1_103' title='bbox 727 1709 897 1792; x_wconf 87' lang='lat' dir='ltr'><strong>galearum</strong></span> <span class='ocrx_word' id='word_1_104' title='bbox 912 1731 971 1793; x_wconf 89' lang='lat' dir='ltr'><strong>per</strong></span> <span class='ocrx_word' id='word_1_105' title='bbox 988 1729 1140 1790; x_wconf 85' lang='lat' dir='ltr'><strong>mensem,</strong></span> <span class='ocrx_word' id='word_1_106' title='bbox 1164 1731 1223 1792; x_wconf 91' lang='lat' dir='ltr'><strong>pro</strong></span> <span class='ocrx_word' id='word_1_107' title='bbox 1247 1709 1337 1775; x_wconf 88' lang='lat' dir='ltr'><strong>dicto</strong></span> <span class='ocrx_word' id='word_1_108' title='bbox 1353 1733 1463 1776; x_wconf 89' lang='lat' dir='ltr'><strong>mense</strong></span> 
     </span>
     <span class='ocr_line' id='line_1_14' title="bbox 331 1816 1462 1900; baseline 0.002 -22"><span class='ocrx_word' id='word_1_109' title='bbox 331 1837 391 1880; x_wconf 83' lang='lat' dir='ltr'><strong>vno</strong></span> <span class='ocrx_word' id='word_1_110' title='bbox 406 1816 448 1879; x_wconf 89' lang='lat' dir='ltr'><strong>ad</strong></span> <span class='ocrx_word' id='word_1_111' title='bbox 465 1816 573 1881; x_wconf 80' lang='lat' dir='ltr'><strong>uncias</strong></span> <span class='ocrx_word' id='word_1_112' title='bbox 590 1818 661 1881; x_wconf 74' lang='lat' dir='ltr'><strong>ariri</strong></span> <span class='ocrx_word' id='word_1_113' title='bbox 694 1817 849 1883; x_wconf 86' lang='lat' dir='ltr'><strong>ducentas</strong></span> <span class='ocrx_word' id='word_1_114' title='bbox 882 1817 1092 1900; x_wconf 85' lang='lat' dir='ltr'><strong>septuaginta</strong></span> <span class='ocrx_word' id='word_1_115' title='bbox 1118 1817 1271 1899; x_wconf 88' lang='lat' dir='ltr'><strong>ponderis</strong></span> <span class='ocrx_word' id='word_1_116' title='bbox 1288 1818 1462 1900; x_wconf 87' lang='lat' dir='ltr'><strong>generalis.</strong></span> 
     </span>
     <span class='ocr_line' id='line_1_15' title="bbox 333 1921 1463 2008; baseline 0.002 -22"><span class='ocrx_word' id='word_1_117' title='bbox 333 1921 479 2007; x_wconf 79' lang='lat' dir='ltr'><strong>Cumque</strong></span> <span class='ocrx_word' id='word_1_118' title='bbox 512 1922 705 1988; x_wconf 87' lang='lat' dir='ltr'><strong>solutionem</strong></span> <span class='ocrx_word' id='word_1_119' title='bbox 737 1924 921 1990; x_wconf 88' lang='lat' dir='ltr'><strong>huiusmodi</strong></span> <span class='ocrx_word' id='word_1_120' title='bbox 953 1925 1120 2008; x_wconf 88' lang='lat' dir='ltr'><strong>gagioram</strong></span> <span class='ocrx_word' id='word_1_121' title='bbox 1137 1924 1205 2003; x_wconf 81' lang='lat' dir='ltr'><strong>tibi,</strong></span> <span class='ocrx_word' id='word_1_122' title='bbox 1223 1923 1263 1987; x_wconf 88' lang='lat' dir='ltr'><strong>de</strong></span> <span class='ocrx_word' id='word_1_123' title='bbox 1279 1924 1373 1989; x_wconf 88' lang='lat' dir='ltr'><strong>cuius</strong></span> <span class='ocrx_word' id='word_1_124' title='bbox 1389 1923 1463 2006; x_wconf 85' lang='lat' dir='ltr'><strong>fide,</strong></span> 
     </span>
     <span class='ocr_line' id='line_1_16' title="bbox 333 2030 1462 2115; baseline 0.001 -21"><span class='ocrx_word' id='word_1_125' title='bbox 333 2030 529 2096; x_wconf 84' lang='lat' dir='ltr'><strong>sufficientia</strong></span> <span class='ocrx_word' id='word_1_126' title='bbox 545 2037 577 2096; x_wconf 90' lang='lat' dir='ltr'><strong>et</strong></span> <span class='ocrx_word' id='word_1_127' title='bbox 593 2030 760 2114; x_wconf 85' lang='lat' dir='ltr'><strong>legalitate</strong></span> <span class='ocrx_word' id='word_1_128' title='bbox 776 2030 974 2114; x_wconf 84' lang='lat' dir='ltr'><strong>confidimus,</strong></span> <span class='ocrx_word' id='word_1_129' title='bbox 1006 2030 1246 2115; x_wconf 88' lang='lat' dir='ltr'><strong>prouiderimus</strong></span> <span class='ocrx_word' id='word_1_130' title='bbox 1262 2031 1462 2096; x_wconf 88' lang='lat' dir='ltr'><strong>committen-</strong></span> 
     </span>
     <span class='ocr_line' id='line_1_17' title="bbox 331 2137 1463 2220; baseline -0.001 -18"><span class='ocrx_word' id='word_1_131' title='bbox 331 2138 425 2218; x_wconf 90' lang='lat' dir='ltr'><strong>dam;</strong></span> <span class='ocrx_word' id='word_1_132' title='bbox 456 2139 602 2204; x_wconf 86' lang='lat' dir='ltr'><strong>volumus</strong></span> <span class='ocrx_word' id='word_1_133' title='bbox 619 2146 652 2205; x_wconf 92' lang='lat' dir='ltr'><strong>et</strong></span> <span class='ocrx_word' id='word_1_134' title='bbox 668 2139 821 2204; x_wconf 87' lang='lat' dir='ltr'><strong>fidelitati</strong></span> <span class='ocrx_word' id='word_1_135' title='bbox 847 2145 902 2203; x_wconf 89' lang='lat' dir='ltr'><strong>tue</strong></span> <span class='ocrx_word' id='word_1_136' title='bbox 927 2139 967 2204; x_wconf 89' lang='lat' dir='ltr'><strong>de</strong></span> <span class='ocrx_word' id='word_1_137' title='bbox 993 2138 1129 2204; x_wconf 89' lang='lat' dir='ltr'><strong>oonsilio</strong></span> <span class='ocrx_word' id='word_1_138' title='bbox 1146 2143 1179 2203; x_wconf 89' lang='lat' dir='ltr'><strong>et</strong></span> <span class='ocrx_word' id='word_1_139' title='bbox 1195 2157 1331 2203; x_wconf 86' lang='lat' dir='ltr'><strong>assensu</strong></span> <span class='ocrx_word' id='word_1_140' title='bbox 1347 2137 1463 2220; x_wconf 86' lang='lat' dir='ltr'><strong>guber·</strong></span> 
     </span>
     <span class='ocr_line' id='line_1_18' title="bbox 331 2245 1462 2328; baseline 0 -19"><span class='ocrx_word' id='word_1_141' title='bbox 331 2252 478 2310; x_wconf 89' lang='lat' dir='ltr'><strong>natoram</strong></span> <span class='ocrx_word' id='word_1_142' title='bbox 511 2253 543 2310; x_wconf 89' lang='lat' dir='ltr'><strong>et</strong></span> <span class='ocrx_word' id='word_1_143' title='bbox 575 2245 880 2312; x_wconf 90' lang='lat' dir='ltr'><strong>administratorum</strong></span> <span class='ocrx_word' id='word_1_144' title='bbox 912 2251 1098 2310; x_wconf 91' lang='lat' dir='ltr'><strong>nostrorum</strong></span> <span class='ocrx_word' id='word_1_145' title='bbox 1129 2245 1332 2328; x_wconf 86' lang='lat' dir='ltr'><strong>presentium</strong></span> <span class='ocrx_word' id='word_1_146' title='bbox 1347 2249 1462 2309; x_wconf 90' lang='lat' dir='ltr'><strong>tenore</strong></span> 
     </span>
     <span class='ocr_line' id='line_1_19' title="bbox 330 2350 1463 2436; baseline 0.001 -19"><span class='ocrx_word' id='word_1_147' title='bbox 330 2353 530 2432; x_wconf 87' lang='lat' dir='ltr'><strong>mandamus,</strong></span> <span class='ocrx_word' id='word_1_148' title='bbox 547 2358 707 2434; x_wconf 90' lang='lat' dir='ltr'><strong>quatenus</strong></span> <span class='ocrx_word' id='word_1_149' title='bbox 725 2353 836 2416; x_wconf 88' lang='lat' dir='ltr'><strong>statim</strong></span> <span class='ocrx_word' id='word_1_150' title='bbox 852 2352 990 2436; x_wconf 78' lang='lat' dir='ltr'><strong>receptis</strong></span> <span class='ocrx_word' id='word_1_151' title='bbox 1016 2350 1225 2435; x_wconf 88' lang='lat' dir='ltr'><strong>presentibus</strong></span> <span class='ocrx_word' id='word_1_152' title='bbox 1240 2351 1413 2432; x_wconf 89' lang='lat' dir='ltr'><strong>requirens</strong></span> <span class='ocrx_word' id='word_1_153' title='bbox 1430 2360 1463 2418; x_wconf 93' lang='lat' dir='ltr'><strong>et</strong></span> 
     </span>
     <span class='ocr_line' id='line_1_20' title="bbox 329 2459 1464 2545; baseline -0.001 -20"><span class='ocrx_word' id='word_1_154' title='bbox 329 2462 489 2542; x_wconf 87' lang='lat' dir='ltr'><strong>recipiens</strong></span> <span class='ocrx_word' id='word_1_155' title='bbox 505 2482 525 2525; x_wconf 93' lang='lat' dir='ltr'><strong>a</strong></span> <span class='ocrx_word' id='word_1_156' title='bbox 542 2460 773 2545; x_wconf 83' lang='lat' dir='ltr'><strong>Thesaurarijs</strong></span> <span class='ocrx_word' id='word_1_157' title='bbox 805 2462 924 2527; x_wconf 87' lang='lat' dir='ltr'><strong>nostris</strong></span> <span class='ocrx_word' id='word_1_158' title='bbox 955 2462 989 2526; x_wconf 92' lang='lat' dir='ltr'><strong>in</strong></span> <span class='ocrx_word' id='word_1_159' title='bbox 1023 2459 1161 2525; x_wconf 82' lang='lat' dir='ltr'><strong>Camere</strong></span> <span class='ocrx_word' id='word_1_160' title='bbox 1186 2466 1300 2525; x_wconf 88' lang='lat' dir='ltr'><strong>nostra</strong></span> <span class='ocrx_word' id='word_1_161' title='bbox 1316 2459 1464 2544; x_wconf 81' lang='lat' dir='ltr'><strong>prelatas</strong></span> 
     </span>
     <span class='ocr_line' id='line_1_21' title="bbox 330 2567 1463 2652; baseline 0.002 -22"><span class='ocrx_word' id='word_1_162' title='bbox 330 2567 440 2632; x_wconf 77' lang='lat' dir='ltr'><strong>uncias</strong></span> <span class='ocrx_word' id='word_1_163' title='bbox 465 2568 537 2633; x_wconf 89' lang='lat' dir='ltr'><strong>auri</strong></span> <span class='ocrx_word' id='word_1_164' title='bbox 553 2568 709 2633; x_wconf 90' lang='lat' dir='ltr'><strong>ducentas</strong></span> <span class='ocrx_word' id='word_1_165' title='bbox 736 2569 945 2651; x_wconf 85' lang='lat' dir='ltr'><strong>septuaginta</strong></span> <span class='ocrx_word' id='word_1_166' title='bbox 971 2567 1122 2649; x_wconf 89' lang='lat' dir='ltr'><strong>ponderis</strong></span> <span class='ocrx_word' id='word_1_167' title='bbox 1148 2568 1319 2652; x_wconf 91' lang='lat' dir='ltr'><strong>generalis,</strong></span> <span class='ocrx_word' id='word_1_168' title='bbox 1350 2569 1463 2651; x_wconf 89' lang='lat' dir='ltr'><strong>eisque</strong></span> 
     </span>
     <span class='ocr_line' id='line_1_22' title="bbox 331 2674 1463 2758; baseline -0.001 -18"><span class='ocrx_word' id='word_1_169' title='bbox 331 2682 422 2740; x_wconf 89' lang='lat' dir='ltr'><strong>tuam</strong></span> <span class='ocrx_word' id='word_1_170' title='bbox 449 2675 564 2740; x_wconf 85' lang='lat' dir='ltr'><strong>exinde</strong></span> <span class='ocrx_word' id='word_1_171' title='bbox 590 2674 713 2740; x_wconf 87' lang='lat' dir='ltr'><strong>faciens</strong></span> <span class='ocrx_word' id='word_1_172' title='bbox 738 2675 922 2758; x_wconf 83' lang='lat' dir='ltr'><strong>apodixaru‚</strong></span> <span class='ocrx_word' id='word_1_173' title='bbox 948 2675 1063 2740; x_wconf 83' lang='lat' dir='ltr'><strong>deinde</strong></span> <span class='ocrx_word' id='word_1_174' title='bbox 1090 2675 1132 2740; x_wconf 93' lang='lat' dir='ltr'><strong>ad</strong></span> <span class='ocrx_word' id='word_1_175' title='bbox 1158 2674 1321 2758; x_wconf 87' lang='lat' dir='ltr'><strong>prefatam</strong></span> <span class='ocrx_word' id='word_1_176' title='bbox 1336 2682 1463 2740; x_wconf 86' lang='lat' dir='ltr'><strong>terram</strong></span> 
     </span>
     <span class='ocr_line' id='line_1_23' title="bbox 330 2781 1460 2866; baseline 0.002 -20"><span class='ocrx_word' id='word_1_177' title='bbox 330 2781 450 2865; x_wconf 87' lang='lat' dir='ltr'><strong>Milatij</strong></span> <span class='ocrx_word' id='word_1_178' title='bbox 469 2803 542 2846; x_wconf 90' lang='lat' dir='ltr'><strong>oum</strong></span> <span class='ocrx_word' id='word_1_179' title='bbox 557 2781 628 2864; x_wconf 91' lang='lat' dir='ltr'><strong>ipsa</strong></span> <span class='ocrx_word' id='word_1_180' title='bbox 643 2783 782 2866; x_wconf 89' lang='lat' dir='ltr'><strong>pecunia</strong></span> <span class='ocrx_word' id='word_1_181' title='bbox 796 2789 830 2847; x_wconf 87' lang='lat' dir='ltr'><strong>te</strong></span> <span class='ocrx_word' id='word_1_182' title='bbox 844 2783 1063 2866; x_wconf 88' lang='lat' dir='ltr'><strong>personaliter</strong></span> <span class='ocrx_word' id='word_1_183' title='bbox 1074 2785 1229 2864; x_wconf 80' lang='lat' dir='ltr'><strong>conferas,</strong></span> <span class='ocrx_word' id='word_1_184' title='bbox 1241 2790 1274 2849; x_wconf 90' lang='lat' dir='ltr'><strong>et</strong></span> <span class='ocrx_word' id='word_1_185' title='bbox 1283 2788 1460 2866; x_wconf 85' lang='lat' dir='ltr'><strong>postquam</strong></span> 
     </span>
     <span class='ocr_line' id='line_1_24' title="bbox 330 2888 1460 2975; baseline 0.004 -23"><span class='ocrx_word' id='word_1_186' title='bbox 330 2888 410 2953; x_wconf 90' lang='lat' dir='ltr'><strong>inibi</strong></span> <span class='ocrx_word' id='word_1_187' title='bbox 427 2890 535 2973; x_wconf 86' lang='lat' dir='ltr'><strong>fueris,</strong></span> <span class='ocrx_word' id='word_1_188' title='bbox 552 2891 720 2974; x_wconf 90' lang='lat' dir='ltr'><strong>dictusque</strong></span> <span class='ocrx_word' id='word_1_189' title='bbox 738 2889 938 2974; x_wconf 84' lang='lat' dir='ltr'><strong>Capitoneus</strong></span> <span class='ocrx_word' id='word_1_190' title='bbox 964 2892 1105 2975; x_wconf 90' lang='lat' dir='ltr'><strong>elegerit</strong></span> <span class='ocrx_word' id='word_1_191' title='bbox 1129 2892 1235 2957; x_wconf 87' lang='lat' dir='ltr'><strong>dietas</strong></span> <span class='ocrx_word' id='word_1_192' title='bbox 1260 2893 1374 2975; x_wconf 88' lang='lat' dir='ltr'><strong>galeas</strong></span> <span class='ocrx_word' id='word_1_193' title='bbox 1390 2897 1460 2956; x_wconf 90' lang='lat' dir='ltr'><strong>tres</strong></span> 
     </span>
     <span class='ocr_line' id='line_1_25' title="bbox 330 2996 1461 3083; baseline 0.001 -22"><span class='ocrx_word' id='word_1_194' title='bbox 330 2997 371 3061; x_wconf 92' lang='lat' dir='ltr'><strong>ad</strong></span> <span class='ocrx_word' id='word_1_195' title='bbox 403 2997 551 3080; x_wconf 84' lang='lat' dir='ltr'><strong>prelatas</strong></span> <span class='ocrx_word' id='word_1_196' title='bbox 582 2996 704 3080; x_wconf 82' lang='lat' dir='ltr'><strong>Apulis</strong></span> <span class='ocrx_word' id='word_1_197' title='bbox 735 3003 854 3081; x_wconf 89' lang='lat' dir='ltr'><strong>partes,</strong></span> <span class='ocrx_word' id='word_1_198' title='bbox 879 3021 942 3065; x_wconf 88' lang='lat' dir='ltr'><strong>vna</strong></span> <span class='ocrx_word' id='word_1_199' title='bbox 973 3020 1046 3064; x_wconf 88' lang='lat' dir='ltr'><strong>eum</strong></span> <span class='ocrx_word' id='word_1_200' title='bbox 1061 3000 1216 3083; x_wconf 90' lang='lat' dir='ltr'><strong>predictis</strong></span> <span class='ocrx_word' id='word_1_201' title='bbox 1233 2998 1307 3083; x_wconf 87' lang='lat' dir='ltr'><strong>alijs</strong></span> <span class='ocrx_word' id='word_1_202' title='bbox 1324 2996 1461 3077; x_wconf 84' lang='lat' dir='ltr'><strong>duabus,</strong></span> 
     </span>
     <span class='ocr_line' id='line_1_26' title="bbox 329 3091 1459 3189; baseline 0 -21"><span class='ocrx_word' id='word_1_203' title='bbox 329 3125 410 3187; x_wconf 93' lang='lat' dir='ltr'><strong>quas</strong></span> <span class='ocrx_word' id='word_1_204' title='bbox 427 3104 501 3169; x_wconf 89' lang='lat' dir='ltr'><strong>hine</strong></span> <span class='ocrx_word' id='word_1_205' title='bbox 516 3091 782 3188; x_wconf 85' lang='lat' dir='ltr'><strong>transmictimus,</strong></span> <span class='ocrx_word' id='word_1_206' title='bbox 799 3107 881 3170; x_wconf 88' lang='lat' dir='ltr'><strong>siout</strong></span> <span class='ocrx_word' id='word_1_207' title='bbox 895 3106 1084 3189; x_wconf 85' lang='lat' dir='ltr'><strong>predicitur,</strong></span> <span class='ocrx_word' id='word_1_208' title='bbox 1115 3127 1303 3172; x_wconf 88' lang='lat' dir='ltr'><strong>accessuras</strong></span> <span class='ocrx_word' id='word_1_209' title='bbox 1319 3104 1401 3171; x_wconf 90' lang='lat' dir='ltr'><strong>bene</strong></span> <span class='ocrx_word' id='word_1_210' title='bbox 1420 3125 1459 3168; x_wconf 91' lang='lat' dir='ltr'><strong>ae</strong></span> 
     </span>
     <span class='ocr_line' id='line_1_27' title="bbox 330 3210 1460 3296; baseline 0.003 -23"><span class='ocrx_word' id='word_1_211' title='bbox 330 3210 526 3276; x_wconf 83' lang='lat' dir='ltr'><strong>sufficienter</strong></span> <span class='ocrx_word' id='word_1_212' title='bbox 542 3219 685 3277; x_wconf 89' lang='lat' dir='ltr'><strong>armatas</strong></span> <span class='ocrx_word' id='word_1_213' title='bbox 702 3219 770 3277; x_wconf 89' lang='lat' dir='ltr'><strong>tam</strong></span> <span class='ocrx_word' id='word_1_214' title='bbox 795 3214 941 3296; x_wconf 86' lang='lat' dir='ltr'><strong>personis</strong></span> <span class='ocrx_word' id='word_1_215' title='bbox 967 3234 1065 3296; x_wconf 87' lang='lat' dir='ltr'><strong>quam</strong></span> <span class='ocrx_word' id='word_1_216' title='bbox 1097 3213 1197 3278; x_wconf 87' lang='lat' dir='ltr'><strong>armis</strong></span> <span class='ocrx_word' id='word_1_217' title='bbox 1214 3219 1247 3277; x_wconf 93' lang='lat' dir='ltr'><strong>et</strong></span> <span class='ocrx_word' id='word_1_218' title='bbox 1263 3212 1338 3296; x_wconf 88' lang='lat' dir='ltr'><strong>alijs</strong></span> <span class='ocrx_word' id='word_1_219' title='bbox 1355 3233 1460 3296; x_wconf 90' lang='lat' dir='ltr'><strong>appa-</strong></span> 
     </span>
     <span class='ocr_line' id='line_1_28' title="bbox 330 3316 1462 3410; baseline 0.001 -30"><span class='ocrx_word' id='word_1_220' title='bbox 330 3316 459 3410; x_wconf 85' lang='lat' dir='ltr'><strong>ratibus</strong></span> <span class='ocrx_word' id='word_1_221' title='bbox 475 3317 741 3384; x_wconf 87' lang='lat' dir='ltr'><strong>conuenientibus</strong></span> <span class='ocrx_word' id='word_1_222' title='bbox 757 3319 934 3384; x_wconf 87' lang='lat' dir='ltr'><strong>eorundem</strong></span> <span class='ocrx_word' id='word_1_223' title='bbox 950 3319 1113 3402; x_wconf 84' lang='lat' dir='ltr'><strong>prefatam</strong></span> <span class='ocrx_word' id='word_1_224' title='bbox 1124 3321 1294 3404; x_wconf 88' lang='lat' dir='ltr'><strong>pecuniam</strong></span> <span class='ocrx_word' id='word_1_225' title='bbox 1310 3319 1462 3401; x_wconf 90' lang='lat' dir='ltr'><strong>patronis</strong></span> 
     </span>
     <span class='ocr_line' id='line_1_29' title="bbox 329 3423 1461 3510; baseline 0.002 -24"><span class='ocrx_word' id='word_1_226' title='bbox 329 3423 475 3506; x_wconf 87' lang='lat' dir='ltr'><strong>ipsarum</strong></span> <span class='ocrx_word' id='word_1_227' title='bbox 505 3425 674 3507; x_wconf 87' lang='lat' dir='ltr'><strong>galearum</strong></span> <span class='ocrx_word' id='word_1_228' title='bbox 699 3426 798 3491; x_wconf 87' lang='lat' dir='ltr'><strong>trium</strong></span> <span class='ocrx_word' id='word_1_229' title='bbox 824 3449 884 3510; x_wconf 86' lang='lat' dir='ltr'><strong>pro</strong></span> <span class='ocrx_word' id='word_1_230' title='bbox 911 3426 1018 3510; x_wconf 87' lang='lat' dir='ltr'><strong>gagijs</strong></span> <span class='ocrx_word' id='word_1_231' title='bbox 1044 3448 1155 3493; x_wconf 86' lang='lat' dir='ltr'><strong>earum</strong></span> <span class='ocrx_word' id='word_1_232' title='bbox 1181 3431 1214 3491; x_wconf 89' lang='lat' dir='ltr'><strong>et</strong></span> <span class='ocrx_word' id='word_1_233' title='bbox 1244 3447 1461 3509; x_wconf 89' lang='lat' dir='ltr'><strong>personarum</strong></span> 
     </span>
     <span class='ocr_line' id='line_1_30' title="bbox 329 3531 1462 3617; baseline 0.004 -24"><span class='ocrx_word' id='word_1_234' title='bbox 329 3531 555 3613; x_wconf 88' lang='lat' dir='ltr'><strong>nauigantium</strong></span> <span class='ocrx_word' id='word_1_235' title='bbox 571 3534 604 3596; x_wconf 92' lang='lat' dir='ltr'><strong>in</strong></span> <span class='ocrx_word' id='word_1_236' title='bbox 620 3534 740 3598; x_wconf 89' lang='lat' dir='ltr'><strong>eisdem</strong></span> <span class='ocrx_word' id='word_1_237' title='bbox 756 3554 816 3617; x_wconf 92' lang='lat' dir='ltr'><strong>pro</strong></span> <span class='ocrx_word' id='word_1_238' title='bbox 833 3535 922 3598; x_wconf 81' lang='lat' dir='ltr'><strong>dioto</strong></span> <span class='ocrx_word' id='word_1_239' title='bbox 939 3557 1001 3599; x_wconf 85' lang='lat' dir='ltr'><strong>vno</strong></span> <span class='ocrx_word' id='word_1_240' title='bbox 1018 3556 1125 3600; x_wconf 88' lang='lat' dir='ltr'><strong>mense</strong></span> <span class='ocrx_word' id='word_1_241' title='bbox 1140 3533 1353 3614; x_wconf 89' lang='lat' dir='ltr'><strong>numerando,</strong></span> <span class='ocrx_word' id='word_1_242' title='bbox 1369 3554 1391 3597; x_wconf 91' lang='lat' dir='ltr'><strong>a</strong></span> <span class='ocrx_word' id='word_1_243' title='bbox 1409 3533 1462 3597; x_wconf 91' lang='lat' dir='ltr'><strong>die</strong></span> 
     </span>
     <span class='ocr_line' id='line_1_31' title="bbox 328 3638 1462 3724; baseline 0.001 -23"><span class='ocrx_word' id='word_1_244' title='bbox 328 3659 432 3720; x_wconf 88' lang='lat' dir='ltr'><strong>usque</strong></span> <span class='ocrx_word' id='word_1_245' title='bbox 448 3638 490 3703; x_wconf 90' lang='lat' dir='ltr'><strong>ad</strong></span> <span class='ocrx_word' id='word_1_246' title='bbox 506 3659 601 3722; x_wconf 90' lang='lat' dir='ltr'><strong>quem</strong></span> <span class='ocrx_word' id='word_1_247' title='bbox 617 3645 667 3702; x_wconf 89' lang='lat' dir='ltr'><strong>est</strong></span> <span class='ocrx_word' id='word_1_248' title='bbox 683 3640 738 3719; x_wconf 87' lang='lat' dir='ltr'><strong>cis,</strong></span> <span class='ocrx_word' id='word_1_249' title='bbox 749 3638 789 3703; x_wconf 91' lang='lat' dir='ltr'><strong>de</strong></span> <span class='ocrx_word' id='word_1_250' title='bbox 803 3639 949 3720; x_wconf 89' lang='lat' dir='ltr'><strong>ipsarum</strong></span> <span class='ocrx_word' id='word_1_251' title='bbox 966 3641 1072 3724; x_wconf 88' lang='lat' dir='ltr'><strong>gagijs</strong></span> <span class='ocrx_word' id='word_1_252' title='bbox 1089 3639 1302 3722; x_wconf 84' lang='lat' dir='ltr'><strong>satisfactum,</strong></span> <span class='ocrx_word' id='word_1_253' title='bbox 1312 3660 1385 3703; x_wconf 89' lang='lat' dir='ltr'><strong>oum</strong></span> <span class='ocrx_word' id='word_1_254' title='bbox 1402 3661 1462 3703; x_wconf 92' lang='lat' dir='ltr'><strong>no-</strong></span> 
     </span>
     <span class='ocr_line' id='line_1_32' title="bbox 328 3742 1462 3830; baseline 0.002 -22"><span class='ocrx_word' id='word_1_255' title='bbox 328 3745 412 3825; x_wconf 88' lang='lat' dir='ltr'><strong>titia,</strong></span> <span class='ocrx_word' id='word_1_256' title='bbox 428 3744 626 3810; x_wconf 88' lang='lat' dir='ltr'><strong>conscientia</strong></span> <span class='ocrx_word' id='word_1_257' title='bbox 642 3745 722 3809; x_wconf 87' lang='lat' dir='ltr'><strong>etin</strong></span> <span class='ocrx_word' id='word_1_258' title='bbox 738 3747 903 3827; x_wconf 90' lang='lat' dir='ltr'><strong>presentia</strong></span> <span class='ocrx_word' id='word_1_259' title='bbox 919 3747 1037 3830; x_wconf 86' lang='lat' dir='ltr'><strong>prelati</strong></span> <span class='ocrx_word' id='word_1_260' title='bbox 1054 3742 1227 3830; x_wconf 77' lang='lat' dir='ltr'><strong>Capitonej</strong></span> <span class='ocrx_word' id='word_1_261' title='bbox 1257 3745 1412 3812; x_wconf 82' lang='lat' dir='ltr'><strong>exhibeas</strong></span> <span class='ocrx_word' id='word_1_262' title='bbox 1428 3753 1462 3810; x_wconf 91' lang='lat' dir='ltr'><strong>et</strong></span> 
     </span>
     <span class='ocr_line' id='line_1_33' title="bbox 328 3851 1462 3937; baseline 0.003 -20"><span class='ocrx_word' id='word_1_263' title='bbox 328 3852 460 3918; x_wconf 90' lang='lat' dir='ltr'><strong>exoluas</strong></span> <span class='ocrx_word' id='word_1_264' title='bbox 477 3857 536 3917; x_wconf 91' lang='lat' dir='ltr'><strong>etc.</strong></span> <span class='ocrx_word' id='word_1_265' title='bbox 553 3857 612 3915; x_wconf 89' lang='lat' dir='ltr'><strong>etc.</strong></span> <span class='ocrx_word' id='word_1_266' title='bbox 629 3851 754 3916; x_wconf 91' lang='lat' dir='ltr'><strong>Datum</strong></span> <span class='ocrx_word' id='word_1_267' title='bbox 779 3851 920 3937; x_wconf 83' lang='lat' dir='ltr'><strong>Neapolj</strong></span> <span class='ocrx_word' id='word_1_268' title='bbox 947 3855 980 3918; x_wconf 94' lang='lat' dir='ltr'><strong>in</strong></span> <span class='ocrx_word' id='word_1_269' title='bbox 998 3851 1136 3919; x_wconf 75' lang='lat' dir='ltr'><strong>(lamera</strong></span> <span class='ocrx_word' id='word_1_270' title='bbox 1161 3859 1274 3919; x_wconf 88' lang='lat' dir='ltr'><strong>nostra</strong></span> <span class='ocrx_word' id='word_1_271' title='bbox 1290 3872 1375 3918; x_wconf 91' lang='lat' dir='ltr'><strong>anno</strong></span> <span class='ocrx_word' id='word_1_272' title='bbox 1393 3852 1462 3920; x_wconf 93' lang='lat' dir='ltr'><strong>Do-</strong></span> 
     </span>
     <span class='ocr_line' id='line_1_34' title="bbox 326 3955 1462 4044; baseline 0.004 -20"><span class='ocrx_word' id='word_1_273' title='bbox 326 3959 406 4024; x_wconf 91' lang='lat' dir='ltr'><strong>mini</strong></span> <span class='ocrx_word' id='word_1_274' title='bbox 422 3955 805 4024; x_wconf 76' lang='lat' dir='ltr'><strong>M0OCO⁰XL1HLdie</strong></span> <span class='ocrx_word' id='word_1_275' title='bbox 821 3958 997 4042; x_wconf 83' lang='lat' dir='ltr'>XXVIII.</span> <span class='ocrx_word' id='word_1_276' title='bbox 1013 3959 1190 4044; x_wconf 84' lang='lat' dir='ltr'><strong>Februarij</strong></span> <span class='ocrx_word' id='word_1_277' title='bbox 1208 3959 1294 4025; x_wconf 92' lang='lat' dir='ltr'>XII.</span> <span class='ocrx_word' id='word_1_278' title='bbox 1311 3959 1462 4028; x_wconf 76' lang='grc'><strong>111110110-</strong></span> 
     </span>
    </p>
   </div>
   <div class='ocr_carea' id='block_1_3' title="bbox 326 4067 996 4150">
    <p class='ocr_par' dir='ltr' id='par_1_3' title="bbox 326 4067 996 4150">
     <span class='ocr_line' id='line_1_35' title="bbox 326 4067 996 4150; baseline 0.001 -18"><span class='ocrx_word' id='word_1_279' title='bbox 326 4067 376 4132; x_wconf 89' lang='lat' dir='ltr'><strong>nis</strong></span> <span class='ocrx_word' id='word_1_280' title='bbox 392 4068 584 4150; x_wconf 83' lang='lat' dir='ltr'><strong>Regnorum</strong></span> <span class='ocrx_word' id='word_1_281' title='bbox 602 4073 787 4133; x_wconf 87' lang='lat' dir='ltr'><strong>nostrorum</strong></span> <span class='ocrx_word' id='word_1_282' title='bbox 803 4090 888 4134; x_wconf 89' lang='lat' dir='ltr'><strong>anno</strong></span> <span class='ocrx_word' id='word_1_283' title='bbox 905 4068 951 4134; x_wconf 89' lang='lat' dir='ltr'><strong>II.</strong></span> <span class='ocrx_word' id='word_1_284' title='bbox 994 4139 996 4146; x_wconf 59' lang='grc'>,</span> 
     </span>
    </p>
   </div>
   <div class='ocr_carea' id='block_1_4' title="bbox 436 4245 1351 4315">
    <p class='ocr_par' dir='ltr' id='par_1_4' title="bbox 436 4245 1351 4315">
     <span class='ocr_line' id='line_1_36' title="bbox 436 4245 1351 4315; baseline 0.004 -20"><span class='ocrx_word' id='word_1_285' title='bbox 436 4245 472 4306; x_wconf 77' lang='grc' dir='ltr'><strong>(Α</strong></span> <span class='ocrx_word' id='word_1_286' title='bbox 487 4247 834 4314; x_wconf 71' lang='lat' dir='ltr'><strong>»Regist1·iAngioini«A.</strong></span> <span class='ocrx_word' id='word_1_287' title='bbox 849 4253 908 4300; x_wconf 84' lang='grc'><strong>336.</strong></span> <span class='ocrx_word' id='word_1_288' title='bbox 923 4265 958 4301; x_wconf 85' lang='lat' dir='ltr'><strong>ez.</strong></span> <span class='ocrx_word' id='word_1_289' title='bbox 973 4266 997 4300; x_wconf 85' lang='lat' dir='ltr'><strong>a.</strong></span> <span class='ocrx_word' id='word_1_290' title='bbox 1010 4251 1077 4315; x_wconf 87' lang='lat' dir='ltr'><strong>Reg.</strong></span> <span class='ocrx_word' id='word_1_291' title='bbox 1092 4251 1216 4304; x_wconf 83' lang='lat' dir='ltr'><strong>Joannae</strong></span> <span class='ocrx_word' id='word_1_292' title='bbox 1229 4251 1250 4300; x_wconf 90' lang='lat'><strong>1.</strong></span> <span class='ocrx_word' id='word_1_293' title='bbox 1266 4257 1307 4301; x_wconf 81' lang='grc'><strong>83.</strong></span> <span class='ocrx_word' id='word_1_294' title='bbox 1322 4251 1351 4312; x_wconf 92' lang='lat' dir='ltr'><strong>l.)</strong></span> 
     </span>
    </p>
   </div>
   <div class='ocr_carea' id='block_1_5' title="bbox 813 4429 969 4438">
    <p class='ocr_par' dir='ltr' id='par_1_5' title="bbox 813 4429 969 4438">
     <span class='ocr_line' id='line_1_37' title="bbox 813 4429 969 4438; baseline -0.013 2"><span class='ocrx_word' id='word_1_295' title='bbox 813 4429 969 4438; x_wconf 70' lang='lat'><strong>————-—--·</strong></span> 
     </span>
    </p>
   </div>
   <div class='ocr_carea' id='block_1_6' title="bbox 0 0 1584 5256">
    <p class='ocr_par' dir='ltr' id='par_1_6' title="bbox 0 0 1584 5256">
     <span class='ocr_line' id='line_1_38' title="bbox 0 0 1584 5256; baseline 0 2"><span class='ocrx_word' id='word_1_296' title='bbox 0 0 1584 5256; x_wconf 95' lang='lat' dir='ltr'><strong> </strong></span> 
     </span>
    </p>
   </div>
   <div class='ocr_carea' id='block_1_7' title="bbox 1576 0 1589 2673">
    <p class='ocr_par' dir='ltr' id='par_1_7' title="bbox 1576 0 1589 2673">
     <span class='ocr_line' id='line_1_39' title="bbox 1576 0 1589 2673; baseline 0 0"><span class='ocrx_word' id='word_1_297' title='bbox 1576 0 1589 2673; x_wconf 95' lang='lat' dir='ltr'><strong> </strong></span> 
     </span>
    </p>
   </div>
  </div>
 </body>
</html>
