3134 5252
569 370 662 432 1346.
1025 321 1028 328 ⁴
1119 376 1183 438 149

4 595 6 600 ,
68 541 238 609 indominio
255 544 281 610 J
282 545 373 626 edre,
390 545 448 611 sed
464 547 609 626 credunt,
627 546 712 630 quod
730 547 769 613 de
786 548 911 614 duobus
928 548 1069 614 alterurn
1084 555 1182 634 petet,

4 655 5 666 ³
67 652 199 718 videlicet
222 645 383 720 auxilium
408 654 451 720 ad
477 655 706 722 vindicandam
724 663 864 722 mortem
880 657 1003 740 fratris,
1019 659 1068 724 vel
1083 680 1180 742 pecu-

4 789 6 812 ·
67 763 155 842 mam,
178 761 377 845 respondere
404 763 545 830 debeant
570 765 613 829 ad
638 765 786 849 primum,
804 767 830 830 si
846 788 950 850 nuper
965 766 1040 832 inde
1056 764 1182 832 fuerint

4 879 5 886 ’
66 871 246 953 interrogati,
273 871 365 954 quod
386 874 466 937 satis
482 872 656 938 manifesta
673 879 720 938 est
737 875 799 939 toti
816 873 935 938 mundo
952 896 1071 956 magna
1088 875 1180 942 devo·

4 993 6 1072 ζ
65 980 109 1062 tia,
130 1000 219 1064 qnam
236 1003 369 1065 semper
394 982 554 1064 gessimus
575 988 608 1046 et
632 985 773 1066 gerimus
790 983 832 1049 ad
849 983 951 1050 Suam
970 983 1181 1050 Maiestatem

66 1109 241 1172 suorumque
268 1109 505 1174 precessorum,
520 1095 655 1173 propter
672 1110 772 1172 quam
789 1112 883 1156 omne
900 1091 1078 1174 servicium,
1093 1091 1181 1176 quod

4 1207 6 1286 3
62 1197 207 1279 potuimus
222 1198 362 1262 honeste
374 1202 489 1262 etcum
505 1197 627 1263 honore
643 1202 767 1277 nostro,
781 1197 917 1264 fecimus
933 1199 1179 1282 precessoribus

63 1304 124 1383 suis,
146 1309 176 1369 et
201 1304 246 1371 sio
274 1305 385 1387 parati
412 1311 581 1369 sumus'et
600 1325 743 1370 essemus
759 1306 793 1371 in
810 1327 888 1372 casu
905 1305 1049 1389 quolibet
1065 1313 1177 1373 nostro

4 1409 6 1502 i
62 1433 140 1496 posse
162 1411 270 1478 iacere
301 1413 407 1478 eidem
432 1410 562 1478 domino
588 1412 681 1498 Regi.
696 1411 821 1483 Verum
837 1413 920 1480 sicut
936 1413 1003 1482 Sua
1020 1412 1178 1479 Maiestas

4 1513 6 1610 i
63 1528 88 1584 et
101 1542 201 1586 omnes
217 1521 304 1586 seire
320 1527 466 1604 possunt,
482 1527 680 1588 mercatores
700 1530 732 1588 et
749 1522 833 1588 cives
849 1527 952 1588 nostri
969 1544 1042 1587 cum
1058 1522 1177 1587 havere

4 1613 6 1706 ζ
63 1627 184 1694 ethonis
199 1630 266 1694 suis
283 1634 463 1695 utunturet
478 1637 551 1695 sunt
566 1631 599 1695 in
616 1629 733 1712 Regno
750 1629 881 1714 Apulie,
898 1632 984 1696 sicut
1000 1637 1033 1694 et
1049 1629 1177 1696 faciunt

62 1739 88 1800 in
102 1736 227 1803 dirersis
244 1737 398 1822 partibus
417 1737 539 1820 mundi,
558 1739 795 1823 propterquod
812 1745 942 1823 oportet
957 1759 1024 1820 nos,
1034 1737 1067 1804 in
1079 1760 1179 1822 quan-

4 1895 6 1950 ;
61 1851 117 1910 tum
139 1863 208 1910 cnm
233 1847 360 1910 honore
385 1849 497 1911 nostro
523 1866 703 1929 possumne,
718 1845 826 1912 vivere
841 1846 875 1910 in
891 1867 972 1930 pace
988 1868 1061 1911 curn
1077 1847 1179 1912 omni-

62 1951 119 2037 bus,
133 1952 307 2019 dummodo
328 1973 393 2018 non
409 1951 541 2019 deficiat
556 1974 616 2036 pro
643 1953 698 2018 eis.
716 1952 812 2020 Vnde
829 1954 997 2033 nescimus,
1013 1952 1177 2038 quomodo

4 2045 8 2116 i
60 2081 119 2125 cum
143 2062 314 2128 honestate
340 2067 374 2127 et
399 2060 520 2144 absque
545 2067 658 2126 nostro
684 2069 935 2145 nostrorumque
955 2067 1176 2126 mercatorum

4 2131 7 2224 i
59 2169 181 2234 evidenti
207 2151 343 2235 sinistro
369 2175 468 2251 atque
500 2165 618 2234 damno
644 2169 866 2234 intromittere
884 2189 943 2234 nos
958 2189 1125 2253 possemus
1140 2170 1174 2234 in

4 2225 8 2364 i
58 2275 132 2342 iacto
155 2277 322 2361 predict0;
338 2275 396 2340 sed
412 2277 445 2340 in
465 2275 611 2360 quolibet
627 2275 691 2341 alio
708 2296 787 2341 casu
805 2275 898 2342 nobis
913 2275 1070 2360 possibili,
1086 2277 1177 2341 novit

4 2365 9 2480 ᾗ
59 2382 144 2466 Deus,
168 2406 279 2450 sumus
304 2390 337 2450 et
364 2404 504 2449 essemus
525 2383 675 2467 dispositi
693 2380 758 2448 Sue
773 2383 947 2450 Maiestati
964 2385 1175 2466 complacere.

4 2491 7 2574 ζ’
59 2489 155 2575 Quare
179 2493 338 2578 predictis
365 2491 580 2557 consideratis
606 2511 665 2556 nos
690 2491 812 2558 habere
828 2495 939 2574 potest
955 2488 987 2553 in
1003 2489 1065 2556 hac
1081 2497 1175 2574 parte

58 2602 160 2666 merito
183 2607 373 2678 excusatos3
399 2599 578 2666 recedendo
604 2598 646 2664 ab
671 2599 736 2664 isto
762 2599 867 2682 primo
884 2621 956 2664 cum
973 2597 1036 2663 biis
1053 2605 1085 2663 et
1101 2597 1174 2664 aliis

4 2695 6 2720 ⁵
57 2708 165 2792 pulcris
189 2711 296 2794 verbis
324 2716 356 2773 et
381 2709 495 2791 modis,
521 2728 583 2792 que
602 2707 766 2774 videbitur
783 2709 839 2774 eis.
855 2705 912 2773 Ad
928 2705 1102 2773 secundum
1119 2727 1175 2772 au·

7 2816 12 2825 '
56 2823 121 2900 tem,
144 2817 183 2883 de
207 2817 296 2884 facto
322 2815 458 2900 pecunie
484 2817 530 2881 sic
556 2815 710 2882 dicimus:
727 2814 816 2898 quod
832 2814 947 2880 habito
966 2820 1115 2899 respectu
1131 2814 1174 2880 ad

4 2933 6 3022 j
57 2947 197 3009 magnum
221 2927 432 3010 avantagium
457 2931 490 2990 et
515 2925 732 3007 securitatem,
758 2923 847 3010 quod
862 2922 1027 3002 habemus,
1043 2922 1174 3006 quando

8 3033 12 3040 ’
58 3032 198 3100 babemus
222 3034 248 3100 J
249 3033 364 3100 adram
390 3039 424 3098 et
442 3033 526 3099 alias
545 3039 731 3098 contractas
746 3032 915 3098 Dalmatio
939 3031 1122 3098 maritimas
1139 3031 1173 3096 in

58 3141 163 3227 quiete,
177 3150 209 3208 et
225 3141 316 3224 quod
331 3141 481 3220 dominus
490 3140 563 3206 Rex
576 3141 748 3224 Hungarie
765 3139 859 3206 nobis
875 3141 972 3207 daret
988 3142 1097 3206 omnia
1114 3162 1173 3206 sua

57 3251 128 3331 iura,
141 3273 198 3318 nos
214 3250 254 3316 de
271 3271 383 3316 eornm
398 3248 558 3315 fidelitate
576 3254 608 3313 et
618 3248 822 3332 providentia
837 3247 1042 3334 confidentes,
1058 3248 1173 3313 damus

58 3356 232 3426 libertatem
247 3360 304 3443 eis,
329 3358 417 3443 quod
433 3358 561 3442 possint
575 3358 764 3442 promittere
780 3358 868 3423 dicto
883 3358 969 3441 Regi
986 3363 1018 3423 et
1033 3357 1115 3440 aliis,
1132 3358 1172 3422 si·

58 3473 104 3531 cut
126 3470 169 3534 eis
193 3469 368 3548 ridebitur,
394 3488 495 3550 usque
519 3466 563 3532 ad
588 3468 804 3550 quantitatem
829 3465 897 3531 XL
920 3464 1025 3531 millia
1041 3465 1172 3530 ducato-

57 3595 120 3638 rum
144 3579 219 3657 anri,
244 3574 391 3642 haberdc
417 3596 437 3640 a
462 3573 550 3639 dicto
577 3573 669 3656 Rege
687 3575 796 3638 omnia
811 3573 892 3653 iura,
909 3593 972 3655 que
987 3574 1057 3655 ipse
1073 3571 1174 3637 habet

4 3721 6 3752 ς
57 3683 86 3746 in
98 3681 182 3751 iacto
197 3686 223 3752 J
224 3684 314 3768 adre,
325 3689 359 3749 et
368 3683 556 3767 recipiendo
573 3682 849 3747 renuntiationem
865 3703 885 3746 a
900 3680 989 3746 dicto
1000 3681 1091 3763 Rege
1108 3701 1173 3744 om·

4 3762 7 3858 d
58 3791 138 3857 nium
150 3795 269 3860 iurium
286 3800 320 3859 et
336 3791 599 3858 iurisdictionum
614 3792 692 3874 eius,
710 3811 749 3855 ac
764 3789 975 3874 promittente
994 3790 1002 3853 i
1006 3807 1064 3871 pso
1079 3786 1172 3870 Rege

4 3893 6 3964 4
57 3919 109 3981 per
133 3922 161 3968 se
184 3909 217 3968 et
242 3923 318 3967 suos
344 3920 548 3966 successores
573 3906 606 3963 et
631 3898 789 3980 subditos,
809 3897 896 3980 quod
911 3897 981 3980 ipse
997 3916 1055 3980 per
1072 3917 1105 3959 se
1121 3895 1173 3980 vel

4 4095 6 4100 Ι
57 4005 148 4074 alium
169 4031 336 4095 nunquam
362 4032 395 4077 se
416 4010 611 4075 intromittet
627 4007 668 4072 de
685 4007 775 4072 dicto
790 4004 876 4072 iacto
892 4004 1006 4071 Jadre.
1025 4005 1070 4069 Et
1086 4004 1173 4070 insu·
1253 4088 1257 4097 Ι

57 4136 111 4198 per
133 4121 166 4204 si,
180 4141 245 4188 non
260 4118 468 4204 impediendo
483 4126 657 4203 propterea
673 4117 708 4180 in
725 4116 835 4199 aliquo
851 4115 918 4180 hou
929 4113 1097 4197 negocium
1114 4115 1138 4180 J
1140 4137 1173 4180 a·

4 4257 6 4292 ;
57 4223 120 4306 dre,
139 4235 344 4296 moverentur
370 4228 433 4296 sibi
457 4225 567 4311 uerba,
592 4232 625 4291 et
649 4226 695 4290 eis
711 4223 874 4288 videretur
890 4220 981 4288 locus
999 4228 1031 4286 et
1045 4227 1173 4306 tempus

57 4337 193 4414 poscendi
219 4339 376 4419 obtinere,
392 4335 480 4419 quod
497 4335 602 4400 dictus
619 4334 691 4398 Rex
708 4330 906 4415 generaliter
922 4329 1126 4396 renuntiaret
1141 4337 1174 4396 et

4 4463 5 4492 1
58 4439 143 4508 nobis
166 4445 261 4510 daret
285 4465 392 4528 perse
410 4447 443 4508 et
459 4464 533 4509 suos
551 4462 751 4509 successores
768 4445 800 4506 et
815 4439 960 4505 subditos
977 4439 1085 4503 omnia
1101 4439 1174 4504 iure

4 4547 6 4606 ἑ
61 4553 93 4612 et
104 4549 331 4634 iurisdiciones,
347 4573 410 4638 que
426 4551 566 4620 haberet
580 4549 615 4618 in
631 4550 782 4618 omnibus
797 4549 894 4616 terris
904 4547 1024 4616 nostris
1040 4547 1174 4614 Dalma-
