3166 5256
386 339 427 398 70
744 338 1164 399 nirnounczmrnunlmnu.

386 514 434 578 ire
450 512 492 579 ad
518 511 699 580 Ciuitatem
725 510 865 596 Spaleti,
896 535 955 579 nec
971 511 1046 576 inde
1062 510 1169 577 redire
1194 533 1265 576 cum
1288 511 1355 578 suis
1371 510 1463 577 rebus
1478 519 1507 578 et

388 622 648 700 mercationibus
674 641 774 702 quam
800 621 833 684 in
865 619 1132 685 derobationibus
1162 619 1294 700 multis,
1320 641 1383 702 que
1408 622 1506 687 omnia

391 729 543 796 videntur
561 729 739 797 ascendere
754 748 907 812 magnam
923 733 955 794 et
971 728 1147 794 maximam
1158 723 1375 810 quantitatem
1385 729 1507 811 pecunie

391 835 602 921 Quapropter
617 857 676 921 pro
697 837 820 902 honore
837 834 933 900 huius
958 835 1114 917 Dominii,
1139 856 1199 919 pro
1217 833 1327 900 favore
1344 842 1376 900 et
1390 857 1507 901 conser-

390 945 519 1011 vatione
543 944 662 1010 iurium
686 950 720 1009 et
747 943 904 1008 bonorum
930 964 1059 1007 suorum
1085 941 1230 1008 fidelium
1247 941 1376 1026 Spalati
1391 942 1507 1008 uidetur

393 1052 488 1117 dictis
514 1051 736 1135 Sapientibus,
762 1049 849 1134 quod
875 1053 1005 1144 omnino
1029 1051 1073 1115 sit
1104 1050 1339 1132 providendum
1367 1049 1508 1114 remediis

393 1159 594 1241 opportunis.
611 1158 708 1227 Vnde
723 1157 928 1223 concorditer
955 1156 1137 1236 consulunt,
1162 1157 1250 1238 quod
1265 1179 1323 1240 per
1338 1157 1434 1222 istam
1453 1155 1508 1220 Do·

394 1265 606 1332 minationem
638 1266 790 1330 mittatur
804 1286 888 1329 unus
904 1265 1066 1331 Notarius
1084 1263 1184 1330 Ourie
1200 1263 1339 1331 Maioris
1356 1265 1397 1330 ad
1413 1263 1508 1330 Coni-

394 1381 459 1438 tem
475 1372 680 1438 Maledinum
696 1371 889 1454 predictum,
904 1370 967 1436 sibi
983 1371 1140 1454 nerando,
1167 1371 1359 1454 exponendo
1376 1377 1408 1436 et
1423 1391 1507 1454 agra-

394 1479 500 1545 uando
515 1500 574 1562 pro
590 1487 683 1562 parte
698 1478 796 1543 huius
811 1477 958 1544 Dominii
974 1475 1101 1558 damna,
1126 1478 1273 1559 iniurias,
1289 1479 1508 1562 occupationes

319 1655 321 1660 ,
396 1586 636 1671 possessionum
652 1591 685 1650 et
700 1585 865 1650 redituum
880 1591 914 1649 et
930 1590 1033 1649 strate
1050 1583 1155 1650 Olisse
1171 1585 1348 1668 predictae,
1367 1607 1428 1671 que
1443 1587 1509 1654 lide-

339 1723 340 1728 *
395 1695 444 1758 les
460 1693 564 1758 nostri
594 1696 789 1774 receperunt
820 1698 853 1756 et
883 1691 1047 1774 recipiunt
1071 1692 1113 1757 cb
1138 1692 1208 1776 ipso
1235 1699 1268 1758 et
1300 1715 1320 1758 e
1351 1713 1411 1759 sua
1426 1701 1509 1777 gente

395 1806 509 1866 contra
524 1799 716 1866 arbitralem
732 1800 932 1864 sentenciam
947 1805 982 1864 et
997 1798 1150 1864 unionem
1166 1799 1350 1883 predictas;
1376 1821 1438 1884 quc
1452 1821 1509 1864 om·

396 1908 451 1972 nia
467 1904 560 1971 nobis
576 1904 750 1988 plurimum
767 1911 801 1970 et
823 1911 962 1970 mentem
979 1903 1136 1988 [nostram
1152 1906 1359 1989 conturbant,
1374 1906 1509 1973 videntes

398 2014 510 2080 fideles
529 2017 659 2078 nostroe
690 2013 736 2079 sic
767 2013 943 2078 enormiter
968 2011 1173 2078 damnificari
1197 2021 1228 2078 et
1259 2011 1378 2080 offendi
1410 2019 1509 2079 contra

400 2121 548 2187 debitum
561 2120 709 2200 rationiS,
725 2125 757 2184 et
772 2119 845 2185 ideo
856 2120 962 2203 ipsum
972 2116 1135 2184 Comitem
1145 2119 1351 2186 Maledinum
1360 2142 1419 2205 pro
1429 2127 1511 2205 parte

400 2233 514 2292 nostra
530 2226 649 2292 debeat
664 2227 824 2292 instanter
849 2223 1014 2309 (hortari),
1040 2227 1127 2308 quod
1151 2227 1256 2310 primo
1276 2234 1308 2291 et
1325 2226 1365 2294 de
1380 2228 1511 2312 presenti

402 2339 508 2400 strata
533 2333 646 2416 Olisse,
670 2354 729 2416 per
753 2354 852 2418 quem
876 2339 989 2417 gentes
1014 2339 1048 2398 et
1071 2337 1268 2400 mercatores
1285 2334 1408 2401 uadunt
1424 2343 1454 2401 et
1470 2357 1512 2399 ve-

401 2443 496 2507 niunt
511 2462 582 2506 cum
599 2441 665 2508 suis
680 2440 776 2506 rebus
792 2447 825 2506 et
839 2440 1098 2521 mercationibus
1114 2439 1233 2506 debeat
1241 2461 1410 2507 remanere
1419 2441 1512 2509 libera

402 2555 435 2614 et
450 2553 576 2632 aperte,
591 2553 625 2612 et
640 2546 729 2631 quod
745 2567 855 2613 omnes
870 2547 994 2630 possint
1009 2545 1058 2611 ire
1074 2553 1106 2611 et
1125 2546 1233 2611 redire
1244 2544 1426 2632 Spalatum,
1441 2548 1511 2614 Tra·

403 2655 531 2740 gurium
547 2654 668 2733 etalio,
684 2675 748 2737 quo
762 2653 923 2720 voluerint
937 2654 1007 2719 sine
1022 2654 1131 2736 aliquo
1146 2653 1391 2738 impedimento,
1400 2662 1437 2721 ut
1450 2675 1512 2720 con-

403 2763 526 2829 tinetur
541 2762 575 2825 in
589 2762 708 2828 unione
723 2767 756 2826 et
770 2781 849 2844 pace
865 2760 1032 2844 predicta3
1048 2767 1082 2827 et
1096 2761 1184 2845 quod
1195 2782 1273 2826 cave
1289 2769 1324 2828 et
1333 2762 1423 2830 fovee
1438 2762 1512 2829 lacte

405 2872 445 2936 de
460 2891 552 2951 novo,
568 2868 783 2952 explerentur
800 2875 832 2932 et
862 2866 1102 2952 adimpleantur
1118 2875 1151 2934 et
1166 2873 1328 2952 aptentur,
1344 2892 1386 2936 ne
1401 2869 1458 2935 ulli
1471 2889 1513 2935 re·

403 2979 529 3061 cipient
542 2976 812 3060 impedimentum
828 2975 970 3060 aliquod,
994 2981 1026 3040 et
1051 2975 1137 3058 quod
1152 2974 1297 3058 plenarie
1323 2975 1515 3044 librarumV

405 3085 492 3150 mille
517 3105 575 3168 per
606 3083 712 3167 ipsum
743 3083 923 3163 exiberetur,
946 3089 985 3148 ut
1008 3083 1159 3166 promisit
1184 3089 1218 3146 et
1232 3089 1372 3150 tenetur.
1388 3083 1438 3150 De
1454 3085 1516 3150 eliis

406 3212 482 3256 vero
499 3192 634 3275 damnis,
650 3191 776 3257 iniuriis
792 3197 824 3255 et
840 3190 1106 3273 occupationibus
1119 3193 1360 3274 possessionum
1377 3200 1410 3258 et
1424 3191 1517 3258 reddi-

407 3303 498 3361 tuum
514 3297 725 3364 debeatidem
735 3295 851 3363 Comes
862 3298 983 3379 eligere
999 3319 1099 3363 unum
1111 3297 1136 3364 J
1137 3296 1264 3364 udicem
1279 3319 1340 3382 pro
1360 3309 1517 3382 partesue

407 3411 437 3468 et
457 3403 574 3471 Comes
590 3414 622 3472 ct
637 3404 817 3472 Commune
834 3405 966 3489 Spalati
981 3406 1080 3490 eliget
1095 3405 1195 3470 alium
1205 3407 1358 3472 Judicem
1368 3411 1518 3491 proparte

408 3535 475 3592 sua,
491 3520 527 3578 ut
543 3520 713 3595 tenentur3
731 3514 787 3598 qui
804 3514 946 3594 videant,
957 3513 1145 3578 examinent
1161 3517 1193 3576 et
1209 3512 1366 3579 definiant
1382 3513 1519 3598 querelas

408 3623 441 3682 ct
457 3623 645 3702 questiones
661 3621 837 3702 predictas,
853 3621 938 3686 sicut
954 3626 989 3685 et
1004 3617 1167 3704 quomodo
1184 3623 1217 3684 et
1233 3640 1305 3683 cum
1322 3642 1361 3685 ea
1371 3622 1519 3692 libertate,

408 3754 470 3816 que
487 3729 671 3796 continetur
686 3729 720 3793 in
736 3728 825 3794 dicta
839 3729 969 3810 unione,
997 3732 1035 3791 ut
1059 3727 1153 3793 umbe
1169 3734 1280 3810 partes
1297 3727 1331 3793 in
1350 3727 1519 3806 dilectione,

406 3839 491 3906 bono
508 3859 619 3906 amore
643 3843 677 3903 et
708 3839 816 3920 quiete
840 3836 971 3902 valeant
994 3836 1101 3900 vivere
1126 3839 1158 3900 et
1173 3855 1374 3918 permanere.
1392 3831 1518 3921 Quodsi

407 3971 465 4031 per
481 3949 588 4031 ipsum
604 3945 670 4027 fiet,
686 3952 723 4010 ut
739 3950 790 4011 est
805 3944 936 4024 iustum,
958 3941 1052 4008 nobis
1069 3942 1207 4007 multum
1223 3942 1386 4024 placebit,
1402 3939 1519 4026 quodsi

407 4077 481 4134 non,
496 4055 587 4139 quod
601 4076 659 4119 nos
676 4073 741 4119 non
767 4050 938 4133 eredimus,
963 4071 1028 4114 non
1052 4047 1250 4114 intendimus
1275 4047 1388 4115 fideles
1404 4055 1520 4115 nostros

408 4164 507 4240 in‘eo,
523 4161 609 4244 quod
625 4161 675 4226 sui
690 4159 772 4225 iuris
788 4164 848 4239 est,
865 4157 976 4242 aliquo
987 4155 1082 4222 modo
1094 4155 1328 4240 derelinquere,
1338 4154 1520 4240 quinprori-

409 4268 544 4334 deamus
554 4269 707 4334 remediis
731 4266 925 4351 opportunis
940 4285 1002 4348 pro
1021 4263 1237 4331 indemnitate
1255 4264 1411 4347 ipsorum,
1426 4281 1521 4328 secun·

410 4376 486 4440 dum
499 4377 586 4458 quod
596 4376 695 4443 luerit
704 4396 858 4440 neccesse.
870 4373 916 4438 Et
926 4375 953 4439 si
965 4370 1080 4438 Comes
1091 4371 1281 4437 Maledinus
1290 4372 1446 4455 predictis
1460 4387 1521 4432 con·

411 4482 594 4550 tentabitur
624 4481 664 4548 de
690 4481 898 4566 adimplendo
925 4485 1055 4546 nostras
1080 4479 1316 4565 requisitiones,
1339 4485 1384 4545 ut
1395 4481 1521 4552 tenetur,
