3108 5246
572 349 676 454 ‘laea

590 655 663 717 383.

62 808 88 874 Α
112 811 265 875 catenara·
290 812 568 900 ltdzta'rsosdguok
585 814 739 899 ciazouya
757 839 778 878 o
795 817 882 880 scarb
898 815 1078 902 kirvtlylaoz,
1098 845 1119 884 a
1137 822 1188 908 bp-

203 920 320 984 aanczi
335 923 532 1002 csdszzirlroz,
548 923 581 986 ds
597 948 618 988 a
634 923 780 988 doszrrioi
795 923 924 989 ddnboz.
943 927 1038 991 1349.

160 1076 265 1146 Anno
280 1076 545 1148 Mcccxmx.
561 1081 614 1148 dic
629 1082 744 1148 ultimo
761 1082 891 1150 Marcii.
909 1082 1071 1172 Capta:
1087 1086 1187 1172 Quod

62 1189 91 1252 in
102 1187 227 1254 nomine
237 1189 306 1254 Dei
316 1209 377 1273 pro
388 1188 617 1256 satisfaccione
633 1196 666 1256 et
682 1191 821 1258 emenda
837 1190 1039 1278 damnorum,
1055 1217 1118 1280 que
1134 1217 1189 1262 no-

1 1315 2 1326 *
63 1296 119 1362 stri
140 1293 257 1362 fideles
283 1301 317 1362 et
342 1295 464 1362 subditi
488 1296 528 1362 de
544 1297 694 1380 Ragusio
710 1303 904 1382 receperunt
920 1307 952 1365 et
967 1299 1189 1368 indesinenter

1 1443 2 1477 f
59 1405 212 1487 recipiunt
236 1405 273 1470 in
297 1403 416 1490 Regno
442 1405 559 1486 Raris,
583 1405 624 1471 de
641 1406 759 1491 quibus
776 1428 887 1474 coram
903 1415 1016 1474 nostro
1032 1409 1188 1477 Dominio

59 1513 197 1594 graviter
211 1519 468 1599 conqueruntur,
478 1515 710 1597 supplicantes,
719 1521 757 1580 ut
771 1537 832 1600 pro
848 1535 960 1582 eorum
976 1518 1188 1585 restitucione

1 1669 2 1693 2
58 1627 88 1686 et
100 1621 346 1688 refformatione
362 1623 543 1688 novitatum
559 1627 593 1689 et
615 1622 930 1708 molestiarumque
946 1625 993 1690 eis
1009 1625 1131 1692 coditio
1145 1629 1189 1694 ir-

57 1735 219 1813 rogantur,
236 1730 451 1816 dignaremur
469 1737 599 1798 nostros
617 1731 798 1816 solempnes
815 1731 1055 1800 Ambaxatores
1072 1735 1114 1802 ad
1131 1736 1187 1802 do·

1 1922 2 1929 ¹
56 1837 169 1902 ninum
183 1841 430 1922 Imperatorem
453 1838 561 1905 Raxie
585 1838 769 1918 destinare;
794 1840 944 1907 mittatur
959 1863 1042 1906 unus
1058 1840 1184 1910 Amba-

1 1977 2 2014 ÷
57 1955 145 2014 rator
159 1948 341 2034 solempnis
368 1948 412 2016 ad
430 1947 569 2014 eundem
584 1948 751 2036 dominum
768 1948 1015 2035 Imperatorem,
1032 1956 1084 2019 cui
1101 1974 1187 2020 com·

57 2055 193 2137 nitatur,
209 2057 301 2140 quod
317 2061 392 2141 post
408 2055 641 2122 salutacionem
664 2058 841 2138 decentem,
857 2059 886 2124 ei
903 2067 1053 2144 exparte
1072 2069 1187 2128 nostra

1 2245 2 2250 ἵ
56 2167 267 2248 pmpoxitam,
283 2170 426 2248 exponat
442 2169 476 2230 et
491 2162 587 2246 dicat,
597 2165 685 2250 quod
700 2187 768 2246 nos,
785 2167 841 2250 qui
857 2166 980 2234 dudum
989 2169 1187 2252 inspeximus

57 2271 173 2339 sincere
198 2272 388 2338 dilectionis
414 2272 649 2357 integritatem,
677 2294 776 2358 opera
800 2274 888 2340 clare
912 2274 989 2341 fidei
1008 2284 1042 2342 et
1057 2297 1189 2370 magne,

58 2379 138 2460 quod
161 2380 351 2446 devocionis
377 2386 412 2446 et
436 2380 658 2448 benivolencia
675 2381 923 2466 firmamentum,
940 2382 1056 2467 quibus
1072 2385 1187 2469 prede-

1 2491 2 2541 ἶ
56 2507 192 2554 msceres
208 2490 282 2554 eius
306 2486 411 2554 incliti
426 2488 537 2572 Reges
553 2488 667 2570 Raxie,
685 2495 719 2554 et
734 2489 979 2573 predecessores
995 2493 1100 2557 nostri
1117 2492 1185 2558 Du-

1 2581 3 2633 l
55 2615 102 2661 cas
116 2596 268 2664 illustres
278 2601 312 2662 et
321 2594 545 2663 communitas
561 2598 852 2665 intervenientibus
868 2599 1089 2672 laudabilibus
1107 2600 1184 2666 hinc

54 2703 123 2771 inde
146 2705 301 2771 caritatis
327 2706 479 2788 operibus
503 2706 696 2788 vigueruut3
713 2728 776 2790 que
793 2707 925 2790 quidem
940 2707 1101 2774 mentibus
1121 2729 1176 2773 no-

1 2803 2 2810 '
55 2815 126 2878 stris
150 2815 264 2894 insita,
290 2834 349 2880 nos
368 2820 547 2899 nostraque
567 2820 639 2879 tota
654 2811 879 2882 Communitas
895 2837 1087 2883 conservare
1103 2837 1178 2901 pro-

1 2909 2 2912 *
55 2923 213 3004 posuimus
232 2943 306 2988 curn
322 2921 390 2988 Sua
406 2921 689 2988 Excellentissima
698 2921 877 2990 Maiestate
887 2929 920 2990 et
931 2945 1069 3010 servare,
1084 2947 1186 3009 quan·

55 3037 118 3096 tum
140 3032 175 3096 in
200 3031 298 3097 nobis
314 3038 373 3112 est,
388 3031 422 3095 in
436 3030 583 3096 futurum
599 3031 820 3115 proponimus.
836 3030 1033 3098 Audivimus
1050 3032 1184 3115 dudum,

55 3144 85 3204 et
107 3140 311 3206 incessanter
336 3139 486 3205 audimus
502 3159 617 3222 graves
644 3138 794 3222 querelas
819 3145 854 3206 et
877 3139 1097 3206 lacrimabiles
1121 3163 1177 3210 no·

1 3303 2 3313 ,
56 3252 192 3314 atrorum
218 3247 426 3316 subditorum
451 3246 492 3313 de
507 3247 660 3331 Ragonio
676 3253 710 3312 et
724 3245 868 3313 fidelium
885 3246 1181 3335 dilectissimorum,

54 3353 241 3437 dicencium,
264 3356 300 3421 in
324 3355 470 3440 Imperio
496 3377 553 3422 suo
578 3377 637 3439 per
654 3353 822 3424 Officiales
838 3377 895 3422 sue
912 3355 1034 3424 Sancte
1051 3355 1180 3424 Corone

1 3467 2 3502 ³
55 3481 114 3527 non
129 3483 205 3544 una,
222 3461 429 3529 seddiversis
444 3463 663 3548 gravitatibus
673 3469 706 3529 et
714 3465 870 3530 molestiis
880 3466 1028 3547 tractari,
1040 3473 1073 3531 ct
1088 3488 1184 3550 prop-

55 3575 194 3638 teresse
211 3572 255 3638 ad
272 3572 415 3658 dampna
431 3572 545 3654 gravia
561 3578 594 3637 et
616 3572 759 3640 iacturas
782 3571 999 3639 intolerabilis
1024 3595 1091 3640 esse
1108 3595 1182 3658 pro·

1 3683 2 3689 ’
56 3677 168 3764 lapsos,
194 3679 317 3746 damna
341 3701 471 3765 quoque
496 3680 654 3764 dampnis,
670 3682 833 3747 novitates
848 3681 1057 3764 novitatibus,
1073 3689 1106 3748 et
1121 3703 1182 3767 gra

1 3872 2 3875 Ἴ
57 3787 169 3853 vitatas
195 3788 415 3872 gravitatibus
446 3791 634 3855 continuate
659 3795 692 3855 et
715 3787 936 3854 indesinenter
965 3788 1086 3872 augeri.
1113 3787 1185 3873 Qus

58 3893 182 3974 quidem
209 3896 380 3975 novitates,
406 3896 584 3978 gravitates
607 3901 640 3962 et
657 3895 810 3979 dampna,
826 3895 873 3961 eis
889 3895 1121 3979 importabilia,
1136 3900 1185 3982 ip-

57 4019 106 4066 sos
127 4005 316 4088 astringunt
331 4006 372 4071 de
386 4005 505 4090 Regno
530 4005 689 4091 recedere,
706 4012 740 4073 et
755 4006 790 4071 in
805 4005 875 4089 ipso
893 4025 983 4070 more
1000 4005 1098 4072 solito
1115 4029 1181 4073 non

58 4111 225 4178 morchari.
250 4112 320 4178 Pro
345 4117 439 4181 tanto
463 4113 566 4195 igitur
589 4135 656 4197 nos,
683 4115 739 4198 qui
756 4116 791 4179 in
807 4113 917 4180 auimo
942 4133 1068 4198 semper
1084 4116 1183 4184 habe·

1 4283 6 4291 ,
59 4235 124 4284 snus
148 4219 370 4287 sinceritatem
393 4227 428 4286 et
442 4221 549 4303 fidem,
564 4221 750 4306 bonumque
766 4221 857 4306 pacis
875 4228 909 4287 et
925 4222 1097 4288 concordie
1113 4245 1185 4291 cum

60 4321 123 4390 Sua
138 4325 243 4396 Sacra
256 4327 436 4396 Maiestate
445 4337 557 4398 nostre
572 4331 691 4398 mentis
707 4330 877 4398 affectibus
894 4351 1097 4415 conservare,
1112 4355 1186 4417 pro-

61 4432 192 4503 vidimus
208 4436 346 4504 eundem
357 4437 618 4506 Ambaxatorem
634 4447 782 4506 nostrum
792 4439 835 4506 ad
847 4437 949 4506 Suam
965 4435 1184 4508 serenitatem

63 4537 282 4614 clarissimam
300 4544 476 4631 destinare,
487 4570 584 4636 quam
601 4551 746 4618 volumus
764 4554 916 4636 exparte
933 4555 1045 4616 nostra
1061 4550 1185 4617 instan-
