3166 5256
573 726 645 788 112.

1 947 2 998 3
67 899 91 964 sl
110 902 269 984 jodroiok
295 901 453 967 leooereker
478 903 638 969 irrideret·
664 895 693 968 I.
720 904 820 989 Lcjoa
841 925 982 989 corippus
1000 905 1180 988 kirrilpboz.

570 1014 665 1076 1345.

161 1183 255 1252 Anno
281 1183 527 1254 MOOOXLV.
543 1187 595 1254 die
611 1187 652 1257 V.
668 1187 869 1271 Decembris,
885 1191 1063 1258 indictione
1080 1189 1177 1260 XIV.

65 1293 117 1359 Ca
127 1301 213 1376 pta:
229 1291 328 1378 Quod
345 1295 505 1361 scribatur
523 1294 706 1381 Capitanco
722 1297 831 1362 Maris
842 1301 876 1362 et
885 1295 999 1380 Terre,
1009 1305 1043 1364 et
1053 1295 1179 1365 Guber-

67 1405 221 1472 natoribns
237 1406 270 1470 in
296 1406 360 1472 bac
375 1405 498 1472 forma:
515 1407 575 1473 stb.

158 1513 368 1579 inteleximus
393 1513 478 1578 inter
506 1514 581 1596 alia,
606 1513 693 1599 quod
718 1513 824 1598 pridie
852 1513 1043 1582 Lhomines
1069 1514 1109 1580 de
1125 1517 1186 1583 Ja-

1 1673 2 1694 2
69 1619 120 1686 dra
141 1622 296 1700 exierunt,
323 1627 355 1686 et
380 1623 508 1687 iverunt
524 1643 625 1707 usque
643 1644 739 1707 super
754 1629 886 1707 pontem
902 1622 1007 1704 Nono,
1024 1631 1057 1689 et
1074 1625 1184 1690 abstu-

1 1713 2 1772 ]
68 1728 270 1798 lemntLXV
282 1729 437 1794 animalia
454 1749 569 1812 grossa
589 1739 775 1796 nostrorum
792 1730 935 1798 fidelium
951 1733 1099 1813 Ncne,et
1114 1732 1186 1815 ipsa

1 1856 2 1930 ξ
70 1839 99 1900 in
119 1836 255 1902 Jodram
275 1837 516 1919 conduxerunt;
532 1838 619 1924 quod
636 1860 695 1904 nos
711 1840 823 1906 turbat
839 1846 872 1906 et
887 1847 1013 1924 gravat,
1029 1839 1113 1905 sicut
1129 1861 1184 1924 po-

68 1950 133 2027 test,
159 1945 299 2010 maxime
332 1947 408 2028 quia
435 1967 543 2011 sumus
575 1952 608 2010 et
634 1967 703 2014 esse
723 1947 876 2013 debemus
895 1949 929 2012 in
945 1953 1022 2012 actu
1038 1945 1186 2012 damnifi-

1 2043 2 2072 ⁴
66 2052 150 2118 randi
165 2053 305 2120 rebelles
329 2060 362 2118 et
392 2052 539 2119 inimicos
556 2059 695 2139 nostros,
710 2059 743 2120 et
759 2057 821 2138 ipsi
838 2076 855 2120 e
872 2062 986 2122 contra
1002 2053 1184 2138 depredant

67 2166 181 2228 nostros
205 2161 329 2242 fideleS,
355 2161 440 2244 quod
465 2167 577 2245 preter
603 2161 755 2228 damnum
776 2162 939 2230 redundat
959 2163 991 2228 in
1007 2163 1112 2228 minus
1129 2163 1185 2227 bo·

65 2270 142 2335 noris
163 2271 267 2336 nostri
292 2269 440 2336 Dominii
459 2278 558 2354 atque
576 2273 682 2336 vestri.
700 2271 854 2338 Pervenit
869 2274 967 2338 ctiam
983 2272 1026 2338 ad
1043 2277 1186 2338 nostram

8 2457 12 2467 1
64 2379 215 2459 noticiam,
240 2380 328 2463 quod
354 2377 459 2444 Cerne
484 2376 527 2445 'de
543 2379 718 2464 Fanfogna
733 2388 766 2446 et
781 2379 937 2447 Nicolaus
957 2378 1106 2448 Galletto
1123 2381 1188 2446 exi·

2 2479 3 2482 ’
66 2491 168 2552 rerunt
185 2486 223 2552 de
233 2483 349 2566 Jadra,
368 2492 481 2551 euntes
500 2482 785 2552 inAmbaxatores
802 2483 828 2550 J
828 2485 906 2551 adre
922 2487 955 2551 in
971 2485 1187 2571 Hungariam.

6 4697 13 4824 l

6 4841 17 5119 l

64 2592 108 2660 De
121 2615 184 2678 quo
208 2595 366 2660 miramur
391 2594 586 2678 specialiter,
611 2594 775 2678 quomodo
791 2593 878 2659 exire
904 2600 1089 2678 potuerunt,
1106 2595 1185 2678 quin

64 2703 205 2768 caderent
219 2703 253 2767 in
263 2701 413 2769 monibus
429 2701 598 2769 custodum
613 2709 808 2784 nostrorum,
824 2706 883 2766 aut
899 2703 1017 2768 saltem
1035 2721 1100 2768 non
1117 2725 1186 2768 sen-

64 2812 159 2876 tiretis
184 2811 223 2877 de
246 2832 377 2878 recessu
403 2831 514 2876 eorum
528 2836 535 2892 3
551 2832 609 2895 per
636 2831 697 2894 que
717 2811 782 2876 dici
799 2816 918 2895 potest,
934 2810 1024 2896 quod
1038 2812 1071 2876 in
1087 2811 1184 2876 factis

5 2958 6 2963 κ
64 2923 171 2984 nostris
187 2940 248 2986 non
265 2919 442 2986 adhibetur
457 2920 516 2985 illa
532 2918 680 2985 custodia
696 2924 730 2985 et
745 2919 925 3004 diligentia,
943 2940 1005 3004 que
1030 2917 1115 2985 foret
1131 2942 1186 2984 ex-

64 3027 191 3108 pediens.
206 3029 437 3094 Mandarimus
452 3029 551 3094 etiam
562 3028 654 3094 vobio
665 3049 723 3112 per
740 3029 870 3093 litteras
896 3028 1083 3112 replicatae,
1094 3029 1183 3113 quod

66 3155 125 3200 com
148 3143 284 3221 propter
308 3155 469 3201 recessum
487 3135 724 3218 Hungarorum
748 3135 905 3202 habemus
924 3143 1052 3220 tempus
1069 3159 1183 3222 accep·

68 3243 154 3310 labile
181 3251 280 3328 atque
305 3243 426 3310 bonum
450 3243 493 3310 ad
512 3241 698 3309 laciendum
714 3243 804 3310 facta
819 3250 941 3324 nostra,
958 3243 1103 3309 debeatis
1120 3252 1184 3310 sta·

68 3352 116 3416 tim
138 3353 245 3420 facere
264 3353 338 3420 fieri
358 3353 457 3419 aliam
473 3350 638 3432 bastitam,
655 3357 688 3416 et
704 3353 889 3417 examinare
907 3372 1035 3418 omnem
1050 3353 1136 3418 viam
1152 3359 1185 3420 et

68 3461 193 3542 nodum,
221 3461 310 3545 quod
327 3460 418 3526 robis
437 3459 601 3525 videretur
616 3479 678 3543 pro
694 3459 844 3525 habendo
862 3461 1027 3526 civitatem
1044 3466 1111 3525 tam
1127 3482 1186 3544 per

67 3573 175 3636 terram
201 3591 300 3653 quam
325 3591 384 3653 per
408 3587 499 3634 mare
524 3575 596 3648 etc,
621 3567 661 3632 de
679 3566 797 3651 quibus
814 3568 922 3634 adhuc
937 3567 1038 3634 nichil
1054 3567 1186 3634 fecistis.

68 3676 104 3741 m
118 3699 189 3744 rere
205 3679 354 3764 predicta
371 3677 489 3760 omnia,
505 3682 538 3742 et
549 3676 663 3743 modus
680 3678 842 3760 quomodo
858 3678 976 3745 tenetis
992 3679 1025 3742 in
1041 3699 1105 3743 non
1122 3683 1186 3761 sig-

67 3783 213 3853 nificando
239 3787 333 3854 nobis
359 3787 478 3870 sepius,
495 3805 697 3868 quecumque
714 3783 823 3851 facitis
840 3791 872 3850 et
888 3793 1074 3868 occurrunt,
1090 3786 1185 3851 nobis

68 3893 235 3980 displicent,
261 3895 347 3959 siout
371 3899 516 3977 possunt,
543 3899 576 3957 et
592 3893 787 3976 gravitatem
804 3899 838 3958 et
855 3893 1104 3959 admirationem
1121 3915 1185 3958 non

68 4003 214 4068 modicam
239 4000 385 4068 inierunt
410 4001 674 4066 animisnostris.
695 3999 922 4065 intelleximus
938 4001 1080 4083 insuper,
1097 4001 1185 4083 quod

68 4109 95 4173 in
117 4111 250 4178 adventu
278 4111 402 4177 domini
425 4109 591 4193 Delphyni
616 4108 738 4174 fecistis
756 4115 927 4193 treuguam
955 4129 1027 4177 cum
1043 4109 1180 4174 inimicis

68 4219 174 4284 nostris
199 4241 257 4306 per
282 4241 382 4287 unam
407 4219 503 4299 diem,
522 4239 588 4302 qua
604 4215 656 4283 die
675 4217 769 4284 multi
786 4218 826 4283 de
843 4214 869 4281 J
870 4215 952 4282 adra
968 4219 1136 4282 exiverunt
1151 4225 1184 4282 et

69 4329 278 4395 veneruntad
304 4334 450 4394 nostrum
475 4325 662 4406 exercitum,
688 4330 720 4390 et
745 4326 785 4391 de
810 4324 933 4392 nostris
958 4323 1124 4389 intrarunt
1148 4325 1182 4389 in

70 4431 203 4517 dadram,
228 4443 260 4503 et
277 4437 365 4524 quod
381 4435 492 4501 nuncii
508 4434 631 4501 domini
647 4433 813 4517 Delphyni
829 4434 1036 4498 intraverunt
1051 4431 1085 4496 in
1101 4430 1182 4497 Jad-

70 4561 139 4625 ram,
153 4549 341 4626 ctros'tres,
359 4541 559 4629 capitaneus
575 4551 609 4610 ot
625 4540 872 4612 Gubernatores
889 4541 999 4620 Terre,
1017 4539 1181 4608 dimitten-
