3220 5248
420 335 483 396 526
769 349 1003 398 nmnoulcmar
1019 335 1188 398 annexus.

417 513 471 577 nio
488 509 685 578 Sendecensi
701 509 947 596 proficiscentes,
964 512 1071 578 nullas
1089 512 1168 598 vias¹
1181 518 1355 580 extraneas
1372 511 1423 577 vel
1439 512 1539 578 incon·

418 625 526 686 suetas
552 641 624 685 oum
651 622 717 685 suis
743 620 904 687 mercibus
930 642 1040 687 versus
1065 619 1245 705 Prussiam‚
1262 620 1447 703 Poloniam,
1463 619 1541 704 Syle-

418 729 510 810 siam,
529 726 699 793 Boemiam
724 727 777 792 vel
800 727 994 812 Morariem,
1009 728 1072 793 nisi
1091 749 1149 812 per
1165 731 1269 812 ipsam
1287 729 1456 795 ciuitatem
1471 723 1542 794 Orn-
1603 779 1605 834 2

418 838 602 902 comensem
628 835 768 901 transire
788 833 936 918 debeant,
953 834 1140 902 occassione
1156 835 1223 900 ulla
1238 858 1305 902 non
1320 837 1473 903 obstante
1488 837 1541 902 stlr.
1600 835 1605 922 Ξ

417 945 541 1010 Datum
566 943 628 1009 stb.
655 941 816 1009 Oreconie
841 943 876 1007 in
901 943 1045 1010 crastino
1074 941 1187 1009 Sancti
1214 941 1347 1010 Nicolai
1373 967 1459 1011 anno
1484 945 1541 1010 stb.
1600 935 1605 1054 l

417 1050 598 1118 Millesimo
615 1047 712 1116 OOC.
730 1052 999 1136 quinquagesimo
1017 1056 1135 1118 octauo
1152 1052 1213 1118 stb.
1603 1063 1605 1068 ’

616 1196 738 1258 (Eredeti
753 1196 927 1262 borhtrtytn
940 1197 1035 1249 Krako
1048 1198 1131 1249 utros
1145 1197 1362 1260 lertlttrrtban.)

947 1455 1041 1549 aas(
1376 1461 1381 1468 '
1603 1467 1605 1530 ¹

415 1647 541 1736 Ka'roly
580 1648 612 1712 ds
650 1645 754 1712 Jonas
795 1643 951 1724 franezia
987 1645 1117 1732 kirdlyi
1156 1647 1387 1735 lierezepeknek
1430 1647 1542 1713 lodoetei
1603 1657 1605 1678 ⁴

674 1753 702 1818 1.
719 1753 820 1841 Lojos
834 1776 972 1842 mopyar
988 1754 1171 1843 kirdlynetl.
1193 1755 1286 1821 1359.

524 1915 736 1981 Innocentius
761 1913 944 1998 Episcopus
970 1919 1030 1980 etc.
1055 1916 1226 1982 carissimo
1251 1916 1285 1981 in
1312 1914 1444 1982 Christo
1479 1912 1540 1978 filio
1603 1929 1605 1984 ἔ

417 2022 582 2089 liudovico
617 2023 702 2106 Regi
735 2021 885 2104 Vngarie
910 2021 1034 2088 illustri
1059 2023 1198 2089 salntem
1224 2030 1285 2089 ete.
1317 2022 1402 2090 Cum
1436 2022 1540 2088 dilecti
1604 2073 1605 2076 η

416 2129 475 2195 filii
500 2129 633 2220 nobiles·
651 2129 715 2195 viri
739 2128 887 2204 Karalus
916 2130 993 2196 Dux
1018 2127 1219 2196 Normannie
1243 2131 1488 2216 primogenitus,
1510 2137 1540 2194 et
1603 2145 1605 2208 ζ

416 2236 587 2303 lohannes
615 2235 734 2303 Comes
750 2236 967 2306 Piotauiensis
984 2243 1080 2304 natus
1097 2239 1256 2305 carissimi
1273 2239 1306 2304 in
1333 2235 1464 2304 Christo
1488 2236 1541 2302 filii
1603 2291 1605 2330 Ξ

416 2347 521 2410 nostri
551 2343 574 2410 J
578 2346 714 2410 ohannis
746 2344 848 2428 Regis
879 2345 1083 2411 Francorum
1114 2344 1261 2428 illustris
1293 2346 1431 2412 dilectos
1463 2345 1540 2411 filios

416 2453 551 2518 Petrum
577 2452 721 2537 Begonis
741 2451 1022 2520 Archidiaconum
1039 2453 1079 2520 de
1096 2451 1192 2518 Aura
1207 2455 1241 2519 in
1256 2453 1408 2519 Ecclesia
1424 2450 1540 2518 Come

418 2582 544 2642 narum,
569 2566 602 2626 et
616 2559 757 2626 nobilem
773 2560 879 2626 virum
896 2559 1100 2644 Stephanum
1117 2558 1158 2626 de
1174 2561 1289 2644 Fayno
1306 2561 1451 2645 militem,
1465 2561 1540 2625 lato

416 2689 468 2736 res
494 2669 707 2753 presencium,
732 2665 875 2735 Nuntios
902 2690 989 2734 suos¹
1002 2691 1061 2755 pro
1079 2669 1178 2736 certis
1194 2669 1344 2754 negotiis,
1360 2669 1444 2734 sieut
1460 2687 1539 2734 ecoe·
1603 2713 1605 2758 ἵ

414 2779 530 2862 pimus,
555 2798 615 2861 per
639 2798 693 2842 eos
718 2778 899 2854 ministerio
924 2778 994 2844 vine
1019 2778 1106 2844 vocis
1127 2777 1197 2844 Tua
1223 2777 1420 2845 Celsitudini
1445 2797 1537 2862 expo·
1603 2763 1605 2820 Ῑ

414 2884 530 2950 nendis
561 2885 604 2951 ad
635 2885 833 2969 presentiam
873 2892 963 2951 tuam
1003 2885 1161 2952 mittant:
1203 2884 1274 2951 Nos
1315 2887 1536 2964 attendentes,
1602 2845 1605 2966 l

415 3000 573 3077 quantum
588 2995 672 3060 inter
688 3002 722 3061 te
738 3003 770 3060 ot
785 2995 868 3080 illos,
880 2995 936 3078 qui
952 2994 1065 3062 eodem
1080 2996 1231 3079 generosi
1246 2995 1415 3080 sanguinis
1431 2997 1539 3080 stipite
1603 2967 1605 3012 Ξ

414 3103 628 3187 processistis,
653 3126 724 3170 esse
740 3104 859 3172 debeat
875 3103 1037 3170 vinculum
1053 3104 1211 3186 cantaria,
1227 3111 1260 3170 et
1277 3126 1376 3189 quam
1392 3103 1540 3190 specialis
1603 3149 1605 3184 Ξ

415 3212 599 3278 dilectionis
620 3211 774 3292 affectus;
791 3210 1007 3278 serenitatem
1025 3213 1129 3280 Tuam
1144 3234 1297 3296 rogamus
1314 3219 1451 3294 attente,
1468 3233 1541 3295 qun·
1603 3197 1605 3292 Ξ

414 3325 509 3384 tenus
535 3317 679 3384 Nuntios
703 3318 850 3410 prelatos
876 3320 1016 3403 benigne
1045 3322 1233 3407 suscipiens,
1259 3341 1313 3387 eos
1338 3341 1438 3405 super
1471 3320 1542 3400 hiis,
1603 3309 1605 3386 l

415 3448 478 3512 que
502 3427 563 3492 tibi
589 3428 780 3512 exponenda
805 3427 963 3512 duxerint,
989 3434 1087 3512 prout
1112 3431 1229 3495 honori
1253 3435 1310 3495 tuo
1336 3429 1489 3495 conuenit
1509 3434 1540 3491 et

413 3536 652 3603 Excellentiam
678 3537 784 3603 Tuam
810 3537 912 3617 decet,
938 3538 1018 3604 velis
1043 3539 1083 3605 de
1108 3539 1207 3605 solita
1232 3538 1454 3606 munificentie
1487 3545 1538 3602 tue
1603 3551 1605 3554 ·

413 3644 615 3727 plenitudine
642 3645 818 3711 admittens
849 3646 1017 3713 remittere
1044 3654 1112 3712 tam
1130 3647 1280 3714 celeriter
1298 3669 1398 3730 quam
1416 3649 1538 3713 larom-

414 3751 526 3818 biliter
553 3754 733 3837 expeditos.
768 3755 892 3820 Datum
920 3753 1086 3820 Ariniono
1111 3754 1201 3820 XII.
1235 3755 1398 3821 kalendas
1430 3753 1539 3821 llartii
1604 3743 1605 3750 Ξ

414 3860 629 3927 Pontificatus
646 3863 749 3927 nostri
765 3883 851 3928 anno
868 3865 1015 3948 septimo.

765 4009 823 4070 (VI.
836 4009 917 4057 Incze
927 4008 999 4071 ptpa
1018 4006 1206 4072 regesttibdl.)
