3108 5246
388 346 451 410 332
674 401 679 418 ,
736 359 970 408 oreuourczmr
986 349 1153 408 enarrer.

388 523 576 607 Principem
601 530 652 588 est
676 521 847 608 providere
870 522 1031 606 fidelibus,
1047 529 1080 589 ct
1094 525 1123 588 si
1139 524 1245 606 gratie
1259 523 1425 607 plenitudo
1439 543 1500 585 sue·

386 629 472 712 deat,
488 631 716 713 obsequiorum
741 629 979 716 quodammodo
1004 629 1172 714 gratitudo
1198 630 1375 714 compellit
1395 629 1501 695 Acten·

387 738 501 804 dentes
531 739 632 822 igitur
663 738 886 804 sinceritasem
913 738 1094 804 deuotionis
1125 745 1159 802 et
1183 737 1259 804 fidei
1277 756 1501 822 operosamque

387 847 607 913 constantiam
623 847 688 912 isto
705 847 877 930 presertim
886 848 1020 912 turbato
1036 851 1181 930 tempore
1191 851 1344 930 patenter
1354 852 1502 911 ostensam

386 953 528 1021 Corradi
555 955 683 1038 Coponi
709 954 749 1019 de
773 954 885 1052 Rocca
909 953 1030 1020 Cilenti
1055 953 1171 1019 militis
1198 951 1304 1019 fidelis
1330 954 1441 1036 nostri,
1453 973 1503 1018 nec

387 1065 494 1130 minus
528 1063 735 1130 advertentes
770 1071 867 1147 grata
897 1063 1031 1129 servitia
1057 1083 1117 1146 per
1143 1084 1215 1128 eum
1242 1063 1336 1128 nobis
1362 1062 1421 1128 snb
1444 1061 1502 1125 siro
1552 1129 1553 1134 ,

386 1171 488 1238 nobili
503 1171 647 1255 Rogerio
664 1170 704 1236 de
722 1169 843 1237 Sancto
861 1169 1017 1238 Severino
1035 1170 1197 1236 Trioarici
1214 1168 1344 1236 Gemite
1360 1167 1503 1236 Generali
1552 1221 1553 1224 ι

387 1279 568 1364 Oapitaneo
584 1277 737 1346 Calabris
751 1285 908 1363 prompta
923 1278 1130 1345 solicitudine
1145 1280 1287 1362 prestita
1311 1285 1428 1344 contra
1442 1274 1503 1341 bos·

386 1395 447 1470 ter,
462 1389 496 1453 in
512 1388 630 1471 quibus
646 1386 790 1470 dampna
806 1387 898 1452 uaria
913 1407 1022 1452 rerum
1039 1407 1182 1470 suarum,
1191 1385 1394 1451 diructiones
1409 1381 1503 1449 domo·

386 1517 467 1576 rum,
478 1501 512 1561 et
521 1496 730 1562 incommoda
739 1495 882 1580 plurima
892 1494 1084 1560 notabiliter
1093 1501 1143 1560 est
1152 1513 1335 1578 perpessus,
1347 1481 1381 1558 et
1395 1491 1437 1558 ad
1452 1511 1504 1576 que

387 1604 569 1688 prestanda
586 1625 621 1670 se
637 1622 766 1688 semper
783 1602 913 1668 exhibet
928 1603 1173 1688 promptiorem,
1189 1601 1273 1667 sicut
1297 1600 1433 1666 oracula
1446 1598 1504 1682 pln-

386 1713 473 1778 rium
496 1711 663 1778 laudanda
687 1716 836 1792 testatur,
862 1710 1037 1794 exquibus
1061 1710 1194 1776 maioris
1209 1709 1361 1794 beneficij
1378 1708 1504 1792 gratim

385 1825 606 1903 promeretur:
623 1821 657 1884 in
683 1818 860 1902 aliqualem
899 1817 1268 1902 recompensatationem
1301 1815 1504 1898 dampnorum

386 1927 571 1992 huiusmodi
595 1931 629 1991 et
660 1946 886 2010 expensarum,
918 1946 1000 2009 quas
1025 1945 1087 2010 pro
1113 1925 1192 2009 ipsis
1217 1924 1339 1990 nostris
1356 1921 1505 2007 obsequiis

387 2035 589 2119 dignoscitur
605 2034 758 2118 subijsse,
773 2033 860 2100 bona
875 2034 985 2098 emnia
1000 2033 1135 2100 stabilia
1151 2039 1183 2098 et
1197 2033 1433 2116 burgensatica
1447 2029 1504 2094 siue

387 2142 545 2221 feudalia,
561 2164 624 2226 que
640 2141 784 2208 babebat
799 2141 833 2205 in
848 2146 938 2206 terra
955 2139 1031 2226 Stilj
1049 2147 1082 2206 et
1105 2143 1248 2226 partium
1273 2141 1344 2206 eius
1370 2135 1505 2205 Frederi·

387 2271 444 2316 cus
461 2247 594 2316 Guerra
609 2249 649 2314 de
666 2246 802 2314 Giracio
818 2247 921 2330 mileS,
937 2247 1087 2331 proditor
1103 2269 1158 2313 seu
1183 2247 1317 2315 rebellis
1332 2247 1503 2314 Maiestatis

385 2357 519 2440 Nostre,
536 2374 676 2440 quorum
702 2355 795 2420 valor
822 2375 948 2420 annuus
974 2376 1134 2420 summam
1158 2357 1329 2420 unciarum
1353 2353 1425 2418 auri
1440 2352 1503 2417 duo·

386 2465 490 2531 decim
507 2462 671 2548 generalis
687 2461 840 2546 ponderis
857 2464 1079 2546 communiter,
1093 2469 1131 2528 ut
1146 2463 1291 2546 ponitur,
1309 2483 1377 2528 non
1396 2467 1503 2528 casm

388 2574 446 2654 dit,
462 2572 504 2638 ad
520 2592 634 2637 manus
649 2577 757 2636 nostre
775 2569 874 2636 Curie
891 2593 931 2636 ex
946 2591 1048 2636 causa
1063 2571 1231 2655 premissa,
1255 2576 1294 2637 ut
1309 2569 1426 2650 fertur,
1439 2569 1503 2650 legi-

385 2685 462 2748 time
494 2679 654 2760 devoluta,
686 2701 744 2744 seu
771 2677 1036 2764 quamprimum
1062 2677 1503 2764 peripsiusFredericicon·

389 2787 672 2871 dempnationem,·
685 2788 737 2852 vel
769 2787 865 2852 aliter
893 2808 931 2851 ex
948 2807 1143 2870 quacunque
1167 2787 1256 2852 iusta
1272 2807 1374 2853 causa
1390 2785 1503 2852 derolri

385 2897 552 2979 contingat
568 2894 611 2960 ad
626 2896 729 2978 ipsius
746 2899 857 2960 nostre
873 2893 972 2960 Ourie
996 2916 1122 2976 manus,
1147 2916 1220 2959 cum
1235 2895 1432 2978 bominibus,
1446 2915 1502 2962 ras-

386 3003 487 3084 sallis,
504 3003 532 3066 si
549 3002 605 3086 qui
621 3008 705 3084 sunt,
721 3002 839 3085 alijsuc
855 3001 990 3085 iuribus,
1006 3001 1200 3082 redditibus,
1215 3003 1388 3086 fructibus,
1403 3004 1503 3069 obren-

384 3111 539 3191 tionibus,
554 3117 587 3176 et
602 3108 809 3193 pertinentijs
826 3109 977 3176 omnibus
993 3108 1178 3184 eorundem,
1193 3109 1300 3175 eidem
1312 3109 1457 3178 Oorrado
1471 3131 1502 3175 ac

383 3220 451 3283 eius
475 3216 647 3283 heredibus
672 3217 842 3300 utriusque
868 3237 963 3282 sexus
989 3237 1028 3281 ex
1044 3238 1102 3282 suo
1118 3237 1258 3302 corpore
1282 3220 1426 3304 legitime
1442 3219 1501 3284 des·
1551 3298 1554 3299 ἢ

384 3323 604 3406 condentibus,
629 3326 716 3390 natis
732 3325 798 3388 iam
818 3329 853 3388 et
868 3325 1001 3390 inantea
1017 3326 1202 3413 nascituris,
1218 3328 1445 3412 inperpetuum
1458 3347 1501 3391 er·

384 3455 470 3500 nune
485 3438 523 3497 ut
538 3439 658 3498 extunc
675 3431 798 3516 damus,
815 3431 973 3498 donamus
989 3439 1022 3498 et
1054 3432 1225 3517 tradimus,
1242 3443 1275 3502 et
1291 3457 1331 3502 ex
1347 3458 1444 3502 causa
1457 3433 1502 3498 do·

384 3541 526 3606 nationis
541 3541 666 3624 proprij
676 3545 786 3605 motus
802 3540 959 3605 instinctu
975 3538 1015 3604 de
1025 3561 1112 3605 nouo
1123 3543 1330 3610 concedimus
1340 3546 1375 3610 in
1385 3543 1502 3610 lendum

382 3648 501 3730 nobile,
526 3653 559 3712 et
582 3669 683 3731 vsque
707 3648 750 3712 ad
775 3647 923 3714 valorem
938 3647 1113 3713 dumtaxat
1129 3670 1272 3717 annuum
1288 3652 1497 3736 predictarum

384 3757 551 3822 vnoiaram
567 3757 642 3821 auri
658 3755 830 3822 duodecim
847 3756 1001 3840 ponderis
1026 3757 1199 3842 generalis,
1230 3760 1333 3826 veluti
1357 3783 1416 3846 per
1445 3777 1501 3840 spe·

384 3863 498 3929 cialom
514 3863 756 3947 inquisitionem
771 3863 956 3930 faciendum
966 3863 1081 3930 exinde
1092 3865 1178 3932 bona
1187 3867 1261 3950 ipsa
1276 3867 1399 3934 fuerint
1408 3867 1501 3932 valere

383 3977 549 4057 comperta
565 3978 626 4038 eto.
643 3980 704 4037 eto.
720 3973 762 4037 In
778 3975 869 4039 ouius
884 3974 933 4039 rei
948 3971 1047 4038 fidem
1056 3981 1315 4059 perpetuamque
1326 3977 1501 4042 memoriam

383 4102 516 4164 presens
532 4081 739 4164 privilegium
756 4081 871 4146 exinde
886 4081 966 4163 fieri,
983 4089 1017 4148 et
1032 4082 1251 4164 pendentibus
1263 4085 1378 4168 sigillis
1394 4083 1502 4150 Nostro

383 4187 569 4253 Maiestatis
593 4189 750 4273 jussimus
775 4189 979 4274 eommunirj.
1003 4191 1131 4255 Datum
1155 4187 1315 4274 Neapolis
1330 4199 1391 4260 etc
1415 4189 1501 4256 Auno

381 4294 515 4359 Domini
540 4295 735 4361 millensimo
761 4298 980 4364 tricentesimo
1006 4299 1253 4382 quatragesimo
1279 4321 1364 4366 nono
1390 4300 1442 4365 die
1464 4295 1500 4361 X.

383 4400 558 4485 Februarij
586 4402 725 4468 secunde
751 4404 955 4486 indictionis;
972 4404 1166 4488 Regnorum
1181 4408 1287 4472 nostri
1312 4407 1414 4492 Regis
1429 4423 1501 4471 anno

382 4504 496 4592 primo,
513 4512 617 4575 nostri
632 4531 708 4576 vero
725 4511 854 4598 Regine
871 4535 959 4579 anno
987 4517 1133 4602 septimo.
