3110 5248
391 343 454 405 250
740 362 972 407 onnonlczmi
996 349 1163 407 nmdnnn.

388 519 553 602 eligantur
569 520 648 585 dicti
664 521 829 604 sapientes
856 491 913 604 ped
929 528 996 586 tres
1021 542 1146 603 manus,
1170 528 1204 586 et
1218 519 1436 604 respondeant
1452 517 1497 582 ho·
1544 575 1553 590 „

388 627 449 706 die,
464 633 497 692 et
510 627 744 710 vadant-sicut
767 625 868 693 luerit
883 628 1070 694 ordinatum
1085 649 1143 712 per
1158 629 1369 706 Domininm3
1393 632 1425 692 ct
1437 647 1495 710 pos·
1551 641 1553 704 j

386 734 454 801 sint
469 735 575 816 accipi
590 734 630 800 de
646 734 735 799 omni
759 735 841 816 loco,
859 756 924 801 non
947 735 1115 819 perdendo
1143 734 1288 818 aliquod,
1315 734 1402 816 quod
1416 733 1498 799 habe·
1551 719 1553 806 ἶ

386 847 460 908 rent
475 839 618 908 officium
634 842 682 906 vel
702 841 802 924 aliud,
817 863 883 907 non
907 842 1068 926 possendo
1085 842 1161 926 eligi
1178 842 1219 908 dc
1233 840 1498 909 Ambaxatoribus
1551 823 1553 900 ἓ

356 1029 361 1040 ³
387 948 508 1015 electis.
523 949 700 1016 Etvadant
715 949 794 1014 dicti
811 947 1053 1015 Ambaxatores
1069 951 1113 1016 ad
1129 969 1296 1033 expensae,
1306 971 1380 1015 cum
1396 947 1497 1032 quibus

385 1057 510 1122 vadunt
525 1056 753 1124 ambaxatores
780 1058 823 1123 ad
847 1064 966 1124 testam
992 1066 1193 1140 coronatam,
1217 1063 1251 1122 et
1266 1057 1409 1123 habeant
1433 1076 1497 1139 qua·

385 1170 459 1231 tuor
475 1163 663 1232 domicellos
678 1186 739 1249 pro
756 1165 913 1250 quolibet,
930 1164 1105 1231 secundum
1122 1164 1212 1231 novis
1228 1165 1383 1231 vestibus.
1505 1207 1508 1212 -

490 1269 752 1338 Ambaxatores:
786 1294 838 1339 ser
869 1272 1012 1338 Thomas
1044 1270 1242 1352 Gredonico‚
1274 1293 1328 1338 ser
1357 1269 1491 1337 Marium
1551 1263 1553 1332 ἐ

385 1377 547 1462 Grimani,
573 1401 625 1444 ser
641 1378 794 1446 Andreas
820 1379 1025 1464 superando,
1050 1401 1103 1445 ser
1119 1379 1238 1445 Petrus
1255 1377 1431 1459 Trivisan0‚
1453 1398 1495 1442 ser
1551 1407 1553 1442 ς

384 1484 518 1552 Marcus
535 1483 701 1570 Dandulo,
720 1508 773 1552 ser
789 1485 814 1552 J
816 1487 963 1554 ohannes
988 1485 1167 1571 Monenigo.
1551 1481 1553 1496 ²

403 1703 407 1711 ι
469 1631 505 1692 (Δ
518 1632 659 1684 velanczei
675 1633 803 1684 »Secreta
813 1633 929 1684 Consilii
942 1628 1192 1698 ungarorum-bol
1206 1629 1262 1680 hit.
1277 1629 1311 1680 A.
1325 1631 1378 1680 vol.
1394 1633 1425 1692 1.)

911 2051 984 2113 232.

380 2205 409 2272 Α
437 2209 588 2275 velenezei
612 2209 956 2296 kormdoylancicsnok
987 2211 1018 2276 Ι.
1046 2212 1144 2297 Lajoa
1175 2231 1317 2298 mappae
1343 2206 1492 2292 kirdlploz

525 2315 651 2382 beldott
674 2317 826 2382 hovetetre
844 2317 1018 2382 oonotlcozo'
1042 2320 1243 2384 baterozata.
1270 2317 1365 2382 1347.

1551 2421 1553 2456 Ι

484 2473 583 2542 Anno
598 2474 879 2544 MCOOXLVII.
895 2474 948 2542 die
963 2475 1005 2545 V.
1020 2476 1223 2544 Decembris.
1240 2473 1403 2560 Capta:
1418 2473 1488 2540 (lun
1551 2481 1553 2516 ³

377 2583 464 2650 inter
489 2592 613 2650 ceteras
639 2585 840 2669 provisiones
867 2605 993 2668 semper
1024 2585 1187 2650 utilimum
1212 2590 1384 2650 censeatur
1409 2583 1487 2658 scire,
1551 2633 1553 2670 ξ

377 2711 572 2776 cognoscere
586 2699 724 2776 tempus,
747 2698 781 2758 et
796 2693 971 2759 secundum
1002 2692 1121 2758 bonam
1147 2691 1393 2776 dispositionem
1415 2688 1488 2754 illins
1551 2739 1553 2752 ι

376 2799 465 2866 facta
482 2821 551 2880 sua,
567 2807 600 2865 et
616 2798 787 2886 Dominus,
802 2802 858 2884 qui
874 2822 933 2868 sua
958 2801 1162 2885 benignitate
1188 2806 1323 2865 cunctos
1340 2805 1426 2865 actus
1440 2816 1486 2860 no·
1551 2826 1553 2868 ε

377 2914 463 2974 stros
489 2908 611 2990 dirigit
638 2909 799 2975 concessit
823 2909 916 2976 nohis
940 2915 1069 2992 tempus
1100 2913 1134 2972 et
1159 2908 1268 2972 locum
1286 2902 1486 2972 concordandi
1551 2899 1553 2988 ξ

375 3037 434 3082 nos
459 3039 532 3082 cum
562 3016 694 3085 domino
726 3016 819 3099 Rege
850 3015 1024 3101 Hungarie
1055 3037 1129 3090 cum
1148 3012 1316 3081 commodo
1334 3013 1485 3078 ethonore
1551 3003 1553 3062 !

375 3131 496 3206 nostro,
522 3124 618 3190 sicuti
643 3122 815 3190 manifeste
839 3123 1068 3210 comprehendi
1083 3128 1194 3207 potest
1210 3129 1279 3188 tam
1297 3143 1358 3207 per
1373 3119 1485 3187 relatio·

373 3253 447 3298 nem
473 3240 658 3299 nostrorum
685 3255 742 3298 sex
758 3232 1029 3314 Ambaxatorum‚
1055 3233 1193 3297 maxime
1208 3251 1269 3314 pro
1285 3231 1380 3297 honis
1393 3227 1485 3294 verbis
1550 3219 1553 3288 l

373 3359 436 3423 que
466 3339 653 3406 habuerunt
677 3362 698 3406 a
722 3339 1006 3406 Reverendissimo
1031 3340 1195 3423 Episcopo
1220 3335 1445 3422 vesprimensi,
1458 3335 1485 3398 in

374 3466 439 3530 quo
456 3449 632 3513 consistere
658 3446 787 3513 videtur
803 3454 875 3513 tota
899 3447 1036 3512 intentio
1051 3453 1085 3510 et
1101 3445 1274 3512 consilium
1300 3445 1419 3511 domini
1432 3442 1483 3507 Rc·
1551 3485 1553 3510 ι

373 3555 432 3637 gis,
449 3574 546 3636 quam
577 3575 636 3638 per
666 3555 786 3630 multos
817 3555 899 3621 alios
914 3560 1081 3637 respectus
1112 3561 1146 3619 et
1170 3553 1301 3636 indicia,
1333 3554 1409 3636 qnia
1432 3549 1482 3615 dici

371 3661 591 3728 verisimiliter
607 3668 724 3746 potest,
750 3663 839 3745 quod
864 3662 1013 3728 dominus
1037 3661 1110 3727 Rex
1128 3683 1189 3728 nos
1214 3661 1330 3728 invitet
1345 3667 1378 3728 ct
1395 3657 1483 3741 requi·
1551 3644 1553 3726 ἶ

371 3775 426 3836 rat
440 3769 483 3834 ad
509 3769 706 3835 mittendum
721 3776 868 3835 nostram
886 3770 1061 3835 solemnem
1073 3792 1076 3797 ·
1088 3771 1298 3836 ambaxatam
1315 3770 1380 3836 iam
1395 3764 1482 3852 publi·

370 3884 478 3943 catam
496 3885 529 3944 et
546 3877 686 3942 laetam:
710 3877 801 3944 vadit
816 3899 902 3962 pers,
919 3878 1008 3962 quod
1023 3878 1057 3942 in
1072 3878 1161 3944 bona
1176 3879 1286 3962 gratia
1301 3879 1402 3944 nostri
1418 3874 1482 3942 Am·

369 3983 542 4051 baxatores
574 3985 731 4051 solemnes
761 3984 841 4050 lacti
856 4009 916 4069 pro
948 3985 1052 4052 eundo
1085 3985 1127 4052 ad
1153 3986 1317 4069 prefatum
1335 3985 1482 4052 dominun
1551 4025 1553 4078 4

367 4093 494 4178 Regem
510 4115 582 4158 cum
599 4094 776 4160 ambaxeta
792 4092 948 4160 ordinate
968 4099 1000 4158 et
1014 4099 1112 4176 capta
1127 4115 1186 4177 per
1203 4095 1291 4159 istud
1308 4092 1482 4167 Consilium,

369 4205 402 4264 et
417 4221 490 4266 cum
507 4221 545 4266 eo
563 4201 670 4284 etiam,
696 4201 784 4282 quod
810 4201 972 4268 videbitur
996 4202 1073 4267 huic
1090 4201 1235 4268 Consilio
1254 4201 1435 4269 addendum
1449 4197 1481 4262 dc
1551 4196 1553 4282 j

368 4327 458 4385 novo,
474 4314 507 4371 et
516 4307 745 4389 corrigendum
760 4310 812 4374 vel
827 4310 1027 4393 mutandum,
1037 4309 1338 4376 eundoAriminum
1353 4309 1401 4376 vel
1416 4307 1481 4373 llor-
1551 4337 1553 4389 i

367 4412 488 4491 livium,
514 4414 597 4478 sicut
621 4415 717 4481 dictis
743 4417 864 4482 nostris
889 4415 1170 4484 Ambaxatoribus
1189 4419 1350 4484 videbitur
1365 4413 1480 4501 proho-
1551 4401 1553 4474 Ῐ

367 4541 446 4592 nore
463 4527 575 4588 nostro
591 4530 625 4587 et
640 4525 724 4590 bono
741 4525 963 4614 negotiorum
980 4547 1052 4590 cum
1073 4526 1223 4594 dominus
1239 4527 1311 4592 Rex
1328 4529 1478 4592 contentus
1551 4579 1553 4614 z
