3134 5252
615 377 710 438 1346.
1153 381 1214 440 165

19 523 23 660 ὲ
104 550 349 632 seraranan
365 570 516 616 mensura
541 550 726 618 huiusmodi
742 551 901 619 institam
926 553 1091 637 diligendo
1117 555 1212 622 uete-

19 661 21 722 1
104 678 163 722 mus
178 657 335 742 extollere,
352 657 507 723 dilectam
522 657 702 740 exquirere,
718 665 751 724 et
768 659 962 743 exquisitam
987 663 1152 747 prosequi,
1172 685 1210 730 ac

19 815 25 844 ,
104 764 231 848 brechijs
246 764 450 831 fortitudinis
465 764 659 848 amplexari,
675 766 896 831 vtsecundum
908 767 997 832 illius
1012 775 1138 834 rectum
1150 793 1214 836 ser-

19 851 22 928 l
102 874 204 939 uitium
218 895 275 956 per
289 895 348 939 nos
365 879 397 936 et
412 871 503 956 alica,
518 873 610 938 iuxta
629 876 833 957 negotiorum
852 877 1057 958 exigentiam,
1068 883 1100 944 et
1110 884 1215 944 status

19 941 21 1062 l
102 982 192 1047 nostri
200 982 379 1047 decentiam
398 981 534 1064 singulis
543 982 735 1047 meritorum
755 990 789 1047 et
808 983 1215 1069 demeritorumstipendia

19 1103 37 1182 Ι·
102 1087 271 1155 tribuamus.
288 1087 376 1156 Sane
391 1089 519 1172 pridem
535 1088 578 1154 ad
593 1086 811 1173 Apostolatus
823 1087 941 1158 Nostri
958 1091 1107 1157 notitiam
1123 1093 1216 1159 flebi-

103 1194 315 1262 lietinfausto
340 1218 471 1262 rumore
497 1195 635 1280 perlato,
663 1198 752 1278 quod
778 1196 911 1282 quidam
935 1198 996 1264 viri
1022 1201 1216 1283 sanguinum

103 1310 130 1367 et
143 1303 244 1369 dolose
259 1304 403 1388 nequitie
418 1303 488 1384 filii,
506 1309 538 1369 et
552 1304 748 1388 perditionis
779 1305 926 1390 alumpni
943 1307 978 1370 in
994 1305 1082 1371 clare
1099 1329 1217 1372 memo·

102 1413 142 1475 rie
155 1407 317 1477 Andream
333 1410 461 1494 Regem
477 1408 589 1475 Sicilie
613 1431 728 1477 manus
753 1412 924 1479 inicientes
947 1415 1073 1498 impias,
1104 1415 1210 1499 ipsum

102 1519 298 1600 innocentem,
314 1526 347 1584 et
370 1525 539 1601 tamquam
554 1518 640 1584 inter
656 1539 732 1584 suos
750 1539 897 1586 securum
913 1542 947 1587 se
965 1521 1105 1588 existere
1120 1543 1214 1607 repu-

103 1632 221 1709 tantem,
245 1627 370 1693 crudeli
401 1631 435 1690 et
465 1626 655 1710 turpissima
683 1633 789 1694 morte
814 1634 883 1694 tam
902 1629 1098 1712 immaniter,
1116 1651 1213 1712 quam

100 1734 262 1818 proditorie
276 1733 519 1819 perhemerunt.
543 1732 615 1799 Nos
640 1736 800 1816 nolentes,
826 1737 910 1802 sicut
938 1758 998 1803 nec
1016 1735 1102 1803 uelle
1119 1736 1215 1804 debe·

100 1863 168 1925 mus,
183 1849 248 1908 tam
264 1841 428 1924 horribile,
444 1847 478 1906 11
503 1841 706 1926 detestabile,
723 1863 762 1908 ac
786 1841 859 1910 Deo
877 1850 909 1909 et
924 1844 1108 1910 hominibus
1125 1842 1213 1909 odio·

100 1949 306 2033 eumfacinus,
322 1948 412 2015 cuius
438 1950 582 2032 cognitio
607 1957 641 2015 et
664 1951 793 2034 punitio
824 1951 867 2016 ad
892 1947 965 2016 Nos
981 1958 1013 2016 et
1028 1948 1212 2018 Romanam

99 2057 265 2122 Ecclesiam
283 2059 317 2123 in
342 2057 406 2123 hoc
429 2078 506 2124 casu
530 2059 693 2141 pertinere
710 2059 925 2141 dignoscitur,
941 2057 1125 2142 relinquere
1142 2079 1214 2124 sua-

100 2163 184 2230 dente
200 2166 326 2230 iusfitia
336 2165 549 2249 impunitum3
565 2165 669 2248 primo
680 2172 788 2232 certos
803 2187 975 2250 processus
992 2172 1108 2232 contra
1118 2188 1213 2251 quos·

98 2292 211 2355 cunque
235 2271 376 2356 predicti
401 2273 531 2338 sceleris
562 2281 759 2356 patratores,
784 2275 966 2358 complices,
994 2275 1148 2355 conscios,
1179 2281 1210 2340 et

99 2381 147 2462 qui
160 2380 312 2446 dederunt
328 2381 370 2447 ad
385 2381 421 2446 id
436 2381 603 2464 auxilium,
629 2382 809 2465 consilium,
835 2388 868 2448 et
898 2383 1055 2464 fauorem,
1080 2383 1121 2448 de
1145 2381 1210 2448 fra-

98 2495 173 2551 11111
187 2496 375 2554 nostrorum
391 2488 526 2555 consilio
542 2488 686 2572 fecimus,
703 2489 881 2573 generales,
907 2490 1063 2569 diuersas,
1079 2489 1210 2573 spiritu-

97 2597 155 2660 ales
170 2603 200 2660 et
213 2597 412 2681 temporales
428 2618 539 2680 penas,
564 2605 596 2663 11
613 2600 792 2663 sententias
824 2599 1036 2680 continentes,
1052 2606 1086 2663 et
1101 2597 1210 2662 subse-

97 2710 219 2784 quenter
232 2713 366 2790 recepta
391 2703 631 2786 informatione,
657 2706 746 2790 quod
764 2706 866 2790 aliqui
896 2711 964 2772 tam
979 2727 1096 2791 mares,
1112 2725 1210 2788 quam

96 2806 207 2893 femine,
223 2814 262 2878 de
277 2833 356 2878 nece
372 2813 521 2896 predicta
547 2814 691 2897 suspecti
707 2814 890 2880 omnimode
915 2813 1104 2894 existebant,
1120 2813 1209 2896 ipsos

26 2938 32 2951 ·
96 2937 146 2999 per
160 2919 294 2986 edictum
310 2919 479 3004 publicum
503 2928 656 3004 presente
679 2920 824 2988 fidelium
855 2920 1090 2988 multititudine
1106 2923 1209 3004 copio-

30 3029 34 3036 '
96 3045 133 3106 sa,
160 3027 197 3093 de
211 3029 385 3094 eorundem
411 3028 549 3093 fratrum
575 3028 711 3094 consilio
737 3030 837 3094 citare
853 3029 1046 3110 curauimus,
1064 3033 1102 3094 ut
1120 3027 1204 3094 'nfra

28 3212 33 3221 Ι
97 3133 182 3198 trium
197 3136 353 3214 mensium
369 3137 511 3220 spatium
536 3136 580 3201 ad
604 3136 665 3202 hoc
690 3137 908 3220 peremptorie
928 3137 1139 3219 assignatum,
1156 3157 1207 3201 co·

97 3243 256 3310 ramuobis
283 3244 501 3328 personaliter
527 3252 753 3328 comparerent
776 3245 988 3328 beneplacitis
1004 3240 1209 3327 Apostolicis

98 3350 229 3432 parituri,
240 3359 272 3417 et
283 3351 412 3432 facturi,
423 3359 456 3416 11
465 3353 637 3435 recepturi,
648 3353 735 3434 quod
751 3353 878 3417 iustitia
896 3350 1055 3417 suaderet.
1071 3351 1119 3416 Et
1133 3351 1208 3416 licet

95 3453 147 3536 ipsi
162 3458 249 3524 citati
264 3460 386 3524 virtute
404 3461 570 3525 citationis
582 3461 729 3543 predicte
744 3459 829 3526 infra
838 3460 1020 3544 predictum
1030 3460 1206 3524 terminum

95 3564 220 3630 nondum
236 3566 383 3650 elapsum
399 3569 520 3632 arctati
536 3569 713 3634 existerent
723 3567 916 3651 Apostolico
932 3566 1118 3650 conspectui
1133 3587 1207 3650 pre-

97 3681 224 3740 sentare:
251 3675 284 3740 N
286 3698 323 3744 os
339 3683 452 3742 tamen
476 3678 728 3758 considerantes,
753 3676 843 3762 quod
857 3679 891 3744 in
906 3677 1057 3760 partibus
1073 3675 1147 3758 illis,
1170 3677 1205 3740 in

96 3779 197 3860 quibus
212 3791 261 3850 est
277 3783 438 3868 flagitium
463 3793 698 3873 perpetratum,
724 3787 828 3870 magis
857 3785 1019 3853 sufficiens
1035 3785 1206 3849 instructio

96 3885 163 3968 fieri,
192 3899 222 3956 et
251 3892 365 3958 melius
397 3892 477 3959 facti
509 3900 540 3958 et
572 3895 894 3960 circumstantiarum
913 3892 1058 3960 eiusdem
1074 3893 1207 3972 ueritas,

97 4015 180 4076 quam
195 4001 301 4086 detegi
316 4001 351 4066 in
383 4003 467 4067 uotis
484 4003 633 4084 gerimus
650 4003 771 4087 poterit
796 4003 941 4087 reperiri,
973 4000 1123 4085 quodque
1155 4021 1206 4064 oc·

96 4104 206 4171 cesione
222 4117 349 4193 sumpta
374 4109 524 4174 veniendi
540 4109 583 4174 ad
600 4108 784 4175 Romanam
800 4109 948 4191 Curiam,
970 4111 1028 4173 uia
1044 4108 1118 4174 dari
1132 4127 1205 4192 pos·

96 4217 139 4274 set
152 4216 312 4300 multiplex
328 4217 520 4298 criminosis,
545 4238 646 4300 penas
672 4217 799 4282 debitas
826 4215 982 4297 enitendi,
1013 4214 1206 4281 (1111111111-

37 4303 46 4320 *
95 4337 165 4399 mus,
185 4325 267 4405 quod
290 4346 330 4389 ne
356 4323 481 4390 iustitia
507 4325 642 4390 nimium
660 4324 894 4408 retardaretur,
911 4329 943 4389 et
960 4345 999 4388 ex
1015 4321 1203 4389 huiusmodi

96 4431 307 4515 retardatione,
333 4453 441 4500 secum
466 4435 677 4502 contrahente
702 4435 891 4519 periculum,
917 4434 1085 4516 contingat
1100 4435 1207 4517 ipsum

98 4531 217 4606 diuersis
228 4545 362 4626 quesitis
380 4544 604 4611 occasionibus
621 4544 827 4631 aliquatenus
842 4543 983 4611 forsitan
998 4542 1150 4628 impediri
1166 4541 1206 4607 de
