3134 5252
404 339 468 404 222
759 345 992 400 emronaoutnr
1008 334 1174 400 amians.
1224 333 1226 338 ’

403 515 640 598 riorecipiendi
655 513 727 580 loea
742 534 803 597 pro
819 513 911 578 dicta
927 511 1063 581 vicaria
1078 512 1113 579 in
1128 511 1222 594 villis,
1239 513 1362 580 castris
1377 518 1411 577 et
1440 509 1519 576 Giri-

402 621 525 687 tatibus
541 621 788 688 Provinciamm
813 619 985 703 Hungarie
1010 625 1044 684 et
1076 618 1259 701 Sclavenic,
1283 621 1317 684 in
1334 619 1450 703 quibus
1465 641 1519 684 neo

402 728 544 813 ejusdem
560 727 704 812 Ordinis,
729 749 789 793 uec
804 727 942 793 aliorum
958 729 1213 811 approbatorum
1229 727 1394 794 Ordinum
1408 727 1518 794 fratres

400 835 522 903 habent
536 836 617 920 loca,
631 835 806 902 concedere
822 835 1000 920 dignemini
1016 835 1217 904 facultatem.

508 941 595 1010 Item
619 943 783 1029 supplicat
806 941 892 1008 dicte
924 943 1041 1012 Vestro
1080 941 1258 1010 Sanctitati
1281 933 1377 1010 'idem
1407 947 1519 1022 Βαιιιιε,

401 1058 560 1134 quatenus
576 1052 610 1115 in
625 1070 765 1134 persona
790 1049 901 1116 dilecti
918 1046 1090 1134 Oapellani
1115 1056 1149 1115 et
1172 1049 1293 1116 Nuncii
1309 1053 1359 1117 sui
1390 1048 1516 1133 Georgii

259 1185 267 1190 ·
401 1159 538 1224 hominis
549 1155 613 1222 Dei
630 1159 669 1222 de
679 1157 807 1240 Berito,
823 1155 906 1223 alies
923 1157 1002 1224 dicti
1017 1157 1058 1223 de
1074 1155 1186 1242 inro,
1196 1161 1371 1242 specialem
1387 1159 1519 1244 gratiam

400 1263 555 1332 iacientes
572 1264 677 1332 eidem
692 1264 846 1350 Georgio,
857 1271 970 1350 utpote
979 1266 1177 1332 benemerito
1192 1277 1225 1333 et
1240 1268 1371 1333 liberate
1382 1287 1519 1352 persone,

400 1373 440 1439 de
456 1394 520 1440 uno
550 1371 600 1440 rel
625 1373 751 1440 duobus
774 1373 941 1440 beneficiis
966 1372 1168 1456 simplicibus
1184 1372 1426 1440 Ecclesiasticis
1455 1375 1518 1439 sine

400 1501 477 1546 cura
493 1479 684 1547 vacantibus
700 1480 744 1546 ad
759 1500 901 1564 presens,
917 1479 968 1545 vel
984 1479 1131 1564 proxime
1155 1482 1322 1548 vacaturis
1336 1482 1371 1546 in
1386 1478 1518 1546 Civitate

400 1594 433 1654 et
448 1589 581 1655 Diocssi
607 1586 794 1672 Spalatensi
818 1608 923 1670 usque
948 1587 1161 1676 aduvalorem
1177 1609 1318 1654 annuum
1334 1586 1404 1654 LX
1434 1585 1518 1652 flore-

400 1717 516 1762 norum
532 1695 613 1776 auri,
624 1692 849 1779 spectantibus
866 1693 909 1760 ad
924 1693 1134 1761 collationem
1143 1693 1394 1778 Archiepiscopi
1413 1692 1519 1778 Spala-
1565 1775 1566 1778 Ἴ

399 1805 508 1886 tensis,
523 1804 564 1870 de
581 1800 715 1888 speciali
731 1803 840 1884 gratia
865 1801 1043 1885 dignemini
1060 1803 1251 1886 providere;
1276 1823 1349 1868 oum
1363 1801 1518 1869 inhibitio

331 1971 332 1974 ,
399 1933 449 1994 nc,
474 1911 606 1977 decreto
632 1915 666 1975 et
690 1909 840 1975 clausula
865 1909 1027 1975 antefieri.
1042 1908 1118 1974 Non
1142 1911 1303 1989 obstante,
1321 1909 1408 1991 quod
1438 1907 1515 1973 idem

401 2015 563 2101 Georgius
580 2013 817 2084 canonicatum
833 2022 867 2082 et
882 2016 1082 2100 prebendam
1095 2019 1129 2082 iu
1154 2016 1304 2083 Ecclesia
1329 2015 1516 2100 Spalateusi,

399 2133 433 2192 et
449 2124 622 2210 quamdam
647 2123 830 2190 Ecclesiam
855 2121 968 2190 Sancti
992 2123 1125 2190 Nicolai
1148 2125 1190 2190 de
1205 2132 1304 2208 portu
1330 2122 1516 2210 Spalsteusi,

400 2253 538 2316 quorum
568 2231 691 2298 fructus
722 2232 822 2297 annui
852 2230 929 2297 XII
967 2231 1107 2299 domnos
1133 2253 1197 2298 non
1229 2231 1408 2315 attingunt,
1429 2227 1515 2296 etin

398 2338 587 2406 Gollonensi
603 2338 756 2405 Ecclesia
772 2339 886 2406 Insule
902 2338 1014 2406 Rhodi
1031 2338 1277 2422 Canonicatum,
1294 2339 1334 2405 de
1363 2359 1427 2422 quo
1442 2335 1515 2402 nihil
1565 2417 1566 2422 ἵ

398 2449 546 2533 percipit,
570 2448 716 2513 noscitur
742 2446 909 2530 obtinere;
925 2447 984 2513 sed
999 2455 1037 2515 ut
1054 2449 1142 2514 dicta
1156 2446 1327 2529 beneficia,
1352 2467 1415 2529 que
1444 2445 1516 2510 obti-

399 2560 455 2621 net
471 2577 536 2620 una
552 2577 624 2620 cum
641 2554 825 2621 obtinendis
849 2577 908 2640 per
925 2555 1023 2640 hujus
1049 2561 1188 2622 vestram
1205 2555 1349 2638 gratiam
1373 2555 1513 2620 licitere

398 2664 502 2729 tinere
518 2662 635 2746 valeat,
651 2661 828 2746 dignemini
844 2664 884 2731 de
899 2663 1043 2730 uberiori
1058 2665 1168 2748 gratia
1183 2663 1435 2730 misericorditer
1457 2662 1513 2726 dis·
1564 2747 1566 2754 Α

397 2791 553 2856 pensare3
568 2776 600 2835 et
615 2792 688 2835 cum
702 2771 819 2835 ceteris
843 2793 909 2836 nou
939 2753 1157 2855 obstantibus,
1180 2779 1213 2836 et
1228 2771 1382 2836 clausulis
1407 2789 1512 2853 oppor-

397 2880 485 2944 tunis
501 2885 535 2943 et
549 2879 820 2960 exequutoribus;
836 2884 870 2944 et
885 2879 975 2961 quod
990 2885 1139 2946 transeat
1163 2880 1232 2944 sine
1249 2877 1317 2944 elia
1331 2877 1474 2943 lectione.

503 3026 540 3088 (Δ
555 3023 657 3088 »Gopia
670 3025 704 3075 dc
718 3023 959 3082 Commemorialir
973 3028 1065 3078 eaimtt
1077 3026 1215 3078 retenensi
1228 3024 1454 3088 allamkbnpnbol
1470 3020 1510 3070 lv.

397 3116 454 3166 ket.
471 3121 494 3166 1.
507 3130 530 3166 r.
545 3119 606 3165 299.
619 3114 661 3164 alr.
675 3115 741 3176 lev.)

878 3223 1039 3234 ——n--o—

916 3405 991 3468 210.

471 3565 625 3634 Hambcrt
640 3563 767 3633 vicensi
789 3565 879 3650 defin
891 3566 1049 3632 uimctcr
1064 3589 1086 3631 a
1102 3578 1187 3631 asem
1193 3566 1334 3652 faetet.
1353 3564 1444 3632 1347.

502 3723 602 3794 Anno
618 3725 892 3796 MOOOXLVIL
909 3725 962 3792 die
977 3723 1136 3793 XXVII.
1151 3723 1414 3812 AprilissOapte:
1425 3721 1510 3808 Quod

395 3829 436 3898 de
451 3834 592 3901 motibus
609 3840 642 3900 et
658 3837 753 3901 nouis
776 3831 879 3917 Regis
895 3831 1078 3918 Hungarie,
1094 3855 1158 3918 que
1173 3833 1343 3916 habemus,
1362 3834 1510 3901 scribatur
1560 3855 1563 3914 ξ

394 3942 428 4006 in
453 3939 554 4008 Ouria
579 3940 736 4024 Amadeo‚
760 3949 795 4008 et
819 3941 859 4005 de
883 3941 991 4008 reditu
1016 3940 1175 4027 Delphini
1191 3942 1389 4011 Viennensis
1404 3942 1444 4008 ad
1458 3942 1510 4006 hae

395 4055 516 4133 partes,
531 4055 565 4116 et
582 4050 622 4116 de
646 4049 887 4116 conditionibus
913 4048 1085 4131 Romanis,
1100 4055 1136 4115 ut
1159 4049 1217 4116 illa
1231 4049 1377 4116 notificet
1391 4051 1510 4115 domino

395 4157 486 4240 Pape
501 4178 559 4240 per
574 4157 668 4223 illum
682 4156 816 4223 modum
837 4157 894 4240 qui
909 4156 1081 4240 videbitur,
1096 4159 1235 4224 mammo
1251 4178 1324 4223 cum
1339 4157 1401 4223 hoo
1415 4157 1508 4240 requi-

395 4268 488 4328 ratur
511 4285 569 4348 per
595 4264 760 4331 dominum
785 4263 920 4349 Papam.
946 4265 993 4330 Et
1019 4263 1168 4330 similiter
1193 4262 1359 4330 scribatur
1385 4259 1509 4329 Consuli
1560 4309 1561 4312 η

396 4378 506 4438 nostro
522 4371 689 4459 Neapolis,
705 4382 739 4442 rt
753 4373 812 4440 illa
829 4373 936 4440 dicere
954 4373 1147 4456 valeatillie,
1163 4380 1198 4439 ct
1214 4373 1296 4439 sicut
1312 4372 1476 4440 videbitur.

478 4481 514 4545 (A
526 4483 666 4534 velenozei
679 4485 809 4536 »Secreta
821 4482 935 4535 Consilii
947 4483 1200 4550 negatorum-bol
1212 4483 1267 4533 uit.
1282 4484 1316 4533 A.
1330 4484 1385 4532 rol.
1397 4482 1427 4547 1.)
