3214 5260
358 353 424 416 454
706 369 947 417 nrruounoatnr
963 356 1131 416 autunum

357 531 515 614 predicta,
541 531 590 596 rel
616 531 704 614 quod
730 531 845 596 saltem
871 529 933 594 sibi
949 529 1077 614 placeat
1093 552 1132 595 ea
1150 532 1312 597 sustinere
1328 532 1378 618 ita
1394 539 1426 597 et
1440 537 1484 596 ta·

356 639 441 721 liter,
466 638 554 721 quod
581 639 623 702 ad
650 637 774 702 alienas
799 659 915 703 manus
941 659 1005 702 uon
1030 639 1220 720 perveniant
1235 640 1304 704 ullo
1323 640 1429 729 modo.
1444 639 1486 706 Et

357 753 394 811 ut
409 747 482 812 Rex
504 746 671 830 predictus
687 745 861 810 inducatur
878 746 921 810 ad
937 746 1193 812 contentaudum
1210 748 1379 812 dedendo
1396 748 1486 813 nobis

357 864 468 919 castra
483 855 639 938 predicta,
657 852 778 918 babeat
793 852 897 918 dictus
909 853 1063 918 Provisor
1082 855 1115 919 in
1132 854 1280 922 omnibus
1297 861 1331 919 et
1347 877 1405 938 per
1418 877 1485 922 ,om-

357 962 412 1028 nia
436 961 528 1027 illem
540 961 729 1026 libertatem
745 959 898 1044 possendi
915 961 1106 1044 promittere
1125 968 1230 1027 totam
1246 963 1339 1028 illam
1355 963 1487 1046 pecunie

358 1070 587 1152 quantitatem,
607 1090 706 1151 quam
726 1067 848 1132 habent
868 1068 902 1132 in
921 1069 1081 1150 possendo
1101 1071 1292 1152 permittere
1312 1069 1489 1136 Comitisse.

468 1211 504 1272 (Δ
530 1213 638 1263 »liliati«
663 1214 753 1263 czimd
774 1213 914 1264 velenczei
937 1213 1114 1278 illlumktinyv
1139 1214 1255 1263 XXVII.
1278 1213 1433 1266 ktitetebol.
1448 1217 1486 1266 82.

360 1303 389 1354 es
405 1303 501 1365 eall.)

850 1449 908 1457 --—·-
954 1447 1003 1456 -ο-

367 1773 423 1838 VI.
440 1774 531 1836 Inone
547 1776 638 1858 pu'pa
658 1769 679 1832 I.
698 1772 795 1856 Lajoe
820 1795 963 1858 mopyor
990 1772 1115 1859 tisrctlpt
1133 1774 1293 1857 buzditjo,
1309 1754 1426 1859 boppo
1445 1775 1492 1836 tit-

401 1881 542 1947 ca'nokot
558 1901 597 1943 az
613 1879 745 1965 eqybcizi
762 1878 909 1942 uniduak
926 1880 1115 1966 meqnyermi
1134 1881 1326 1966 ippekezzo'k.
1354 1884 1449 1946 1355.

472 2037 683 2103 Innocentius
709 2036 892 2122 Episcopus
917 2043 977 2103 etc.
1010 2039 1177 2104 carissimo
1202 2041 1236 2103 in
1261 2038 1397 2104 Christo
1428 2040 1492 2104 filio

364 2147 531 2215 Ludorico
547 2147 632 2231 Regi
651 2145 799 2230 Vngarie
814 2145 936 2210 illustri
951 2147 1090 2212 salutem
1106 2155 1165 2213 etc.
1187 2147 1271 2212 (lum
1288 2147 1360 2212 Tua
1377 2149 1493 2214 deuota

366 2256 533 2322 Serenitas
559 2253 601 2320 ad
630 2253 873 2337 ampliationem
901 2253 1069 2322 Catholioe
1086 2255 1163 2321 fidei
1179 2255 1321 2320 libenter
1337 2255 1492 2334 intendat,

365 2385 488 2450 nosque
503 2364 641 2448 experiri
658 2369 807 2446 optemus
824 2365 1066 2428 conversionem
1083 2364 1298 2429 Lituanorum
1309 2361 1493 2441 infidelium,

365 2480 422 2538 tuo
440 2473 555 2556 Regno
572 2470 710 2537 Polonie
726 2467 808 2556 (igy)
825 2469 1014 2553 vicinorum,
1031 2471 1072 2536 de
1088 2494 1152 2556 quo
1168 2471 1261 2536 nobis
1278 2491 1353 2554 spes
1372 2471 1493 2553 aliqua·

365 2582 407 2648 lis
423 2589 473 2647 est
488 2581 588 2661 data3
603 2586 637 2645 et
652 2586 828 2664 propterea
839 2579 985 2646 Ducibus
1001 2581 1174 2646 eorundem
1186 2580 1404 2645 Lituanorum
1421 2578 1493 2643 scri-

367 2689 483 2756 bamus
499 2687 673 2756 secundum
688 2696 835 2753 tenorem
852 2688 1058 2771 presentibus
1084 2688 1318 2754 interclusum:
1337 2686 1494 2752 Serenita-

367 2803 433 2863 tem
450 2797 605 2877 Eandem,
621 2818 721 2881 quam
744 2796 778 2860 in
804 2794 866 2860 hac
886 2801 981 2879 parte
997 2797 1159 2862 credimus
1175 2796 1258 2862 velle
1274 2817 1313 2861 ao
1329 2814 1422 2879 posse
1440 2795 1494 2859 rti-

367 2905 444 2972 liter
476 2906 625 2989 operari,
656 2903 855 2970 confidenter
886 2905 1082 2987 requirimus
1115 2909 1304 2990 attenteque
1337 2923 1493 2986 rogamus,

370 3020 532 3096 quatenns
557 3013 598 3079 ob
623 2997 842 3078 reverentiam
867 3012 931 3078 Dei
958 3020 992 3078 et
1016 3034 1161 3080 emonem
1179 3013 1264 3079 dicte
1280 3011 1368 3093 fidei,
1384 3033 1421 3076 ac
1436 3031 1493 3094 pro

369 3123 476 3187 anime
492 3128 546 3188 tue
563 3121 680 3202 salute,
696 3127 948 3204 nostrorumque
975 3121 1157 3187 adiectione
1174 3123 1403 3205 precaminum,
1417 3117 1494 3183 velis

369 3231 404 3294 in
420 3229 483 3294 hoc
498 3229 558 3293 viis
575 3234 607 3293 et
623 3228 739 3310 modis,
757 3227 876 3310 quibus
892 3229 1026 3312 poteris,
1043 3227 1192 3294 sollicitis
1204 3227 1324 3292 studiis
1341 3227 1494 3306 laborare,

371 3359 492 3420 nosque
510 3335 686 3400 informare
705 3335 744 3400 de
761 3336 834 3417 hiis,
852 3358 914 3419 quo
931 3338 1019 3402 circa
1035 3338 1070 3402 id
1086 3337 1191 3402 credis
1217 3357 1287 3400 esse
1304 3357 1364 3420 per
1381 3333 1493 3400 Sedent

371 3445 598 3528 Apostolicam
625 3444 783 3509 facienda.
810 3442 916 3527 Super
942 3468 1005 3529 quo
1032 3445 1152 3510 dilecto
1184 3444 1251 3508 filio
1280 3443 1494 3526 Dobrogostio

372 3553 546 3636 Proposito
563 3553 709 3618 Ecclesia
736 3549 966 3618 Oracouiensis
992 3553 1208 3618 Decretorum
1234 3551 1382 3630 Ductori,
1402 3549 1494 3614 latori

370 3662 581 3745 presentium,
605 3659 749 3744 digneris
774 3659 871 3724 fidem
899 3661 1064 3727 indubiam
1090 3660 1255 3725 adhibere.
1281 3660 1404 3725 Datum
1423 3657 1494 3723 Ari-

370 3770 465 3834 nione
491 3769 536 3834 X.
561 3766 719 3834 kalendas
745 3765 949 3850 Novembris
977 3768 1193 3832 Pontificatus
1214 3768 1317 3832 nostri
1335 3787 1417 3830 anno
1432 3763 1493 3827 HL

355 3918 359 3927 ·
479 3877 519 3941 lu
537 3877 649 3941 eorlcrn
668 3875 761 3940 modo
778 3875 946 3939 carissime
964 3875 997 3939 iu
1014 3875 1147 3941 Christo
1164 3875 1230 3939 tilie
1249 3872 1418 3939 Elisabeth
1434 3871 1493 3935 Be·

368 3983 442 4070 gine
458 3983 605 4070 Vagaric
628 3983 758 4049 illustri.

711 4129 769 4190 qVI.
783 4128 863 4176 Incze
877 4129 949 4191 papa
967 4125 1155 4191 regestiibdl.)
