3134 5252
695 338 930 390 ormonnczmr
946 327 1113 391 auribnus.

876 635 949 696 130.

338 791 369 858 Α
395 792 546 860 odenczei
570 795 847 882 kormo'aylano'cs
872 795 1044 882 kdvetse'pet
1062 798 1145 864 bold
1170 797 1282 866 Albert
1306 799 1460 868 amatrici

746 904 938 990 berczepbez.
956 907 1051 970 1346.

447 1058 546 1127 Anno
572 1059 809 1138 Moooxnv.
826 1062 880 1128 die
904 1062 970 1128 III.
987 1065 1170 1132 Februarii.
1187 1063 1348 1150 Capta:
1373 1066 1461 1153 Quod

340 1169 511 1236 occasione
535 1170 630 1235 istius
656 1165 843 1236 Ambaxate
859 1170 982 1236 domini
997 1168 1101 1239 Ducis
1118 1170 1255 1239 Austrie
1271 1197 1331 1259 pro
1346 1177 1461 1245 honore

340 1299 397 1343 suo
425 1282 458 1342 et
483 1263 596 1344 nostro
612 1277 763 1344 mittatur
779 1277 822 1343 ad
838 1299 912 1344 eum
928 1281 1081 1346 solemnis
1096 1279 1307 1364 Ambaxata3
1324 1289 1357 1350 et
1373 1290 1462 1369 capto

340 1386 381 1451 de
408 1385 576 1472 mittendo,
600 1385 762 1452 ridebitur
792 1386 1000 1471 postmodum
1026 1387 1066 1453 de
1091 1409 1155 1454 uno
1181 1389 1232 1454 rel
1258 1389 1415 1476 pluribus,
1432 1397 1463 1459 et

340 1493 519 1559 commissis
545 1501 578 1560 et
602 1493 694 1574 aliis3
711 1501 744 1559 et
758 1494 824 1559 ista
842 1496 1010 1578 responsio
1026 1503 1142 1562 nostra
1158 1495 1198 1562 de
1214 1496 1374 1566 mittendo
1389 1498 1462 1568 Am-

338 1607 450 1667 xatam
466 1605 614 1670 nostram
630 1601 688 1667 fiat
704 1601 791 1668 dicto
808 1599 1005 1668 Ambaxtori
1022 1602 1100 1669 dicti
1117 1603 1238 1670 domiui
1254 1605 1364 1674 Ducis.

519 1763 554 1829 (A
568 1765 680 1840 Secreta
693 1757 807 1818 Consilii
819 1765 1069 1832 negatorum-bol
1081 1768 1129 1822 bit
1140 1766 1173 1820 Δ.
1184 1769 1239 1820 vol.
1257 1769 1291 1834 1.)

822 1965 983 1978 m

869 2222 941 2286 131.

590 2381 679 2446 Ezeo
694 2381 899 2468 kdoetse'pnele
915 2382 1086 2448 atositdso.
1105 2387 1199 2449 1346.

447 2537 547 2606 Anno
566 2539 802 2613 Moooxhv.
834 2542 887 2608 die
910 2541 971 2612 IV;
989 2543 1173 2609 Februarii.
1189 2541 1351 2628 Capta:
1375 2540 1465 2627 Quod

339 2645 596 2716 Ambaxataseu
607 2647 848 2717 Ambaxatores
864 2650 943 2716 ituri
954 2650 997 2716 ad
1007 2651 1173 2718 dominum
1181 2650 1310 2718 Ducem
1325 2649 1466 2730 Austris,
1552 2673 1560 2689 ·

340 2756 464 2822 vadant
480 2779 551 2824 cum
571 2757 795 2823 commissione
810 2758 1028 2842 infrascripta,
1044 2758 1214 2826 videlicet:

446 2867 517 2933 Nos
534 2863 689 2931 Andreas
704 2863 860 2933 Dandulo
870 2873 931 2932 etc.
948 2867 1180 2933 committimus
1196 2868 1289 2934 vobis
1305 2868 1464 2935 nobilibus
1553 2900 1560 2957 ;

338 2972 417 3038 viris
433 3021 441 3040 .
458 3022 465 3036 .
481 3021 488 3037 .
505 2971 657 3039 fidelibus
673 2973 795 3038 nostris
811 2974 950 3058 dilectis,
965 2975 1053 3059 quod
1069 2975 1103 3040 in
1119 2981 1250 3042 nostros
1264 2973 1464 3044 Ambaxato-
1554 3009 1560 3064 ,j

339 3101 391 3146 ros
408 3083 455 3148 ire
470 3082 617 3148 debeatis
633 3081 675 3148 ad
690 3083 865 3148 onelsum
881 3088 915 3148 et
929 3082 1143 3168 Magnificum
1160 3083 1353 3169 Principem
1368 3084 1465 3151 domi·
1547 3064 1560 3098 '⁵

338 3211 414 3254 uum
439 3186 615 3256 Albertum
639 3190 704 3255 Dei
728 3191 837 3274 gratia
861 3189 987 3257 Ducem
1012 3187 1158 3258 Austrie.
1184 3189 1260 3276 Quo
1285 3190 1377 3276 prius
1397 3213 1465 3258 cum
1545 3187 1560 3262 'a

338 3297 444 3365 verbis
460 3296 708 3366 honorabilibus
719 3303 752 3363 et
760 3298 950 3365 decentibus
969 3306 1115 3383 exparte
1131 3304 1245 3366 nostra
1260 3299 1465 3366 affectuosius
1549 3307 1560 3343 ··’

339 3405 489 3485 salutato,
516 3404 581 3472 Sue
606 3405 830 3490 Magnitudini
856 3427 1017 3490 exponere
1042 3406 1201 3490 debeatis,
1225 3406 1315 3491 quod
1340 3407 1410 3491 ipse
1425 3407 1466 3474 ad
1547 3459 1561 3490 ,χ

338 3533 398 3578 nos
414 3514 504 3579 misit
520 3535 613 3578 suum
632 3512 901 3598 Ambaxatorem,
917 3515 1085 3580 dominum
1101 3513 1259 3581 Ottonem
1273 3512 1466 3598 Magistrum
1553 3490 1561 3594 Ξ

340 3621 439 3689 Ourie
465 3643 530 3702 sue,
547 3643 642 3705 quem
666 3622 804 3688 vidimus
830 3628 861 3687 et
878 3625 1059 3706 recepimus
1075 3622 1230 3689 alacriter
1246 3627 1280 3687 et
1296 3623 1467 3714 honorifice
1553 3664 1560 3725 ξ

339 3752 399 3815 pro
425 3728 547 3796 bonore
572 3730 651 3796 dicti
671 3730 792 3797 domini
807 3729 920 3810 Ducis,
935 3736 968 3796 et
983 3729 1157 3814 diligenter
1172 3730 1392 3797 intelleximus
1406 3749 1467 3796 om·
1550 3738 1561 3808 .':

338 3841 402 3919 nia,
427 3859 490 3922 que
516 3858 677 3921 exponere
702 3838 804 3904 voluit
829 3861 869 3903 cx
884 3843 980 3922 parte
996 3858 1065 3905 sua
1082 3838 1129 3904 Et
1144 3859 1218 3904 oum
1233 3839 1400 3922 rogaverit
1413 3857 1467 3904 nos
1546 3831 1560 3879 '³

339 3953 499 4030 exparte
524 3945 604 4011 dicti
628 3944 753 4010 domini
778 3944 890 4026 Ducisr,
917 3944 1007 4027 quod
1032 3946 1252 4029 complaceret
1265 3946 1370 4029 nobis,
1386 3945 1468 4032 quod
1543 3955 1561 4051 ἐι

338 4056 408 4138 ipse
432 4053 584 4122 dominus
608 4051 688 4118 Dux
713 4059 825 4137 posset
844 4071 913 4118 esse
929 4053 1091 4118 mediator
1107 4053 1147 4118 de
1164 4052 1299 4118 aconcio
1315 4053 1403 4118 iuter
1418 4051 1468 4119 Se

339 4163 546 4227 senissimum
562 4160 729 4227 dominum
744 4160 870 4245 Regem
886 4160 1061 4246 Hungarie
1076 4165 1110 4225 et
1125 4165 1271 4226 nostram
1287 4157 1469 4226 Communi-

338 4273 462 4334 tatem:
477 4270 678 4352 providimus
704 4269 747 4334 ad
772 4268 1029 4353 postulationem
1053 4267 1132 4333 dicti
1157 4268 1207 4333 sui
1223 4265 1470 4335 Ambaxiatoris
1557 4278 1558 4281 ’

339 4396 396 4442 ros
411 4374 455 4440 ad
469 4377 575 4459 ipsum
591 4377 758 4444 dominum
773 4377 898 4443 Ducem
914 4375 949 4440 iu
964 4383 1094 4441 nostros
1109 4373 1354 4442 Ambaustores
1369 4381 1470 4440 trans·

342 4483 478 4567 mittere,
497 4482 540 4550 ad
559 4485 819 4570 regraciaudum
834 4485 864 4550 ei
879 4484 919 4549 de
937 4504 996 4550 sua
1012 4482 1100 4551 bone
1114 4483 1292 4566 voluntate,
1308 4503 1408 4569 quam
1424 4503 1469 4550 os·
