3110 5248
374 345 437 450 tud
725 353 961 450 sanonicum
975 388 1142 448 urrunnun.

371 583 429 647 per
445 562 592 646 pulsauit
617 561 765 627 auditum
791 567 824 626 et
848 561 991 626 animum
1017 561 1236 642 conturbeuit,
1260 560 1350 646 quod
1374 565 1488 643 tnpost

371 668 550 753 ingressum
565 677 656 736 tuum
673 668 707 735 in
733 669 884 752 Regnum
910 666 1021 733 Sicilie
1037 667 1173 735 dilectos
1199 669 1286 735 filios
1314 668 1434 733 nobiles
1451 665 1489 730 ri·

372 795 425 842 ros
442 775 585 860 Regales
600 775 725 842 Domus
742 773 863 854 Sicilie,
886 772 943 859 qui
960 795 1000 841 ex
1022 775 1140 842 effectu
1159 777 1318 854 caritatis,
1335 796 1432 858 quam
1446 777 1487 838 in·

372 883 511 950 ducebat
526 885 572 948 eis
592 885 775 949 communio
805 882 984 966 sanguinis,
1007 883 1041 948 in
1067 881 1209 950 Ciuitate
1235 880 1420 964 Auersana,
1440 881 1487 945 rbi

371 998 450 1056 tunc
474 989 667 1071 morabaris,
690 996 728 1055 ut
744 995 786 1071 te,
817 988 900 1054 sicut
932 990 1069 1055 decebat
1096 987 1194 1055 Suam
1226 987 1488 1073 Magnitudinem,

371 1097 582 1180 honorarent,
597 1097 656 1163 tibi
681 1097 823 1162 letanter
839 1102 1057 1178 occurrerunt,
1082 1102 1114 1162 et
1139 1097 1327 1182 sperabant,
1343 1081 1425 1163 sicut
1439 1095 1489 1162 eli·

372 1225 425 1273 am
441 1223 575 1290 sperare
591 1203 802 1270 debebant'et
820 1211 983 1289 poterant,
1011 1204 1099 1288 quod
1113 1211 1151 1270 tu
1165 1209 1222 1271 'eos
1248 1204 1350 1270 etiam
1363 1204 1487 1269 honora·

371 1333 432 1390 res,
463 1311 563 1392 falsis,
598 1311 683 1376 sicut
705 1310 922 1394 probabiliter
950 1312 1119 1390 credimus,
1144 1309 1407 1396 persuasionibus
1434 1309 1486 1375 cir·

371 1425 569 1500 conventus,
585 1420 656 1504 capi
682 1419 788 1484 fecisti
814 1426 847 1483 et
863 1417 989 1484 detines
1015 1422 1181 1503 captiuos3
1198 1420 1237 1485 de
1254 1440 1318 1504 quo
1336 1440 1373 1483 eo
1389 1418 1485 1501 potius

371 1531 589 1609 ammiramur,
605 1550 668 1612 quo
685 1549 814 1593 oausam
830 1533 863 1593 et
879 1529 1081 1594 occasionem
1097 1528 1302 1612 captiuitatis
1318 1524 1486 1593 huiusmodi
1554 1582 1555 1625 ;

371 1657 430 1701 nec
445 1636 640 1714 audiuimus,
664 1657 724 1701 nec
752 1656 922 1718 possumus
949 1634 1102 1719 cogitare.
1127 1634 1211 1701 Cum
1237 1641 1347 1701 autem
1362 1632 1423 1716 ipsi
1438 1653 1487 1716 pro

371 1743 482 1809 debita
506 1743 627 1809 vitione
652 1742 809 1808 sumenda
825 1743 865 1808 de
881 1750 984 1808 morte
1000 1744 1090 1809 clare
1115 1745 1270 1809 memorie
1287 1741 1420 1806 Andree
1435 1737 1487 1804 Ra

371 1850 421 1934 gis
437 1849 559 1929 Sicilie,
576 1851 723 1932 germani
750 1852 807 1929 tui,
831 1850 945 1916 fecisse
962 1850 1122 1931 dicantur,
1154 1851 1312 1936 quidquid
1328 1848 1486 1932 potuerint,

371 1965 403 2022 et
418 1959 506 2024 ultra
523 1977 620 2041 quam
645 1958 758 2023 boaret
783 1959 915 2038 eisdem,
941 1964 975 2024 et
1001 1959 1084 2024 sicut
1109 1959 1289 2024 assertione
1314 1956 1485 2032 multorum,

371 2064 426 2148 qui
444 2085 477 2130 se
493 2087 590 2149 super
607 2067 669 2130 hoc
685 2071 809 2130 secrete
836 2073 870 2132 et
894 2067 1024 2150 publice
1041 2067 1273 2146 informarunt,
1287 2063 1484 2148 percepimus,

371 2171 512 2256 Regales
529 2172 668 2256 predicti
685 2171 725 2236 de
743 2173 863 2237 scelere
888 2173 1004 2238 mortis
1021 2170 1166 2238 eiusdem
1182 2191 1349 2253 nunquam
1367 2167 1485 2235 inarum

370 2279 498 2344 inuenti
514 2279 702 2362 culpabiles,
719 2280 777 2345 sed
793 2281 902 2363 potius
928 2280 1116 2345 innocentes
1133 2305 1139 2344 :
1157 2277 1374 2346 Serenitatem
1393 2274 1483 2340 'l'uan

1553 1510 1555 1557 l

371 2407 549 2468 monemus,
566 2387 761 2470 requirimus
777 2393 811 2451 ct
827 2407 979 2468 rogamus
996 2391 1129 2466 attente,
1145 2385 1206 2452 tibi
1221 2386 1272 2450 ini
1287 2384 1387 2451 etiam
1400 2381 1484 2448 hono·
1553 2461 1554 2464 Ἴ

370 2493 416 2558 ris
433 2494 556 2560 intuitu
572 2494 706 2559 sinceris
722 2493 893 2559 affectibus
911 2492 1096 2573 suadentes,
1113 2500 1272 2577 quatenus
1289 2489 1367 2575 quid
1383 2490 1484 2555 honori

370 2606 404 2666 et
420 2602 522 2667 statui
537 2607 593 2668 tuo
611 2604 770 2681 conuenit,
787 2600 907 2684 quidue
918 2599 1081 2685 expediat,
1093 2602 1182 2667 infra
1191 2599 1334 2686 pectoris
1349 2598 1397 2664 tui
1411 2597 1484 2661 cleu·

370 2715 439 2774 stra
454 2709 634 2791 reuoluens,
650 2709 792 2791 Regulos
808 2709 897 2792 ipsos
921 2731 981 2792 pro
1007 2708 1128 2775 Diuiue
1144 2708 1334 2777 Maiestatis
1349 2725 1485 2772 reneren-

369 2817 418 2882 tia
433 2823 466 2882 et
481 2823 592 2883 nostre
616 2815 865 2881 interuentionis
891 2816 1006 2882 obtutu
1033 2817 1187 2884 restituas
1213 2816 1381 2894 libertati,
1401 2811 1482 2878 nobis

370 2924 524 3008 quicquid
540 2945 635 3008 super
652 2925 713 2988 hoc
729 2923 914 2990 faciendum
931 2924 1071 3003 duxeris,
1089 2926 1159 2990 sinc
1175 2925 1334 2991 dilatione
1354 2919 1483 3005 qualibet

369 3032 596 3114 rescripturus.
611 3031 735 3096 Datum
760 3029 924 3097 Avinione
939 3029 1049 3098 XIII.
1065 3031 1223 3097 kalendas
1240 3031 1369 3110 Martii,
1385 3024 1483 3092 Ponti·

369 3137 484 3204 ficatus
499 3138 603 3204 nostri
620 3158 705 3203 anno
721 3145 820 3203 sexto.

476 3243 518 3308 In
543 3245 655 3311 eodem
681 3245 776 3310 modo
803 3244 972 3329 Hugolino
989 3246 1029 3312 de
1056 3245 1185 3311 Trincis
1217 3245 1375 3328 Voyuode
1390 3241 1483 3306 Tran-

369 3352 494 3416 silueno
509 3357 542 3417 et
559 3350 683 3417 Comiti
699 3352 848 3432 Zolnulr;
873 3351 1043 3436 Stephano
1058 3353 1209 3438 Dyonisii
1224 3352 1319 3419 Bano
1335 3353 1372 3416 dc
1387 3345 1484 3414 Sceni-

369 3458 421 3522 cin
438 3455 501 3542 (P),
524 3457 662 3524 Nicolao
689 3468 722 3525 et
746 3459 852 3525 Paulo
879 3460 919 3525 dc
943 3459 1038 3525 Laeh
1063 3461 1228 3527 Militibus
1244 3467 1278 3525 et
1295 3451 1482 3536 Consiliarijs

368 3565 527 3631 Ludouici
542 3565 643 3649 Regis
658 3562 824 3652 Vngarie3
848 3573 882 3632 et
897 3565 922 3632 J
924 3566 1045 3633 ohanni
1069 3567 1185 3634 Electo
1202 3562 1439 3652 vesprimiensi,
1451 3570 1481 3623 ut

368 3672 455 3756 apud
480 3672 664 3756 predictum
688 3674 813 3758 Regem
837 3694 898 3758 pro
925 3675 1118 3741 liberatione
1143 3675 1306 3743 dictorum
1322 3671 1482 3756 Regalinm

368 3779 542 3846 efficaciter
557 3801 592 3846 se
607 3781 826 3863 interponant

684 3925 742 3986 (Vl.
756 3924 888 3975 Keleuren
901 3925 974 3989 papa
987 3925 1176 3992 regestaibbl.)

850 4210 1009 4220 ...-.--—--
