3134 5252
7 333 25 440 Ξ
554 336 650 404 1347.
1099 340 1160 405 221

7 507 9 599 Ξ
65 521 93 580 ιι
107 515 184 597 quod
200 518 380 602 superiores
397 538 453 583 seu
469 515 596 582 Prelati
612 517 766 600 locorum,
781 514 942 582 Ordinum
965 515 1165 602 prefatorum

7 705 9 712 Ξ
59 621 221 708 hujusmodi
237 623 356 690 fratres
372 625 586 692 recreationis
602 626 653 690 vel
669 623 871 690 infirmitatis
891 645 999 706 causa,
1009 625 1049 690 de
1065 626 1165 691 licen·

7 797 9 824 Ξ
59 730 99 794 ιιι
111 732 244 814 ejusdem
259 729 389 798 Vicarii
406 733 449 798 ad
464 731 546 812 loca,
563 729 603 798 de
621 732 738 814 quibus
754 753 809 798 eos
826 732 935 797 vocari
952 733 1165 818 contingeret,

7 865 9 922 3
58 836 205 904 redeuntes
230 840 425 905 charitative
441 841 611 924 recipiant,
627 846 726 922 atque
751 845 904 922 tractent,
921 847 953 906 et
977 839 1051 906 illos
1067 840 1165 907 collo-

7 951 9 972 *
58 953 118 1010 cent
130 946 161 1010 in
175 947 260 1029 ipsis,
277 948 432 1029 quotiens
461 967 520 1031 pro
539 970 639 1014 causa
654 947 840 1015 huiusmodi
866 947 1048 1031 predictum
1066 945 1165 1015 Vica·

58 1053 127 1118 rium
139 1053 256 1120 fuerint
280 1057 444 1139 requisiti,
459 1079 526 1122 non
552 1057 758 1123 obstantibus
790 1056 958 1140 quibusuis
983 1056 1165 1142 privilegiis

7 1171 8 1204 ³
57 1181 104 1225 seu
116 1161 320 1247 mdulgentns
351 1186 410 1250 pre
411 1163 488 1230 fatis
521 1162 701 1232 Ordinibus
733 1166 782 1230 vel
815 1165 964 1249 personis
980 1185 1090 1230 eorum
1107 1186 1164 1232 seu

7 1261 15 1350 Ξ
57 1265 154 1334 officiis
169 1272 226 1336 sub
243 1292 442 1355 quacunque
458 1272 565 1339 forma
580 1273 753 1340 verborum
769 1274 940 1338 concessis.

146 1377 240 1445 Item:
247 1379 369 1464 Quod
359 1405 394 1446 m
405 1381 542 1467 singulis
553 1379 773 1448 Conuentrbus
783 1401 908 1465 magms
918 1380 1164 1448 Promncrarum

7 1473 9 1580 Ξ
59 1484 212 1551 uicinorum
227 1491 454 1571 predictorum
470 1489 631 1556 Ordinum
648 1489 792 1573 singulos
809 1487 981 1573 neophitos
1005 1491 1038 1554 iu
1055 1464 1165 1573 hujus-

7 1611 10 1684 Ξ
57 1591 126 1657 modi
136 1592 358 1663 conventibus
366 1597 401 1661 in
410 1597 531 1664 Latina
540 1595 774 1678 Grammatico,
785 1602 818 1660 et
827 1596 860 1661 in
870 1595 1032 1663 Doctrina
1042 1593 1165 1662 Sancte

7 1749 9 1786 Ξ
59 1699 185 1768 Romane
200 1703 355 1770 Ecclesia
381 1711 470 1772 certo
494 1713 639 1788 tempore
664 1704 880 1786 instruendos,
907 1705 1040 1786 quando
1064 1701 1165 1769 fuerit

7 1803 9 1912 Ξ
60 1827 176 1888 necesse,
190 1810 278 1876 idem
291 1809 563 1877 Vicariusvaleat
549 1807 895 1894 tauctoritatedpost
881 1810 981 1877 tolica
996 1811 1166 1877 collocare.

7 1915 9 2027 Ξ
146 1915 247 1983 It:em
266 1917 368 2003 Quod
383 1919 468 1984 idem
491 1917 644 1986 Vioarius
660 1919 809 2002 predicta
832 1940 893 1983 auc
893 1918 1027 1984 toritate
1042 1938 1166 1997 vocare,

7 2002 9 2096 Ξ
55 2027 80 2086 ιι
98 2025 230 2108 recipere
255 2046 298 2091 ac
331 2033 441 2092 ιιιιιι
457 2025 566 2094 ιιιιιι
593 2027 742 2092 sacerdot
728 2032 827 2092 ttese
813 2025 978 2092 tolericos
994 2025 1165 2103 seculares,

7 2141 120 2210 quos
136 2131 217 2196 dicto
232 2132 318 2198 fidei
335 2135 473 2218 negotio,
489 2142 523 2199 et
539 2135 721 2200 animarum
748 2133 847 2200 saluti
859 2133 1056 2218 judicaverit
1071 2153 1166 2217 opor·

7 2205 9 2328 Ξ
56 2241 142 2318 tunos,
155 2241 209 2322 qni
223 2261 302 2306 curn
317 2240 481 2324 gentibus,
498 2260 563 2305 non
579 2240 732 2307 obstante
747 2239 836 2324 quod
860 2241 926 2305 sint
951 2242 1166 2306 excommuni-

7 2329 9 2372 t
57 2343 165 2410 catione
178 2345 291 2430 ligate,
309 2349 547 2414 communicare
565 2347 703 2432 ualeant,
719 2349 803 2414 sicut
821 2346 954 2430 fratres,
970 2349 1088 2431 quibus
1104 2349 1165 2414 hoc

7 2493 9 2544 Ξ
55 2449 233 2534 inpartibus
249 2455 432 2523 infidelium
447 2479 507 2541 per
531 2456 704 2541 privilegia
720 2454 817 2522 Sedis
832 2453 1027 2540 Apostolice
1044 2457 1165 2522 dicitur

7 2545 10 2660 Ξ
54 2577 110 2623 esse
146 2582 342 2645 concessum,
372 2565 564 2648 possintque
599 2565 785 2630 constitutis
817 2563 938 2631 ibidem
978 2565 1165 2632 ministrare

7 2667 9 2766 Ξ
54 2664 268 2738 Ecclesiastico
294 2669 518 2753 Sacramenta,
543 2677 577 2737 et
602 2671 643 2738 ab
668 2671 733 2737 hiis
758 2672 930 2756 generibus
956 2678 1162 2755 peccatorum

7 2777 11 2856 Ξ
55 2771 200 2844 ιιιοιιιιι
215 2779 413 2864 penitentes,
430 2802 527 2864 super
542 2780 661 2865 quibus
677 2780 797 2846 eisdem
823 2779 978 2846 fratribui
1002 2779 1035 2843 in
1060 2779 1163 2862 parti·

7 2867 14 3006 Ξ
56 2876 104 2946 hus
117 2884 299 2953 infidelium
314 2909 335 2952 a
351 2885 437 2954 Sede
452 2887 580 2972 prefata
596 2886 785 2954 absolvendi
795 2886 929 2952 licentia
939 2891 989 2952 ιιι
1003 2905 1164 2970 concessa,

7 3027 9 3034 -
7 2987 95 3053 ιιι
108 3000 198 3072 prout
208 2995 258 3060 eis
274 2994 360 3060 idem
371 2991 523 3061 Vicarius
530 2997 624 3080 Juxta
633 3015 745 3061 eorum
754 2994 976 3074 idoneitatem
986 2999 1019 3059 ιι
1034 3012 1165 3060 casum

7 3035 9 3158 Ξ
56 3101 282 3168 occurrentrum
292 3102 517 3168 necessitatem
526 3099 723 3187 Apostohca
733 3102 931 3168 auctoritate
941 3099 1070 3166 (ιιιιιιιι
1083 3121 1168 3167 com·

7 3185 9 3320 Ξ
55 3204 238 3274 usandum
265 3207 311 3274 Et
336 3209 425 3292 quod
448 3209 548 3276 iidem
573 3210 722 3276 sacerdot
708 3216 757 3275 tes
782 3217 815 3276 et
839 3210 949 3275 clerici
973 3208 1109 3274 candem
1124 3209 1165 3275 de

7 3323 10 3424 Ξ
54 3307 237 3396 benignitate
254 3315 350 3383 Sedis
367 3315 477 3402 Apost
463 3318 561 3385 tolice
576 3318 723 3385 habeant
748 3319 997 3401 indulgentiam,
1028 3339 1091 3401 que
1105 3339 1165 3402 per

7 3421 9 3494 Ξ
55 3413 154 3490 Sedem
169 3423 333 3509 prelatum
350 3425 474 3492 eisdem
498 3425 681 3492 fratribus'
672 3448 707 3491 in
722 3426 871 3509 partibus
888 3424 1072 3492 infidelium
1089 3423 1165 3490 dici·

7 3498 9 3670 Ξ
54 3531 97 3591 tur
110 3551 176 3596 esse
201 3553 365 3599 concessa.
390 3535 437 3599 Et
463 3534 550 3616 quod
576 3533 636 3598 hec
660 3534 771 3600 omnia
795 3532 922 3616 possint
948 3538 981 3598 et
1022 3531 1167 3598 habeant

7 3639 220 3730 Ξιιιιιιιοιιι
238 3646 273 3705 ιι
298 3640 407 3706 ιιιιιιι
423 3642 604 3723 memorati,
621 3641 800 3724 quamdiu'
791 3663 826 3706 111
841 3642 914 3724 ipsa
929 3638 1067 3707 Vinaria
1082 3636 1163 3705 Bos·

7 3687 9 3830 Ξ
54 3745 130 3810 uensi
144 3746 183 3812 de
199 3747 310 3813 licent
286 3754 334 3813 ιιι
351 3756 384 3813 ιι
408 3747 519 3814 uolunt
505 3755 574 3814 tate
590 3749 716 3819 Vicarii
732 3747 853 3832 prefati
868 3752 1046 3814 morantur.

7 3839 10 3854 Ξ
143 3853 249 3920 Item.
265 3851 365 3938 Quod
375 3862 450 3938 grat
450 3857 501 3922 ias
504 3856 701 3941 ,priuilegia
711 3861 744 3922 et
754 3853 984 3939 indulgentias,
1000 3875 1062 3936 que
1078 3851 1166 3917 Reli·

7 3929 10 4036 Ξ
58 3957 141 4038 giosis
157 3963 243 4028 iuter
255 3961 416 4029 Tartaros
431 3972 465 4029 et
480 3963 629 4030 infideles
643 3963 724 4029 alios
736 3963 854 4029 scisma
856 3963 938 4028 ticos
957 3981 1016 4044 pro
1031 3960 1166 4041 amplia·

7 4051 77 4150 Ξ
56 4066 129 4132 tione
151 4071 227 4136 fidei
253 4067 423 4135 Catholice
457 4070 685 4137 laborantibus
710 4069 943 4150 conceduntur,
959 4068 1059 4134 etiam
1089 4067 1161 4134 istis

7 4159 10 4272 Ξ
57 4173 221 4260 Religiosis,
248 4178 303 4260 qui
330 4198 390 4261 pro
417 4177 530 4243 eadem
555 4198 654 4244 causa
679 4178 713 4242 in
737 4177 812 4263 pari
836 4176 979 4260 periculo
1006 4197 1069 4241 non
1094 4197 1167 4244 cum

7 4289 12 4370 Ξ
54 4280 215 4352 minoribus
231 4285 392 4368 angustiis
418 4285 453 4349 in
477 4285 589 4352 Bosna
604 4285 768 4369 loborant,
793 4284 971 4368 dignemini
987 4285 1167 4352 misericor·

7 4371 10 4474 Ξ
56 4385 126 4452 (ιιιιι
146 4392 315 4476 impertiri.

7 4483 9 4518 Ξ
145 4499 227 4566 Item
242 4501 408 4585 supplicat
422 4502 507 4568 idem
521 4502 643 4585 Bonus,
660 4502 747 4583 quod
765 4501 853 4566 dicto
879 4500 1040 4567 Bosuensi
1066 4499 1164 4570 Vica-
