3220 5262
392 405 456 468 676
752 413 989 466 aunonenses
1005 403 1174 464 mlxxx.

391 579 479 664 qnod
496 577 680 646 huiusmodi
695 577 761 663 lige
777 598 833 644 sen
850 577 983 644 uniones
1000 576 1123 642 eisdem
1139 575 1319 662 periculum
1337 595 1395 642 seu
1414 577 1514 660 prein-

390 688 512 754 dieium
538 709 604 755 non
629 685 774 754 inierant
789 685 940 770 aliquale.
957 683 1199 752 Nicbilomiuus
1215 689 1331 752 contra
1347 684 1447 750 talem
1462 705 1515 750 sen
1582 747 1583 750 ,

387 795 482 880 tales,
506 818 579 863 cnm
605 817 669 881 quo
695 817 752 862 seu
778 794 897 880 quibus
921 795 1008 878 ligas
1033 815 1090 860 seu
1116 795 1250 861 sniones
1282 793 1408 878 absque
1439 791 1514 858 dicti

387 903 502 972 fratris
527 911 562 971 et
588 903 747 971 ammonli
773 904 877 970 nostri
900 903 993 986 scitu,
1010 902 1145 970 oonsilio
1163 907 1197 968 et
1212 899 1384 968 voluntate
1400 897 1488 967 nosl
1505 939 1516 952 ·

388 1033 462 1077 cere
487 1013 701 1098 contingeret,
728 1011 833 1078 eidem
857 1009 956 1078 tratri
980 1019 1014 1077 et
1042 1009 1210 1076 auunculo
1242 1015 1353 1074 nostro
1388 1009 1516 1090 eiusque

387 1119 560 1189 heredibus
575 1127 609 1186 et
624 1119 875 1202 successoribus,
890 1118 967 1186 dum
983 1117 1018 1183 id
1034 1118 1213 1185 necessitas
1230 1117 1388 1201 exigeret,
1397 1134 1516 1198 nosque

386 1228 528 1314 desuper
553 1229 690 1296 amoniti
716 1228 882 1310 fuerimus,
908 1228 983 1293 istis
1007 1226 1081 1312 ligis
1107 1247 1172 1293 non
1203 1224 1413 1292 obstantibus
1444 1245 1513 1290 eum

387 1337 537 1404 omnihus
561 1337 670 1418 torris,
694 1336 847 1403 dominiis
872 1341 907 1402 et
931 1335 1072 1403 subditis
1098 1335 1228 1416 nostris,
1252 1341 1351 1418 prout
1370 1334 1516 1419 superius
1605 1339 1606 1346 ’

386 1445 496 1512 extitit
521 1451 756 1530 expressatum,
780 1443 922 1512 fideliter
946 1444 1071 1530 absque
1096 1429 1213 1510 fraude
1236 1450 1271 1510 et
1287 1444 1365 1510 dolo
1381 1443 1517 1521 auxiliis,
1605 1469 1606 1472 ¹

388 1551 532 1619 consiliis
548 1561 580 1619 et
597 1551 764 1620 fauoribus
780 1553 934 1619 assistere
950 1551 1106 1618 debemus
1122 1556 1156 1617 et
1171 1551 1320 1618 volumus
1339 1554 1516 1636 oportunis.
1605 1593 1606 1596 =

386 1663 460 1731 Nos
474 1665 579 1730 eciam
595 1663 667 1730 Rex
684 1663 833 1749 Vngarie
849 1663 1034 1749 prelibatus
1048 1664 1157 1729 omnia
1167 1671 1201 1728 et
1211 1663 1339 1749 singula
1349 1665 1514 1749 premissa,
1604 1683 1606 1686 ·

390 1777 488 1854 prout
514 1771 639 1856 scripta
665 1777 751 1853 sunt,
769 1791 829 1856 pro
845 1771 939 1838 nobis
954 1778 988 1837 et
1004 1772 1194 1838 memoratis
1210 1770 1373 1838 fratribus
1389 1773 1516 1852 nostris,
1604 1820 1606 1858 ‚

386 1878 637 1964 eorumdemque
670 1886 703 1944 et
734 1881 856 1944 nostris
887 1877 1064 1948 heredibus
1096 1885 1130 1946 et
1160 1879 1403 1947 successoribus
1435 1879 1517 1946 dicto

386 1989 481 2055 fratri
506 1997 540 2056 et
562 1989 730 2056 auunculo
746 1990 914 2057 carissimo
930 1990 1018 2057 Duei
1034 1989 1178 2056 Bauarie
1194 1992 1329 2073 eiusque
1344 1990 1517 2056 heredibus

386 2103 420 2162 et
443 2099 683 2166 successoribus
709 2101 917 2182 promisimus
951 2106 985 2164 et
1017 2099 1050 2164 in
1076 2099 1138 2164 hiis
1168 2099 1299 2182 scriptis
1324 2099 1517 2183 spondemus
1604 2085 1606 2108 ‘

388 2202 475 2269 bona
499 2204 564 2270 fide
579 2207 726 2291 prestitis
747 2207 885 2291 desuper
901 2207 1128 2292 corporalibus
1145 2207 1336 2273 iuramentis
1352 2213 1519 2306 perpetuo⁷

386 2312 664 2395 irrefragabiliter
690 2321 722 2380 et
745 2314 986 2382 inueniabiliter
1012 2335 1051 2380 ac
1076 2315 1147 2380 sine
1166 2315 1243 2380 dolo
1259 2313 1398 2380 firmiter
1415 2315 1520 2380 ohser-

388 2439 476 2485 uare.
492 2419 538 2486 Et
554 2421 602 2486 sio
618 2421 782 2508 similique
797 2422 894 2489 modo
911 2422 1018 2489 dictus
1035 2421 1139 2489 irater
1155 2429 1188 2488 et
1204 2422 1392 2488 auunculus
1409 2429 1519 2490 noster
1604 2401 1606 2478 l

386 2527 575 2593 carissimus
600 2529 734 2615 eiusque
759 2530 895 2597 heredes
920 2538 952 2596 et
978 2551 1180 2598 successoros
1205 2529 1300 2596 nobis
1326 2535 1361 2596 et
1379 2531 1519 2615 prelatis
1603 2483 1606 2562 l

387 2637 508 2703 nostris
532 2636 704 2723 fratribus,
719 2636 931 2723 ipsorumque
955 2645 988 2706 et
1013 2639 1134 2705 nostris
1152 2638 1326 2705 heredibus
1342 2645 1377 2704 et
1394 2661 1519 2706 succes·
1604 2649 1605 2652 ’

388 2745 515 2811 soribus
541 2745 574 2810 in
599 2745 767 2830 premissis
792 2749 861 2812 vice
886 2746 1053 2831 reciproca
1079 2751 1155 2812 sunt
1178 2747 1268 2828 vnit-i,
1285 2747 1460 2813 inionibus
1474 2754 1519 2812 ta-

387 2871 460 2917 men
486 2856 519 2917 et
544 2853 666 2919 litteris
694 2855 847 2920 unionum
871 2853 998 2938 pridem
1014 2876 1149 2940 pernes
1166 2854 1209 2920 ad
1227 2855 1364 2921 inuicem
1382 2854 1473 2921 datis
1489 2863 1518 2920 et
1602 2921 1604 2948 ἶ

387 2960 547 3026 concessis
572 2961 605 3026 in
631 2954 926 3047 omnibus'semper
946 2963 1047 3030 saluis
1063 2966 1271 3030 remansuris.
1287 2961 1345 3028 Ita
1359 2963 1518 3042 videlicet,
1602 2985 1604 3052 ῃ

388 3068 476 3151 qnod
501 3069 614 3136 eedem
639 3091 768 3156 semper
793 3079 947 3138 maneant
969 3071 1003 3136 in
1018 3071 1105 3138 omni
1121 3071 1262 3157 pristina
1279 3070 1408 3137 roboris
1422 3071 1518 3136 firmi-
1602 3061 1604 3088 ¹

384 3183 464 3243 tate.
488 3175 624 3262 Nosque
652 3177 798 3262 prefatus
823 3178 897 3245 Rex
925 3179 1073 3263 Vngarie
1099 3177 1332 3246 Serenissimos
1350 3179 1517 3265 Principes

386 3284 534 3351 dominos
550 3284 762 3354 Karimerum
778 3287 903 3370 Regem
918 3287 1056 3354 Polonie
1067 3294 1100 3353 et
1108 3309 1219 3353 omnes
1239 3285 1351 3352 Duces
1367 3287 1518 3369 Bouario,

386 3391 505 3460 iratres
531 3402 564 3461 et
584 3396 771 3463 auunculos
788 3404 917 3463 nostros
935 3397 1121 3462 carissimos
1137 3396 1314 3481 excipimus
1331 3397 1470 3482 singulis
1487 3399 1517 3461 in

383 3503 559 3584 premissis.
584 3501 629 3570 let
652 3507 685 3570 in
702 3506 934 3588 premissarum
952 3507 1103 3571 unionum
1120 3511 1313 3591 perpetuam
1330 3505 1515 3572 firmitatem

385 3631 444 3675 nos
470 3609 543 3677 Rex
570 3611 719 3696 Vngarie
744 3613 914 3697 predictus
939 3635 999 3699 pro
1025 3613 1118 3681 nobis
1134 3621 1168 3680 et
1185 3611 1344 3680 antelatis
1360 3613 1518 3680 iratribus
1600 3651 1602 3666 ι

385 3719 518 3802 nostris,
543 3721 796 3807 eorumdemque
821 3729 854 3788 et
878 3723 999 3789 nostris
1027 3721 1202 3789 heredibus
1227 3728 1260 3787 et
1280 3723 1517 3788 successoribus
1599 3751 1601 3756 ¹

385 3825 515 3910 prelato
555 3826 652 3895 fratri
684 3836 717 3895 et
748 3833 916 3897 auunculo
949 3839 1060 3897 nostro
1091 3830 1177 3897 Duci
1208 3829 1353 3898 Bauarie
1386 3831 1518 3916 eiusque
1599 3821 1601 3912 j

383 3932 560 4002 heredibus
585 3945 618 4002 et
642 3938 884 4006 successoribus
910 3939 970 4004 bas
995 3939 1123 4005 litteras
1156 3938 1217 4004 sub
1251 3939 1388 4004 maioris
1420 3939 1519 4023 sigilli
1598 3913 1601 3988 l

272 4121 275 4128 Δ
384 4046 488 4110 nostri
529 4047 730 4131 appensione
772 4048 888 4116 damus
921 4049 1060 4133 desuper
1094 4046 1264 4132 sigillatas.
1297 4047 1425 4114 Datum
1457 4049 1518 4115 Po
1595 4043 1600 4094 ἱ

385 4153 468 4219 sonii
492 4153 575 4220 ferie
608 4157 723 4238 quinta
754 4158 901 4242 proxima
932 4164 1007 4242 post
1037 4155 1155 4223 festum
1189 4158 1385 4226 Natinitstis
1415 4157 1518 4226 Beate
1599 4144 1600 4214 J

384 4260 533 4344 Virginis
559 4261 667 4328 Maris
692 4285 778 4330 nnno
798 4262 931 4332 Domini
948 4264 1121 4332 millesimo
1137 4266 1368 4331 trecentesimo
1387 4287 1518 4347 sexage-

384 4389 465 4432 simo
480 4389 575 4436 nono.

384 4495 523 4560 OErsdotie
537 4498 709 4564 bdrhdrtydn
723 4499 919 4552 Mdnoheuhen
934 4517 950 4554 a
963 4501 1042 4568 balos
1056 4501 1158 4566 kirtlyi
1173 4501 1303 4568 omaigos
1321 4503 1516 4558 lereltsirbsad
