3214 5260
386 433 451 492 478
742 446 976 490 succensemini
994 433 1159 492 sachunu

386 605 602 670 serenitatem
613 605 719 670 'lbram
735 611 862 671 attente
878 626 1033 686 rogamus
1050 612 1211 687 quatenus
1228 625 1276 684 ea,
1287 623 1350 684 que
1365 602 1504 688 prelatus

383 713 568 796 Episcopus
582 713 643 778 tibi
660 733 758 796 super
775 713 834 778 hoc
850 735 910 796 pro
926 721 1021 796 parte
1032 718 1141 778 nostra
1156 713 1318 794 retulerit,
1334 711 1447 776 credas
1463 713 1505 776 iu·

384 819 492 903 dubie,
517 822 644 903 sibique
670 821 759 887 eirca
784 821 998 888 directionem
1022 842 1212 905 prosperam
1238 827 1271 886 et
1287 818 1415 884 felicem
1430 841 1506 884 com·

386 929 474 993 missi
490 929 519 992 ei
535 930 657 1012 negotii
675 949 734 1011 pro
745 927 862 994 Divino
881 929 1062 994 reverentia
1078 928 1275 1009 Maiestatis,
1286 933 1399 992 nostre
1415 929 1506 992 inter·

383 1036 537 1101 cessionis
553 1036 679 1120 obtutu,
695 1043 749 1101 tue
765 1035 1017 1100 corsideratione
1034 1033 1148 1100 salutis
1164 1042 1197 1100 et
1213 1035 1341 1119 publice
1357 1035 1506 1099 utilitatis

384 1142 504 1207 intuitu
529 1141 664 1208 assistas
691 1143 835 1208 consiliis
859 1149 894 1207 et
918 1141 1046 1207 auxiliis
1063 1144 1242 1226 oportunis.
1259 1142 1385 1208 Datum
1403 1139 1507 1206 Arini-

384 1270 446 1314 0ne
462 1249 572 1316 idibus
587 1249 740 1316 Januarii
758 1249 972 1316 Pontificatus
987 1252 1089 1317 nostri
1105 1272 1190 1318 anno
1206 1251 1331 1334 quinto.

490 1358 532 1423 In
557 1357 671 1424 eodem
695 1358 792 1425 modo
818 1357 996 1424 Elisabeth
1021 1356 1149 1441 Regine
1172 1356 1321 1442 Vngarie
1337 1357 1465 1442 illustri,
1479 1361 1507 1420 et

383 1463 652 1551 Archiepiscopis
688 1463 914 1548 strigoniensi,
940 1463 1122 1548 Colocensi
1147 1464 1411 1548 Salzeburgensi,
1436 1463 1508 1529 Pra-

383 1572 485 1654 gensi,
502 1579 533 1637 et
549 1572 713 1654 Episcopo
731 1571 948 1638 Olomuceusi.

727 1717 784 1778 (VI.
808 1717 889 1766 Incze
902 1716 974 1780 ptpa
987 1716 1172 1782 ragemundi.)

867 1857 1026 1868 ...ιο-..-

913 2025 986 2086 382.

388 2183 454 2266 VI.¹
473 2184 566 2249 lucae
589 2187 681 2270 pdpa
697 2208 718 2247 α
735 2185 889 2248 velenczei
904 2185 996 2271 depes
1012 2184 1090 2264 inti,
1105 2185 1187 2271 bopy
1212 2208 1233 2248 a
1257 2185 1382 2250 Dusan
1399 2185 1502 2249 Ictodn

428 2292 568 2356 ezerdiai
585 2291 772 2356 cadendi-rel
798 2292 894 2357 totos
911 2291 1109 2378 szdeetseptdi
1124 2291 1231 2376 lepjeu
1247 2292 1354 2356 oiesza
1374 2293 1469 2358 1357.

490 2451 765 2536 LitterePapales
782 2451 1000 2518 adDucatum
1011 2452 1223 2522 Venetiarum
1233 2472 1294 2536 pro
1304 2451 1402 2518 motis
1412 2451 1508 2535 Regis

382 2557 565 2644 Hungarie.

491 2667 705 2735 Innocentius
719 2667 902 2753 Episcopus
919 2690 1029 2735 semus
1047 2691 1212 2736 serrorum
1227 2667 1292 2734 Dei
1308 2669 1432 2736 dilecto
1446 2666 1508 2735 filio

382 2776 484 2843 nobili
500 2779 570 2843 uiro
590 2776 732 2842 Iohanni
749 2773 938 2843 Gredonico
963 2777 1048 2844 Duci
1073 2775 1287 2848 Venetiarum
1313 2778 1458 2844 salutem
1479 2783 1508 2842 et

382 2883 609 2968 Apostolicam
626 2883 894 2950 benedictionem.
906 2883 963 2949 Ad
979 2885 1180 2952 audientiam
1196 2892 1345 2953 nostram
1356 2885 1508 2971 pervenit,

382 2993 470 3076 quod
486 2991 537 3060 '1¹11
553 3002 586 3059 et
603 2991 712 3060 dilecti
729 2991 789 3057 filii
800 2991 977 3059 Commune
988 2993 1212 3076 Venetiarum,
1222 3017 1295 3061 cum
1305 2995 1370 3060 Dei
1387 3003 1423 3061 et
1439 2993 1507 3062 fidei

383 3101 559 3169 Catholice
569 3102 716 3182 inimicis,
730 3099 822 3184 Rege
853 3101 990 3185 aliisque
1006 3102 1234 3185 Rassensibus,
1260 3104 1454 3170 scismaticis
1478 3107 1507 3166 et

383 3209 532 3274 hereticis
549 3209 737 3292 manifestis
747 3208 1042 3276 confederationem
1059 3211 1177 3277 iniistis
1194 3217 1228 3278 et
1236 3212 1345 3295 ligem,
1355 3212 1507 3294 illamque

376 3319 638 3401 juramentorum
671 3319 983 3402 interpositionibus,
1017 3327 1050 3385 et
1089 3341 1247 3404 penarum
1287 3320 1506 3386 additionibus
1596 3361 1598 3420 3

381 3425 568 3491 roborastis.
585 3423 681 3509 Quod
705 3425 784 3491 licet
808 3432 938 3492 attenta
963 3429 1152 3494 sinceritate
1178 3427 1359 3493 devotionis
1376 3435 1411 3492 et
1427 3427 1506 3492 fideii
1595 3437 1597 3468 ¹

381 3555 479 3616 quam
512 3533 564 3598 'lu
589 3540 622 3597 et
647 3534 725 3598 dieti
747 3533 925 3600 Commune
950 3555 1076 3619 semper
1101 3535 1145 3600 ad
1161 3534 1277 3616 Deum,
1293 3537 1351 3616 qui
1366 3535 1504 3618 ejusdem

381 3641 457 3707 fidei
474 3648 568 3706 actor
584 3651 615 3707 et
633 3647 733 3725 caput
749 3649 807 3721 est,
816 3641 987 3722 habuistis,
997 3643 1130 3709 credere
1146 3643 1240 3709 facile
1257 3665 1320 3709 non
1331 3645 1504 3727 possimus:
1593 3677 1597 3752 ,⁴

380 3757 488 3813 tamen
508 3747 587 3813 Tuis
603 3755 636 3812 et
651 3748 812 3813 dictorum
829 3747 1018 3815 Communis
1045 3771 1143 3834 super
1165 3751 1226 3816 hoc
1244 3750 1329 3815 fame
1360 3759 1395 3815 et
1411 3748 1504 3815 saluti
1595 3767 1597 3798 z

381 3855 551 3921 consulere
567 3862 708 3938 paterna
723 3856 941 3922 sollicitudine
951 3859 1140 3940 cupientes,
1156 3864 1189 3923 et
1200 3858 1415 3939 attendentes,
1426 3855 1505 3939 quod
1595 3887 1597 3938 ς

381 3964 566 4032 huiusmodi
591 3964 658 4046 liga
685 3966 772 4030 inter
797 3966 1001 4031 carissimum
1026 3966 1059 4029 in
1086 3965 1219 4031 Christo
1245 3965 1347 4030 filium
1362 3973 1504 4029 nostrum
1595 4011 1597 4028 2

380 4074 581 4140 Ludovicum
597 4073 724 4156 Regem
742 4073 909 4157 Vngariae
924 4072 1103 4155 illustrem,
1119 4075 1174 4156 qui
1184 4073 1365 4139 Rassenses
1381 4073 1503 4138 eosdem
1596 4139 1597 4178 ,

381 4181 423 4247 ad
449 4181 676 4266 extirpandum
703 4182 742 4247 de
766 4182 917 4266 partibus
941 4182 1007 4247 illis
1031 4183 1227 4266 pravitatem
1252 4183 1432 4247 hereticam
1463 4179 1503 4246 fs·
1594 4241 1596 4276 ,

380 4298 474 4355 vente
491 4288 633 4356 Domino
651 4311 838 4374 expugnare
853 4293 1015 4373 proponit,
1031 4297 1065 4355 et
1088 4289 1135 4355 Te
1151 4291 1288 4354 invicem
1305 4289 1503 4366 dissidentes,

381 4399 424 4464 ad
450 4419 588 4481 quorum
613 4421 725 4482 pacem
749 4398 988 4482 procurandam
1005 4399 1174 4464 enittimus
1191 4397 1282 4483 (igy),
1299 4398 1502 4462 seminarium

380 4507 516 4592 majoris
532 4507 658 4573 dissidii
676 4529 745 4573 esse
761 4511 881 4590 posset,
897 4505 930 4571 N
932 4506 1113 4572 obilitatem
1130 4506 1236 4571 Tuam
1252 4511 1378 4570 attente
1403 4503 1502 4587 requi·

380 4617 480 4684 rimus
497 4621 530 4680 et
546 4615 725 4694 hortamur,
740 4614 830 4678 illam
846 4620 972 4679 att-ente
988 4622 1152 4698 rogantes,
1177 4613 1317 4694 'sibique
1334 4611 1502 4678 suadentes

1591 4825 1596 5101 l
