3220 5262
394 399 459 462 658
758 417 992 465 mmomncznn
1008 405 1175 466 suessan.

388 582 488 655 tores,
516 575 698 660 complices,
722 575 875 644 subditos
897 583 931 643 et
946 576 1091 645 fautores
1107 577 1222 662 Regno
1238 585 1271 645 et
1288 577 1419 647 Ooroue
1434 579 1522 647 Hun-
1605 605 1607 660 l

388 683 488 768 garis,
522 706 578 750 seu
604 685 725 750 nostris
750 683 901 752 dominiis
927 693 960 752 et
985 687 1133 753 confiniis
1158 689 1366 772 contiguatos
1385 688 1523 755 confines
1605 691 1607 724 l

391 791 441 858 sel
471 792 591 857 uicinos
614 794 701 878 ipsos
718 790 830 860 Duces
849 792 997 861 Bawarie
1016 801 1179 862 eteorum
1195 796 1343 863 subditos
1359 803 1523 866 teneamur

391 906 424 965 et
450 897 625 966 debeamus
651 899 825 968 defendere
856 909 889 967 et
913 901 1055 970 fideliter
1077 904 1246 986 adiuuare,
1261 906 1359 972 terris
1376 908 1479 973 eciam
1495 914 1524 972 et
1606 907 1607 946 ³

391 1007 595 1086 ciuitatibus,
623 1008 863 1078 municionibus
881 1017 914 1076 et
930 1012 1049 1076 castris
1066 1033 1121 1077 seu
1139 1013 1324 1080 homiuibus
1340 1012 1456 1080 subtus
1472 1036 1524 1082 seu
1605 1083 1607 1104 ,

392 1113 528 1182 inferius
539 1118 573 1181 in
593 1115 751 1183 descensu
767 1115 918 1199 fluminis,
930 1120 1017 1202 quod
1035 1119 1203 1204 wlgariter
1218 1122 1288 1188 Dus
1312 1129 1524 1206 nuncupatur,
1604 1107 1607 1148 ⁷

393 1225 426 1288 in
438 1223 544 1291 stadio
554 1227 726 1295 soulittore
736 1226 805 1311 tali,
815 1235 913 1311 prout
924 1227 1043 1294 ciuitas
1054 1229 1193 1296 Wienua
1202 1228 1314 1296 existit
1324 1229 1459 1311 situata,
1470 1252 1524 1314 per
1605 1297 1607 1314 ,

392 1351 451 1400 nos
463 1339 496 1400 et
506 1333 611 1400 dictos
623 1335 802 1400 auunculus
812 1341 943 1402 nostros
953 1334 1106 1403 Bawarie
1121 1338 1230 1405 Duces
1244 1341 1463 1406 communiter
1477 1339 1524 1404 sel
1605 1401 1607 1412 ,

393 1439 523 1508 diuisim
546 1443 581 1507 in
609 1442 795 1509 huiusmodi
825 1443 941 1528 litigiis
972 1445 1108 1513 devictis
1140 1452 1174 1512 et
1204 1447 1400 1531 subiugatis,
1431 1447 1523 1512 nobis
1606 1509 1607 1514 ,

391 1547 564 1614 Ludouico
588 1547 674 1634 Regi
698 1549 872 1635 Hnugarie
895 1559 929 1619 et
944 1554 1067 1619 nostris
1083 1553 1259 1621 heredibus
1274 1556 1309 1620 in
1323 1561 1394 1621 toto
1411 1554 1523 1621 cedent

392 1662 426 1722 et
440 1655 672 1741 remanebunt3
698 1660 795 1726 terris
805 1666 915 1726 autem
941 1667 973 1726 et
995 1659 1192 1745 ciuitatibus,
1211 1661 1452 1730 municionibus
1470 1684 1524 1729 seu
1606 1687 1607 1752 3

393 1765 579 1833 hominibus
606 1788 705 1851 supra
730 1788 787 1833 seu
814 1769 963 1854 superius
987 1769 1021 1834 in
1046 1790 1181 1836 ascensu
1207 1769 1351 1837 fluminis
1384 1771 1520 1855 predicti

394 1874 464 1939 Ens
489 1875 653 1959 wlgariter
678 1878 857 1960 nuncupati
873 1876 906 1942 in
922 1875 1030 1943 stadio
1047 1897 1104 1944 seu
1119 1878 1231 1944 littore
1246 1879 1307 1944 tali
1322 1885 1423 1963 prout
1439 1877 1524 1944 Oini-

392 1987 445 2047 tas
471 1983 629 2050 Pazaawe
654 1985 767 2050 existit
793 1985 924 2068 situata,
950 1986 1000 2052 vel
1019 1986 1055 2052 in
1069 1986 1200 2054 Duoatu
1218 1985 1409 2073 Oarinthye,
1424 1987 1477 2052 vel
1492 1989 1522 2052 in
1605 2037 1607 2090 l

397 2089 564 2158 Oomitatu
590 2092 721 2176 ll'irolis,
745 2095 795 2160 vel
820 2095 903 2161 alias
930 2096 963 2160 in
989 2095 1112 2164 talibus
1136 2097 1284 2162 terminis
1301 2117 1360 2163 seu
1376 2096 1521 2162 confiniis
1606 2095 1607 2098 ’

394 2221 453 2284 per
477 2221 536 2266 nos
564 2208 597 2266 et
623 2201 729 2269 dictos
747 2204 928 2269 auunculus
945 2210 1074 2270 nostros
1090 2205 1240 2271 Bewaric
1256 2205 1367 2272 Duces
1383 2223 1523 2270 commu·
1605 2213 1607 2292 j

394 2309 481 2374 niter
506 2309 555 2374 vel
581 2310 711 2376 diuisim
728 2311 762 2376 iu
781 2311 964 2378 huiusmodi
980 2311 1097 2396 litigijs
1128 2311 1267 2378 deuictis
1283 2320 1317 2380 ct
1332 2310 1521 2396 subiugatis,
1605 2345 1607 2366 2

393 2415 542 2484 Ducibus
567 2418 714 2486 Bawarie
739 2419 914 2505 prelibatis
940 2426 1108 2486 eteorum
1136 2419 1310 2486 heredibus
1333 2421 1368 2485 in
1384 2425 1458 2486 toto
1475 2439 1521 2484 ce·
1599 2438 1607 2512 j

394 2523 474 2591 dent
494 2533 527 2593 et
554 2527 746 2611 simpliciter
773 2528 1007 2610 remanebunt;
1029 2528 1180 2610 ¹omuibus
1205 2526 1521 2594 contradiccionibus
1606 2513 1607 2550 ³

394 2634 429 2698 in
453 2635 620 2718 premissis
644 2636 776 2703 semotis
801 2637 932 2720 penitus
956 2644 990 2701 et
1015 2636 1162 2704 exclusis.
1184 2635 1256 2702 Nec
1272 2641 1383 2702 tamen
1399 2635 1517 2701 eisdem
1605 2647 1607 2670 ³

394 2741 605 2829 Principibus
617 2741 753 2810 Austrie
762 2742 919 2826 Ducibus,
930 2744 980 2810 vel
989 2765 1062 2810 cum
1073 2744 1242 2828 quibusuis
1253 2743 1326 2809 aliis
1336 2743 1519 2808 homiuibus

394 2851 446 2919 vel
470 2850 585 2932 altero,
602 2872 674 2917 cum
693 2851 818 2936 quibus,
835 2857 872 2918 ut
886 2850 1059 2936 prefertur,
1073 2851 1215 2936 litigium
1234 2853 1449 2934 contingeret,
1465 2869 1520 2914 nos
1606 2857 1607 2862 ’

394 2959 477 3028 inire
511 2962 600 3046 pacis
642 2980 698 3025 seu
722 2960 893 3027 concordie
923 2981 979 3027 seu
1010 2961 1125 3045 queuis
1156 2959 1221 3026 alia
1251 2965 1444 3042 treugarum
1475 2955 1523 3023 rel

394 3070 485 3153 pacti
495 3066 611 3134 federa
621 3067 686 3132 vllo
696 3089 837 3151 uuquam
854 3073 1000 3151 tempore
1017 3067 1217 3134 servabimus
1228 3066 1523 3150 absquedictorum
1606 3157 1607 3160 Ἴ

395 3177 525 3243 Ducum
551 3175 703 3242 Bauarie
729 3177 822 3255 scitu,
848 3175 984 3243 consilio
1009 3175 1133 3260 pariter
1160 3182 1371 3255 classense,
1412 3174 1460 3240 sic
1493 3178 1525 3237 et
1606 3241 1607 3250 ,

395 3285 492 3350 iidem
518 3284 629 3350 Duces
653 3284 803 3352 Bawarie
823 3284 884 3350 hec
900 3285 1014 3351 eadem
1030 3285 1123 3351 nobis
1139 3284 1317 3350 seruabnnt
1333 3290 1435 3367 atque
1448 3284 1524 3350 iaci·
1605 3333 1607 3376 ;

395 3399 451 3462 ent
475 3394 646 3461 viceversa.
671 3391 947 3477 Recognoscimus
966 3394 1077 3476 eciam,
1093 3393 1180 3476 qnod
1196 3415 1268 3458 cum
1285 3393 1375 3459 nullo
1393 3395 1520 3460 homine
1605 3423 1607 3442 =

396 3501 429 3568 iu
448 3503 570 3569 mundo
586 3504 715 3569 uiuente
731 3502 856 3568 nullam
881 3522 1022 3587 unquam
1048 3501 1157 3586 ligem,
1183 3503 1440 3569 communionem
1468 3525 1522 3567 scu
1605 3521 1607 3524 ·

396 3610 708 3695 confederaciouem,
734 3632 796 3694 que
821 3615 937 3678 contra
961 3611 1067 3678 dictos
1086 3612 1264 3678 auunculos
1280 3617 1410 3678 nostros
1428 3613 1523 3678 ceris-

396 3719 495 3785 simos
520 3717 671 3786 Bauarie
695 3718 805 3784 Duces
829 3717 900 3784 lore
925 3739 982 3784 seu
1000 3719 1073 3784 fieri
1088 3725 1221 3804 possent
1236 3718 1441 3804 temporibus
1458 3721 1521 3783 vite
1606 3791 1607 3796 ἵ

394 3833 514 3912 nostre,
538 3827 741 3895 firmabimus
767 3847 826 3893 nec
850 3827 989 3894 iniemus
1015 3825 1084 3892 sine
1115 3847 1228 3893 eorum
1262 3828 1354 3908 scitu,
1389 3827 1521 3893 consilio

395 3937 521 4019 pariter
537 3943 571 4004 et
586 3957 730 4003 assensu.
745 3937 786 4002 In
802 3957 880 4001 casu
895 3943 1015 4018 autem,
1030 3935 1086 4001 sbi
1101 3957 1160 4002 nos
1175 3934 1300 4020 absque
1317 3955 1431 4001 eorum
1440 3937 1523 4002 scitu

396 4046 531 4111 consilio
549 4045 600 4113 vel
616 4065 750 4113 assensu
768 4044 912 4130 aliquam
928 4043 1040 4129 ligem,
1055 4043 1205 4111 unionem
1221 4043 1271 4108 vel
1287 4041 1523 4109 confederacio

395 4175 470 4220 uem
495 4175 568 4218 curn
593 4154 708 4237 quouis
732 4151 863 4219 homine
887 4150 1016 4218 firmare
1046 4152 1260 4236 contingeret,
1285 4151 1320 4215 in
1335 4150 1394 4216 illa
1408 4150 1523 4236 procul

397 4259 498 4330 dubio
512 4268 709 4330 memoratos
719 4259 867 4328 dominos
877 4267 910 4328 et
919 4260 1098 4328 auunculus
1108 4266 1248 4343 nostros,
1258 4258 1368 4344 (dum)
1380 4257 1462 4343 ligas
1472 4259 1522 4324 rel

396 4370 529 4436 uniones
555 4369 714 4436 faciamus
739 4369 854 4454 quouis
880 4370 977 4438 modo
1005 4368 1056 4435 vel
1081 4368 1238 4450 ineamus,
1253 4367 1358 4434 modis
1375 4368 1523 4432 omnibus

395 4476 601 4564 excipiemus.
621 4477 789 4546 Vniuersa
810 4477 1002 4563 prescripta,
1026 4483 1061 4542 vt
1076 4483 1261 4558 narrantur,
1289 4477 1523 4562 promittimus

397 4587 602 4674 spondemus,
617 4595 651 4653 et
676 4587 869 4655 assumimus
888 4587 948 4656 sub
966 4587 1078 4657 debito
1094 4581 1216 4673 prelati
1229 4585 1405 4673 juramenti
1422 4583 1509 4649 domi
