3214 5260
385 289 451 376 418
745 309 978 375 nmiousczmr
994 295 1163 379 61161666

346 508 348 518 ⁴
386 489 502 573 scripsi
518 487 775 572 Magnificencie.
802 489 864 554 sth.
889 489 1003 554 Bonus
1028 509 1104 554 rere
1120 488 1310 554 Besinensis
1326 488 1492 556 habuitne·

385 603 463 678 stra,
488 619 549 682 que
574 595 704 663 luerunt
730 597 807 662 olim
832 595 973 662 Comitis
999 595 1154 681 Gregorii
1179 597 1258 662 olim
1284 596 1444 680 Veyrode
1463 619 1493 662 ao

384 708 485 772 etiam
510 705 626 772 habuit
650 705 727 770 olim
752 703 881 770 domine
915 703 1107 785 0116161166,
1141 704 1230 788 quod
1258 705 1427 772 tenebatur
1447 725 1494 787 per

382 809 554 880 Norchum
580 810 755 897 Ciprianis,
781 818 814 878 et
838 811 900 878 hoo
924 811 986 878 suit
1001 835 1060 897 per
1077 814 1296 880 concordium.
1312 813 1426 878 Dictus
1442 811 1494 876 Be·

382 944 443 987 nus
459 943 607 988 reversus
623 929 672 987 cst
688 923 723 987 in
738 921 902 1006 Donnam,
917 921 975 986 ubi
992 925 1064 986 erat
1080 927 1184 987 mater
1195 922 1264 986 eius
1280 943 1353 986 cum
1368 920 1495 986 exercitu

382 1052 449 1111 suo,
473 1038 506 1096 et
529 1028 577 1096 ibi
603 1035 769 1095 tractatur
786 1028 994 1094 concordium
1010 1030 1097 1094 inter
1114 1028 1236 1094 dietum
1252 1027 1379 1094 Banum
1397 1035 1427 1093 et
1441 1026 1493 1092 Co·

381 1141 494 1204 mitem
518 1137 543 1204 J
545 1138 713 1223 ohannem,
737 1138 827 1222 quod
853 1138 1061 1202 concordium
1086 1141 1250 1202 tractatur
1280 1159 1339 1220 per
1369 1135 1494 1205 Viseba-

382 1268 459 1311 num
476 1247 602 1328 Temni,
628 1252 662 1311 et
677 1245 829 1327 creditur,
846 1246 935 1328 quod
954 1245 1020 1313 fiet.
1037 1243 1213 1312 Comitissa
1232 1243 1350 1331 Olipsii
1368 1267 1407 1310 ex
1420 1244 1494 1309 infir·

382 1363 504 1439 mirate,
520 1376 586 1439 qua
600 1356 671 1420 istis
687 1354 802 1419 diebus
822 1354 885 1420 luit
901 1337 1070 1437 egrotae,
1086 1354 1148 1420 Dei
1167 1355 1279 1438 gracia
1295 1354 1435 1420 liberate
1449 1357 1496 1434 est,

381 1469 414 1528 ct
439 1463 617 1531 retromisit
633 1461 709 1528 illos
726 1462 807 1527 duos
824 1462 960 1547 nobiles,
984 1482 1065 1547 quos
1082 1460 1187 1527 cidem
1202 1464 1493 1542 transmiseramus;

381 1592 440 1654 per
456 1591 537 1656 quos
553 1571 633 1636 mihi
648 1571 739 1635 misit
753 1568 899 1652 dicendo,
916 1571 1003 1652 qued
1020 1575 1125 1636 mater
1139 1569 1225 1636 Bani
1241 1569 1440 1654 Besinensis,
1454 1591 1496 1633 so·

381 1700 437 1745 rer
463 1679 538 1744 olim
565 1679 704 1745 Comitis
729 1678 880 1760 Miaidioi,
896 1680 982 1762 quod
1009 1679 1096 1744 omni
1116 1678 1211 1744 modo
1236 1676 1376 1744 intendit
1402 1679 1496 1742 venire

382 1784 548 1872 (lipsiam,
572 1809 632 1872 pro
657 1788 793 1852 essendo
819 1787 852 1852 in
878 1787 1029 1870 coloquio
1056 1808 1129 1852 cum
1146 1788 1268 1869 eedem,
1284 1786 1375 1851 cuins
1392 1785 1496 1851 adren-

379 1903 433 1961 tus
458 1917 589 1962 causam
617 1894 697 1960 dicit
713 1917 791 1976 esse,
814 1895 925 1979 eliqua
940 1895 1043 1960 cidem
1061 1895 1196 1959 comissa
1212 1915 1270 1978 per
1287 1893 1412 1979 Regem
1427 1892 1496 1983 rese

380 2004 484 2069 renda
507 2003 613 2068 eidem
630 1999 814 2086 (1616161666,
840 2000 880 2066 de
906 2001 1024 2085 quibus
1053 2002 1125 2085 ipsa
1140 1999 1318 2068 Comitissa
1344 2000 1496 2067 hostendit

294 2146 297 2154 ·
379 2113 498 2182 videre.
513 2112 603 2178 Date
618 2110 670 2175 die
687 2109 804 2180 XXV:
821 2109 913 2176 Maii.

811 2219 932 2284 Petrus
958 2217 1145 2285 Gredonico
1170 2217 1210 2284 de
1226 2225 1334 2284 restro
1352 2217 1494 2284 mandato

1011 2324 1127 2392 Comes
1144 2327 1308 2410 Tragurii.

630 2473 770 2535 (Eredetie
782 2489 799 2524 a
812 2473 950 2524 velenczei
964 2487 1037 2538 nagy
1051 2473 1245 2534 leveltstrbsn.)

485 2647 531 2739 B)
554 2649 768 2718 Serenissimo
793 2649 935 2716 Domino
960 2671 1018 2715 sno
1050 2649 1182 2714 domino
1213 2649 1360 2715 Johnnni
1391 2646 1494 2716 Gradu

378 2759 458 2826 nico.
475 2761 536 2825 stb.
563 2758 776 2826 Serenissime
791 2760 930 2826 Domine
947 2761 1001 2825 mi.
1017 2759 1081 2824 Per
1098 2781 1146 2838 ea,
1162 2781 1225 2843 que
1241 2759 1286 2824 ad
1301 2781 1433 2844 presens
1449 2781 1494 2826 ra-

378 2869 429 2962 166
454 2870 642 2954 presentiae.
667 2870 728 2937 stb.
753 2869 847 2936 Nove
872 2875 982 2934 eutem
1008 2866 1179 2934 Sclavenie
1205 2874 1238 2933 et
1263 2867 1412 2952 Vngarie
1428 2871 1494 2932 sunt

378 2979 446 3061 hee,
472 2979 623 3044 videlicet
649 2978 737 3062 quod
762 2977 915 3063 ereditur,
940 2977 1027 3062 quod
1051 2999 1116 3060 pax
1142 2977 1204 3042 erit
1228 2979 1314 3042 inter
1338 2978 1493 3042 dominum

378 3086 617 3170 Imperatorem
644 3083 816 3153 Selei'enie
842 3092 875 3151 et
900 3086 1075 3151 Dominum
1099 3085 1222 3166 Regem
1239 3082 1402 3168 Vngerie;
1416 3090 1450 3148 et
1463 3089 1495 3146 ut

377 3194 503 3259 valeam
530 3194 709 3277 presentire
735 3194 775 3258 de
802 3193 986 3259 intencione
1011 3193 1134 3258 domini
1149 3191 1249 3274 Regis
1264 3193 1412 3276 predicti,
1428 3211 1494 3255 oon·

376 3303 465 3366 tinue
481 3309 575 3366 teneo
591 3323 740 3367 cursores
756 3302 789 3364 in
805 3302 954 3385 partibus
972 3301 1047 3384 illis,
1063 3307 1095 3366 et
1109 3299 1245 3365 inbreri
1255 3306 1392 3384 expecto
1408 3299 1493 3379 scire,

377 3412 462 3493 quod
487 3411 573 3477 fetus
589 3412 740 3478 dominus
755 3412 829 3478 Rex
844 3411 1074 3477 deliberaverit
1089 3410 1195 3476 lacero
1211 3409 1251 3476 de
1268 3411 1412 3476 exercitu
1429 3431 1491 3488 suo,

376 3523 410 3583 et
434 3540 498 3602 quo
524 3520 677 3588 accedere
694 3519 851 3600 intendit3
868 3527 900 3584 et
918 3519 1039 3600 habito,
1056 3518 1117 3584 hee
1130 3516 1250 3588 Vestro
1268 3515 1446 3584 Serenitati
1461 3519 1493 3582 11-

375 3623 438 3691 1166
454 3627 607 3693 intimere
623 3627 754 3693 curabo.
771 3627 863 3693 Date
879 3625 931 3692 die
947 3625 1123 3696 XXVIII.
1139 3626 1258 3692 mensis
1274 3626 1391 3694 Medii.

804 3735 961 3802 Nicotaus
987 3733 1174 3802 Berbedico
1202 3735 1241 3799 de
1279 3742 1386 3802 restro
1410 3757 1492 3800 man-

965 3843 1043 3910 dato
1060 3839 1177 3910 Comes
1192 3843 1340 3927 Bagusii.

631 3989 769 4054 (Eredetie
781 4006 798 4041 a
811 3990 947 4042 velenczei
960 4006 1034 4056 nagy
1047 3991 1242 4055 levelttrben.)

482 4183 525 4273 C)
550 4185 764 4254 Serenissimo
780 4187 922 4254 Domino
953 4207 1012 4255 suo
1044 4184 1173 4254 domino
1206 4184 1352 4253 Iohanni
1368 4179 1492 4253 Grade-

373 4297 457 4362 nioo.
483 4299 543 4364 stb.
569 4295 782 4363 serenissime
801 4297 930 4362 domine
946 4305 1065 4363 noster.
1082 4297 1191 4362 Hodie
1207 4319 1227 4361 a
1244 4294 1371 4362 Oomite
1386 4303 1490 4361 restro

374 4404 513 4486 Ragusii
538 4407 717 4488 recepimus
743 4406 889 4470 litteram
915 4428 1011 4471 tinem
1028 4406 1140 4471 datam
1158 4405 1209 4470 die
1227 4403 1362 4472 XXIV.
1377 4403 1492 4469 mensis

373 4509 466 4594 Maii,
482 4513 514 4576 in
533 4513 650 4598 quibus
667 4513 904 4596 continebatur,
921 4537 954 4578 se
970 4515 1130 4597 recepisse
1146 4514 1271 4579 litteras
1289 4513 1328 4578 de
1342 4510 1489 4598 portibus

1560 4897 1582 5254 l

1577 4091 1582 4248 r
