3254 5260
366 373 409 436 30
716 387 948 433 nrrnouacami
964 374 1133 432 smirna

370 571 437 613 mes
465 555 608 612 castrum
635 546 713 610 dicti
739 546 789 610 sui
814 546 942 627 nepotis
968 543 1106 611 Comitis
1122 544 1332 610 Constantini
1348 545 1383 608 in
1399 550 1513 608 totum

372 677 474 739 usque
499 653 645 718 funditus
670 653 746 717 hinc
762 673 865 734 usque
881 653 922 717 ad
940 649 1112 718 lrallendes
1128 653 1248 717 mensis
1264 652 1386 717 Marcii
1403 672 1515 734 nuper

369 764 497 826 venturi
521 760 630 826 facere
654 760 790 840 ruinari,
816 764 848 822 et
873 759 960 840 quod
986 768 1130 842 tempore
1156 759 1212 825 illo
1237 781 1300 824 non
1330 759 1438 842 possit
1455 779 1517 840 per

373 868 496 933 dictum
521 867 688 931 dominum
713 862 875 929 Comitem
900 865 1097 949 Nelipcium,
1121 865 1171 930 vel
1191 867 1260 931 eius
1277 872 1431 949 nepotem
1451 861 1517 928 Oo-

374 977 486 1039 mitem
519 971 780 1050 Constantinum,
812 991 868 1035 seu
901 979 1014 1055 gentes
1032 995 1117 1052 suas,
1133 973 1184 1036 vel
1200 972 1283 1036 alios
1299 972 1431 1036 nomine
1452 993 1514 1035 suo

373 1077 578 1145 rehedificari
595 1077 702 1142 facere
719 1082 863 1142 castrum
878 1077 1069 1161 predictum,
1101 1079 1151 1142 vel
1176 1077 1267 1142 aliud
1283 1079 1322 1142 de
1337 1098 1421 1144 noro
1438 1098 1516 1142 con-

375 1195 505 1253 struere
522 1187 555 1249 in
573 1184 660 1248 dicto
677 1185 749 1248 loco
766 1184 817 1247 vel
832 1184 907 1266 alio,
923 1184 962 1247 de
980 1203 1046 1264 quo
1063 1190 1095 1247 et
1110 1205 1168 1266 per
1184 1182 1273 1266 quod
1283 1182 1462 1250 Communi
1480 1191 1513 1250 et

375 1293 558 1358 hominibus
575 1289 730 1356 Scibinici
746 1297 857 1372 posset
872 1289 985 1354 inferri
1012 1290 1185 1372 dampnum
1218 1290 1352 1372 aliquod
1368 1311 1427 1356 seu
1444 1294 1513 1357 iac·

374 1406 450 1465 tura
471 1400 539 1463 sine
549 1399 685 1462 licencia
695 1403 729 1461 et
739 1418 899 1462 concensu
915 1398 994 1462 dicti
1011 1396 1145 1462 Ducalis
1156 1395 1312 1461 Dominii.
1326 1397 1372 1462 Et
1388 1399 1429 1463 de
1449 1400 1514 1464 hoc

375 1506 615 1570 fideiussionem
631 1525 689 1569 seu
705 1505 822 1587 pignus
840 1503 879 1568 de
896 1504 989 1570 libris
1015 1504 1126 1568 decem
1142 1502 1285 1568 millibus
1302 1503 1381 1568 dare
1398 1512 1514 1570 tenea-

374 1621 438 1694 tur,
454 1611 542 1694 quod
558 1611 681 1675 dictum
697 1617 839 1675 castrum
856 1611 891 1674 in
905 1614 1013 1674 totum
1029 1608 1093 1674 erit
1118 1631 1220 1692 usque
1245 1611 1288 1674 ad
1305 1611 1428 1676 dictum
1447 1620 1514 1678 ter-

375 1720 495 1784 minum
512 1717 658 1782 iunditus
674 1723 838 1781 versatum
854 1716 912 1783 sub
930 1737 1015 1798 pena
1030 1715 1186 1797 predicta,
1219 1716 1309 1780 salvo
1327 1719 1353 1780 si
1370 1716 1411 1782 de
1428 1719 1515 1784 dicti

381 1825 481 1891 castri
497 1825 683 1890 minatione
700 1844 757 1906 per
776 1823 897 1888 dictum
914 1821 1041 1888 Ducale
1058 1823 1248 1886 Dominium
1264 1821 1326 1887 sibi
1342 1845 1408 1888 non
1424 1825 1513 1890 foret

374 1936 532 2010 terminus
564 1933 744 2016 elongatus,
774 1930 932 2014 possendo
964 1931 1044 1996 dare
1070 1951 1129 2013 pro
1146 1931 1235 1995 dicta
1248 1931 1462 1996 fideiussione
1480 1939 1513 1997 et

380 2037 575 2104 Communia
592 2049 750 2104 terrarum
768 2037 931 2122 Tragurii,
942 2044 976 2101 et
986 2035 1114 2119 Spalati
1129 2043 1163 2101 et
1173 2038 1330 2120 speciales
1345 2057 1515 2134 personas
1559 2109 1563 2114 ,

380 2146 421 2211 de
438 2145 555 2229 quibus
572 2146 714 2211 habeant
730 2147 916 2210 contentari
934 2143 1057 2208 domini
1067 2143 1260 2209 Provisores
1277 2143 1406 2227 profati,
1425 2144 1513 2210 sicut

380 2253 442 2318 sibi
462 2252 632 2318 videbitur.

485 2359 569 2424 Item
584 2357 672 2443 quod
687 2360 793 2424 dictus
810 2359 957 2423 dominus
983 2355 1098 2450 ques
1122 2357 1156 2422 N
1158 2357 1292 2441 elipcius
1323 2359 1513 2442 depositum

290 2523 298 2534 .
378 2467 541 2554 quoddam
556 2468 589 2532 in
606 2466 758 2534 Veneciis
775 2463 815 2529 de
831 2464 923 2529 libris
933 2464 1049 2547 viginti
1065 2464 1208 2532 millibus
1224 2465 1332 2536 iacere
1347 2471 1514 2548 teneatur,

379 2596 460 2658 quos
476 2573 626 2640 denarios
642 2573 767 2638 dictum
783 2570 910 2636 Ducale
927 2570 1114 2636 Dominium
1129 2571 1231 2654 recipi
1247 2571 1347 2637 faciet
1363 2578 1396 2636 et
1411 2572 1513 2656 dopo·

377 2683 411 2746 ni
428 2681 470 2748 ad
485 2701 646 2747 cameram
678 2702 770 2745 suam
801 2677 975 2747 frumenti,
990 2697 1063 2743 curn
1093 2677 1183 2743 lucro
1208 2687 1241 2743 et
1266 2679 1512 2746 condicionibus

377 2787 525 2854 omnibus
551 2787 637 2852 dicte
668 2807 795 2852 camere
825 2785 997 2864 consuetis,
1029 2783 1136 2850 dando
1168 2785 1209 2851 de
1240 2784 1327 2851 dicto
1358 2786 1511 2870 deposito

379 2917 481 2978 usque
497 2895 539 2959 ad
556 2895 640 2959 diem
658 2899 810 2975 quartum
826 2892 905 2957 dicti
915 2893 1032 2957 mensis
1043 2890 1246 2974 Septembris
1258 2892 1394 2958 ducatos
1410 2893 1513 2974 mille,

379 3009 413 3068 et
428 3003 603 3083 residuum,
620 3022 717 3084 quam
733 3001 796 3066 cito
813 3005 937 3083 poterit
952 3001 986 3064 in
1001 3001 1114 3083 aliqua
1128 3005 1291 3066 terrarum
1306 3000 1460 3082 Tragurii
1478 3009 1512 3066 et

380 3107 507 3192 Spalati
523 3107 723 3191 deposuisse.

484 3215 568 3280 Item
583 3215 670 3298 quod
687 3214 909 3298 predictorum
939 3216 1082 3280 omnium
1113 3216 1323 3282 observancia
1353 3218 1507 3283 teneatur

279 3392 281 3396 ,
379 3321 465 3386 idem
480 3320 628 3388 dominus
644 3318 762 3387 (lomes
779 3321 949 3404 Nelipcius
974 3323 1008 3386 in
1033 3321 1290 3406 possessionibus
1306 3322 1356 3387 vel
1372 3325 1512 3406 pecunia

379 3430 431 3494 vel
446 3427 519 3493 aliis
536 3427 770 3493 srdficientibus
787 3429 1025 3510 securitatibus,
1053 3429 1092 3494 de
1110 3428 1228 3512 quibus
1254 3431 1439 3495 contentari
1453 3431 1512 3496 ha·

379 3537 480 3604 beant
495 3521 618 3602 domini
633 3536 826 3601 Provisorcs
842 3536 969 3618 prefati,
995 3536 1171 3619 plenariam
1197 3543 1344 3619 prestare
1360 3536 1406 3602 de
1418 3536 1511 3602 libris

381 3641 491 3708 decem
508 3643 652 3708 millibus
668 3644 701 3707 in
717 3641 904 3708 civitatibus
937 3642 1104 3722 Scibinici,
1120 3641 1284 3725 Tragurii,
1300 3642 1352 3707 rel
1370 3641 1511 3726 Spalaei,

381 3772 453 3816 cum
470 3749 664 3828 conditione,
681 3750 767 3832 quod
784 3751 811 3813 si
826 3771 891 3814 uon
922 3749 1179 3830 observarentur,
1196 3749 1305 3826 omnia
1321 3751 1513 3831 supradicta

381 3859 560 3942 peripsum
578 3856 741 3922 dominum
756 3853 915 3922 Comitem
931 3855 1125 3939 Nelipcium,
1151 3855 1266 3920 eteius
1283 3861 1436 3937 nepotem
1453 3858 1513 3934 co-

383 3968 494 4031 mitem
511 3962 772 4042 Constantinum,
797 3962 847 4026 vel
873 3963 1014 4046 aliquem
1026 3955 1162 4042 ’eorum
1188 3983 1243 4026 seu
1260 3982 1318 4043 per
1335 3969 1467 4043 gentem
1483 3971 1513 4029 et

384 4093 458 4138 suos
490 4091 645 4155 sequaces
671 4071 704 4135 in
730 4069 879 4134 omnibus
895 4075 928 4134 et
944 4069 1079 4152 singulis
1105 4067 1258 4150 capitulis
1274 4071 1505 4153 suprascriptis

383 4177 470 4260 quod
485 4178 610 4242 licitum
641 4177 683 4242 sit
714 4175 802 4241 dicto
835 4173 1007 4241 Communi
1038 4174 1256 4242 Venecisrum
1288 4181 1443 4241 excutere
1460 4199 1513 4242 seu

382 4284 489 4347 excuti
505 4283 612 4350 facere
629 4283 669 4349 de
685 4282 944 4366 possessionibus
969 4281 1123 4365 predictis
1148 4281 1200 4346 vel
1229 4283 1379 4364 pecunia,
1396 4282 1450 4347 vel
1473 4281 1513 4348 ab

380 4388 457 4469 illis,
486 4389 543 4470 qui
574 4409 607 4452 sc
639 4389 886 4455 constituissent
910 4387 959 4453 vel
988 4409 1022 4452 se
1048 4389 1285 4454 constituerent
1301 4387 1513 4455 fideiussores

384 4515 477 4559 omne
492 4493 537 4576 id,
553 4493 587 4558 in
602 4514 665 4578 quo
682 4493 767 4560 foret
780 4501 957 4579 propterea
982 4495 1220 4561 contrafactum
1236 4500 1269 4558 et
1285 4516 1348 4561 non
1365 4495 1512 4562 observa·
