3220 5262
362 323 427 387 662
722 343 958 390 nunonnczmr
974 331 1143 392 incussu.

361 524 403 568 ue
427 509 544 570 contra
569 501 700 570 eosdem
724 502 810 588 ligas
834 502 886 584 rel
911 505 1043 572 uniones
1069 507 1229 574 faciamus
1254 511 1375 594 quouis
1399 512 1496 579 medo
1600 465 1603 492 Ι

361 613 411 678 vel
434 611 589 692 ineamus,
603 610 710 678 modis
726 612 876 679 omnibus
892 613 1099 697 excipiemus.
1116 613 1283 684 Vniuersa
1298 621 1493 704 prescripta,
1601 599 1603 626 ⁶

361 727 397 784 vt
435 725 621 804 manantur,
660 718 889 804 promittimus,
920 720 1118 805 spondemus
1148 729 1182 789 et
1205 727 1407 816 assumimus
1437 729 1493 795 sub
1600 745 1603 824 ᾗ

362 827 473 894 debito
504 827 636 912 prestiti
666 829 853 914 juramenti,
883 835 916 896 et
947 831 1017 895 sine
1043 830 1194 896 terminis
1209 831 1278 900 doli
1308 843 1342 900 et
1373 835 1495 906 frondis

362 934 574 1017 admixtione,
599 935 697 1002 dietis
720 935 872 1003 Dominis
898 945 931 1004 et
962 937 1133 1004 auunculis
1164 942 1286 1007 nostris
1316 945 1494 1010 carissimis

362 1049 439 1110 reta
464 1049 498 1108 et
522 1041 654 1109 firmata
678 1047 790 1110 tenere
815 1043 954 1111 firmiter
971 1051 1004 1111 et
1020 1046 1222 1114 inconuulsa.
1252 1048 1494 1118 Nichilominus
1599 1045 1603 1132 ¹,

361 1157 473 1218 tamen
501 1149 753 1218 Serenissimum
771 1151 959 1239 Principem
975 1153 1142 1222 dominum
1158 1163 1307 1223 nostrum
1322 1159 1496 1240 Karolnm,

361 1257 588 1326 Romanorum
612 1259 852 1345 Imperatorem
877 1259 1013 1347 Semper
1040 1261 1237 1350 Augustum,
1266 1267 1495 1351 mirere-nsque
1599 1269 1603 1316 l

364 1374 397 1432 et
422 1368 571 1452 singulos
596 1368 791 1454 Magnifieos
816 1369 997 1455 Principes,
1022 1371 1143 1440 fratres
1162 1380 1195 1441 et
1210 1380 1349 1458 patruos
1366 1383 1494 1443 nostros

361 1477 513 1544 Bauerie
554 1476 673 1558 Duces,
714 1485 747 1543 et
779 1478 966 1565 Rupertum
997 1482 1157 1548 seniorem
1188 1482 1338 1550 Bawarie
1369 1483 1494 1551 Ducem
1595 1483 1602 1558 s

362 1593 517 1671 patruum
541 1593 689 1654 nostrum
715 1589 920 1656 carissimum
944 1591 1099 1676 pesertim
1116 1593 1292 1676 excipimus
1311 1594 1450 1678 siugulis
1463 1595 1494 1659 in
1602 1637 1603 1642 κ

361 1695 536 1782 premissis,
561 1696 637 1762 dolo
662 1702 696 1763 et
711 1694 826 1764 frende
845 1697 986 1765 exclusis
1009 1701 1139 1784 penitus
1154 1701 1186 1766 in
1202 1699 1332 1770 eisdem
1347 1701 1392 1768 Iu
1407 1704 1494 1768 testi-
1600 1695 1603 1780 ξ

362 1802 505 1868 monium
529 1802 763 1885 premissorum
792 1806 935 1870 omnium
966 1803 1037 1872 Nos
1069 1803 1257 1891 Stephanus
1288 1805 1409 1876 Senior
1437 1831 1494 1894 pro

363 1910 460 1980 uobis
476 1916 510 1976 et
525 1909 602 1994 filijs
618 1911 739 1976 nostris
756 1909 937 1996 prelibatis,
953 1917 987 1978 et
1001 1908 1073 1979 Nos
1089 1911 1249 1980 Albertus
1259 1934 1321 1998 pro
1331 1917 1492 1983 nobismet
1601 1901 1603 1928 ¹

362 2021 444 2104 ipso,
469 2017 620 2084 Bawarie
644 2016 754 2084 Duces
779 2018 878 2086 dietis
893 2018 1046 2087 Dominis
1064 2026 1100 2086 et
1115 2022 1285 2088 auunculis
1301 2025 1420 2090 nostris
1435 2025 1492 2090 has
1601 2053 1603 2094 ι

362 2128 491 2194 litteras
522 2127 721 2212 appensione
752 2127 933 2212 sigillorum
965 2135 1152 2196 nostrorum
1183 2131 1348 2198 maiorum
1379 2133 1491 2198 damus

363 2234 503 2318 desuper
528 2234 697 2317 sigillatas.
722 2233 850 2302 Datum
875 2235 1008 2304 Monaci
1034 2243 1127 2304 sexta
1147 2237 1230 2305 seria
1246 2245 1322 2323 post
1336 2237 1493 2306 Purifica-

363 2343 488 2410 cionem
514 2340 668 2411 Glorioso
692 2341 842 2430 Virginis
865 2343 972 2413 Marie
989 2366 1075 2414 anno
1091 2347 1225 2415 Domini
1240 2345 1389 2416 Meno.
1405 2369 1492 2416 sexa·
1584 2351 1590 2360 ’

364 2451 486 2536 gesimo
503 2457 629 2518 nemun.

436 2597 518 2665 (Regi
530 2597 650 2650 herirati
663 2599 809 2663 codexbdl,
822 2616 840 2651 a
851 2601 931 2668 bajor
944 2601 1048 2666 kirtlyi
1060 2601 1210 2654 miincheni
1223 2600 1421 2664 lsrelttrban.)

848 2745 1010 2754 ———--

318 3149 320 3154 ,
399 3049 429 3116 A
447 3051 634 3138 rapazaialr
650 3051 887 3139 viezonyainuk
903 3050 1130 3139 ezobdlyozdsa
1144 3051 1353 3116 Velencae'ben
1371 3052 1465 3117 1368.

472 3207 574 3278 Anno
602 3207 900 3278 MOOOLXVIII.
931 3211 983 3278 die
1013 3209 1118 3276 XIII.
1141 3209 1234 3276 Maii.
1251 3209 1378 3295 Capta:
1411 3207 1491 3278 (inm

363 3319 513 3386 homines
539 3325 572 3386 et
598 3317 826 3386 Communitas
850 3317 992 3404 Ragusii
1017 3317 1099 3385 facti
1122 3317 1245 3384 brerint
1267 3320 1351 3386 cives
1366 3317 1493 3406 Veneti,

362 3449 422 3512 per
446 3428 590 3511 gratiam
609 3428 693 3493 elias
709 3427 756 3492 eis
771 3425 902 3511 tactam
917 3447 990 3493 oum
1007 3425 1202 3508 conditione,
1217 3427 1304 3510 quod
1320 3433 1493 3495 teneantur

362 3535 405 3602 od
431 3535 691 3602 observationem
717 3537 861 3604 omnium
885 3535 1037 3602 ordinum
1061 3532 1293 3620 Veneciarum,
1316 3541 1418 3619 prout
1438 3535 1493 3602 alii

360 3646 468 3712 nostri
491 3645 585 3727 cives,
612 3643 699 3727 quod
723 3643 855 3726 quidem
874 3645 1007 3710 minime
1025 3642 1152 3710 faciunt
1167 3665 1226 3710 nec
1242 3643 1353 3710 iecere
1369 3644 1490 3726 volunt,
1602 3677 1603 3736 3

362 3753 419 3821 sed
443 3753 563 3820 cotidie
588 3752 693 3818 multa
716 3751 943 3820 contrabanna
964 3751 1174 3818 committunt
1196 3752 1229 3816 in
1252 3771 1317 3818 non
1333 3751 1495 3819 modicum
1602 3739 1603 3776 ³

362 3861 596 3928 detrimentum
620 3866 710 3926 terre
725 3865 854 3942 nostre3
878 3865 912 3925 et
927 3859 1033 3942 pridie
1048 3861 1204 3943 scriptum
1219 3859 1319 3926 fuerit
1335 3860 1393 3944 eis,
1407 3860 1495 3946 quod
1602 3885 1603 3910 ÷

1601 3911 1603 3960 l

365 3969 576 4054 disponerent
602 3990 636 4034 se
661 3966 705 4034 ad
728 3966 991 4034 observationem
1017 3968 1183 4034 dictorum
1208 3967 1368 4052 ordinum,
1385 3990 1493 4036 secun·
1601 3961 1603 4042 f

362 4078 442 4146 dum
467 4077 556 4163 quod
579 4079 613 4144 in
632 4077 742 4160 gratia
757 4077 819 4145 sibi
837 4076 926 4145 facte
941 4078 1067 4162 plenius
1084 4078 1278 4160 continetur,
1297 4078 1394 4144 aliter
1410 4079 1497 4144 dicta

1600 4073 1603 4168 i

364 4188 478 4272 gratia
493 4192 686 4254 cessaretur.
712 4184 819 4269 Super
835 4186 952 4270 quibus
977 4208 1081 4271 nuper
1106 4207 1166 4272 per
1184 4207 1259 4252 snas
1276 4184 1412 4253 litteras
1430 4186 1496 4252 Do·
1601 4175 1603 4236 ἶ

363 4293 537 4362 minationi
578 4294 833 4378 rescripserunt,
868 4294 958 4376 quod
989 4296 1016 4361 si
1048 4295 1168 4363 debent
1199 4294 1295 4361 dictis
1329 4293 1498 4362 ordinibus
1602 4339 1603 4346 κ

360 4401 540 4484 subiacere,
565 4399 751 4484 specificare
776 4399 855 4467 velit
879 4401 1006 4467 Ducele
1024 4399 1214 4468 Dominium
1230 4400 1337 4480 dictos
1353 4401 1495 4483 ordines,

363 4517 402 4582 ut
426 4510 540 4580 habito
565 4531 624 4579 suo
642 4509 797 4598 Consilia,
821 4510 952 4580 valeant
967 4509 1113 4580 debitam
1128 4509 1235 4580 iacere
1251 4511 1496 4598 responsionem
1602 4561 1603 4564 ,
