3134 5252
579 678 651 742 160.

76 832 257 900 Areleoczec'
281 837 562 923 kb‘ztdroacclpnak
586 861 608 902 a
631 837 938 902 torace-dalmatiai
962 849 1179 926 lenperpartol

7 943 8 950 '
143 943 275 1029 ldtopato
289 947 412 1031 penuoi
427 945 568 1032 bajolare
584 946 758 1012 oonatlcozo
774 947 977 1012 haldrozata.
994 945 1090 1011 1346.

160 1099 252 1168 Anno
282 1102 543 1173 MOOOXLVI.
574 1105 626 1170 dic
642 1103 779 1172 XXVI.
804 1103 896 1172 Maii.
914 1103 1078 1190 Capta:
1095 1103 1181 1189 Quia
1235 1151 1237 1156 ,

74 1207 107 1272 ad
119 1208 368 1292 declarationem,
385 1232 484 1294 qnam
500 1217 615 1296 petunt
630 1211 823 1279 Provisores
838 1213 944 1278 nostri
961 1213 1002 1280 do
1017 1212 1105 1280 facto
1123 1235 1178 1297 ga.

7 1311 9 1402 ξ
73 1314 174 1381 learnm
197 1317 315 1401 Januc,
341 1318 575 1404 respondeatur
591 1321 647 1401 eis,
667 1320 754 1403 quod
771 1320 904 1406 quando
920 1341 1015 1386 casus
1031 1341 1179 1387 occurro·

7 1429 9 1486 l
73 1445 99 1486 re
100 1425 200 1508 tquod
215 1427 300 1492 dicte
310 1427 423 1511 galee
414 1449 484 1493 iren
486 1426 661 1510 t‚Segnam
671 1429 721 1494 vel
731 1429 798 1494 alro
799 1449 878 1512 pro
889 1429 1026 1494 levando
1042 1427 1179 1512 Regem,

7 1527 9 1606 ξ
73 1551 122 1595 non
143 1531 285 1600 laniendo
311 1536 411 1601 aliam
436 1537 614 1602 novitatem
640 1543 755 1602 contra
771 1557 839 1617 noe,
855 1536 980 1603 videret
966 1543 1020 1603 tur
1036 1535 1180 1602 nobiset

7 1647 10 1734 l
73 1639 203 1724 placeret
233 1645 354 1727 quod
345 1645 408 1728 rpsi
433 1666 505 1710 curn
530 1645 684 1728 galoiset
700 1645 838 1710 armatis
854 1646 975 1710 nostris
992 1651 1117 1710 starent
1136 1643 1179 1708 ad

7 1739 9 1802 l
74 1745 718 1835 oberdronemcrvrtatrsJadre,etr1tarent
728 1752 855 1836 brrgam
868 1758 900 1818 ot
910 1752 1179 1818 scandalumoum
1251 1765 1253 1772 ’

7 1803 12 1928 l
73 1851 115 1932 tis
128 1855 157 1920 in
172 1865 273 1940 quant
274 1882 330 1925 um
345 1866 500 1943 poterunt
516 1881 589 1925 cum
605 1860 727 1926 honore
744 1867 864 1925 nostro.
875 1857 1114 1924 Nichilominus
1130 1864 1180 1923 ta-

7 1933 9 1984 l
72 1979 130 2024 nen
144 1971 272 2048 propter
288 1966 436 2033 diversos
447 1988 547 2047 casua,
564 1966 621 2049 qui
637 1973 771 2050 possent
786 1987 964 2046 occurrere,
981 1964 1180 2031 confidentes

72 2065 200 2148 planede
215 2074 377 2157 sapientia
393 2081 426 2138 et
451 2072 613 2139 industria
629 2093 741 2138 eorum
757 2080 790 2138 ot
806 2073 944 2139 aliorum
961 2072 1120 2138 nobilium
1138 2073 1179 2140 de

7 2161 9 2223 l
73 2171 209 2260 Collegio‚
225 2200 326 2262 quum
350 2181 422 2264 ipsi,
446 2181 608 2264 quierunt
636 2201 733 2263 super
752 2178 857 2258 factis,
873 2178 990 2245 melius
1007 2186 1039 2245 et
1053 2178 1180 2262 plenius

7 2225 13 2388 l
71 2291 148 2348 erunt
161 2284 328 2352 informati
344 2287 383 2354 de
399 2287 558 2367 omnibus,
574 2287 786 2371 relinquimus
795 2288 830 2352 in
839 2286 993 2352 libertate
1010 2286 1089 2351 dicti
1107 2285 1181 2351 Col·

30 2396 34 2402 '
71 2388 134 2471 legii
154 2392 186 2454 in
201 2391 260 2458 hoc
279 2415 359 2458 casu
374 2399 408 2459 et
424 2395 497 2462 aliis
513 2394 661 2459 omnibus
678 2393 885 2477 negociorum
902 2399 1086 2459 nostrorum
1103 2391 1180 2457 faoi-

70 2497 132 2560 endi
146 2500 317 2565 secundum
326 2522 430 2580 casus,
440 2501 495 2584 qui
506 2507 722 2581 occurrerent,
735 2500 819 2566 sicut
835 2500 881 2565 eis
897 2499 948 2564 vel
963 2500 1077 2566 maiori
1093 2502 1180 2584 parti

71 2623 119 2684 pro
141 2605 269 2687 honore,
294 2609 536 2673 conservatione
553 2615 586 2674 et
600 2607 686 2673 bono
703 2615 817 2673 nostro
842 2605 1015 2689 ridebitur,
1029 2605 1181 2674 habendo

214 2877 249 2944 (Δ
264 2880 393 2930 »Secreta
404 2880 485 2930 Consi
486 2881 517 2930 lii
540 2877 798 2944 Regnorum-bol,
811 2878 859 2928 Lit
872 2879 905 2930 A.
919 2879 973 2929 vol.
990 2880 1023 2939 1.)

7 2693 14 2934 ι
70 2717 256 2796 respectum
248 2738 282 2781 rn
299 2737 424 2782 ornnem
440 2725 577 2801 partem.

7 3105 11 3159 l

581 3330 654 3393 161.

74 3483 123 3550 VI.
147 3489 290 3554 Kalamon
301 3492 395 3575 popa
411 3489 546 3568 tenerer,
566 3487 714 3554 Alcinoi
732 3489 880 3554 Gamotol
896 3487 992 3553 ealda·
1008 3486 1183 3573 meybizotl·

71 3593 128 3657 nole
139 3596 233 3684 Lojoc
247 3619 387 3685 moppor
403 3598 435 3662 es
451 3597 474 3660 Ι
478 3597 518 3660 ΙΙ.
536 3596 688 3661 Kocimc'r
706 3597 830 3683 leappel
850 3595 1069 3682 kirdlyolelzoz.
1087 3595 1184 3658 1346.

165 3756 311 3824 Clemens
326 3755 510 3842 Episcopus
535 3762 596 3821 etc.
612 3755 791 3822 venerabili
806 3755 905 3822 fratri
920 3805 927 3820 .
943 3801 950 3819 .
968 3803 976 3819 .
991 3752 1182 3837 Archiepis-

7 3917 8 3920 ,
70 3882 139 3944 copo
163 3861 344 3932 Gneznensi
358 3863 498 3930 salutem
513 3869 572 3930 etc.
590 3861 670 3929 (lum
688 3863 842 3929 dilectum
859 3862 963 3928 filium
978 3862 1120 3928 nobilem
1136 3863 1182 3928 ri-

7 3921 10 4074 .
70 3991 133 4035 rum
157 3969 330 4041 Gamotum
355 3972 395 4038 de
418 3970 554 4038 Albinio
579 3972 769 4038 servientem
793 3977 942 4038 nostrum
957 3990 1122 4036 armorum
1138 3968 1181 4033 ad

7 4075 9 4128 l
70 4078 236 4149 rarissimos
251 4083 286 4147 in
298 4079 429 4147 Christo
445 4079 531 4145 filios
546 4087 677 4147 nostros
687 4078 888 4145 Ludovicum
899 4076 1046 4162 Vngarie
1063 4084 1096 4142 et
1111 4076 1183 4142 Ka·
1275 4110 1280 4119 ·

7 4129 13 4238 l
70 4186 201 4256 zimirun
215 4190 351 4258 Polonie
366 4191 476 4273 Reges
492 4189 636 4254 illustres
652 4209 711 4272 pro
729 4187 922 4272 quibusdam
937 4187 1044 4254 causis
1061 4185 1182 4266 arduis,

7 4281 9 4328 3‘
70 4293 213 4376 prelatum
230 4298 369 4368 Polonie
385 4319 424 4364 ae
439 4296 642 4363 carissimum
667 4297 703 4360 in
728 4293 862 4362 Christo
879 4295 979 4361 filium
996 4292 1021 4360 J
1022 4293 1182 4360 ohannem

7 4467 9 4486 ,
70 4398 184 4486 Regem
205 4409 339 4474 Boemio
362 4407 531 4486 illustrem,
555 4412 588 4471 et
612 4404 768 4470 dilectum
793 4403 894 4469 filium
919 4402 1061 4469 nobilem
1078 4402 1181 4466 virum

7 4543 9 4584 ;
71 4505 220 4598 carolum,
235 4515 315 4582 dicti
332 4513 434 4600 Regis
449 4513 583 4582 Boemio
593 4513 854 4598 primogenitum,
870 4509 1095 4577 Marchioncm
1110 4508 1182 4575 Mo·

7 4619 9 4634 ¹
1013 4622 1074 4688 ll*
