3110 5248
378 371 441 434 252
735 389 970 434 arenosncznu
987 375 1154 436 sundran.

376 567 434 613 nos
451 547 494 613 ad
510 547 612 633 ipsius
628 547 759 616 Nicolai
776 548 936 614 malitiam
952 546 1260 615 conterendamiam
1270 571 1400 616 manum
1415 547 1490 633 Apo

376 655 488 722 stolice
504 657 678 739 potestatis
695 657 910 736 extendimus,
920 662 953 722 et
962 677 1022 740 per
1038 656 1190 722 dilectum
1208 656 1345 723 fratrem
1360 663 1490 724 nostrum

376 761 599 829 Bertrandum
624 765 714 830 tituli
741 762 854 831 Sancti
886 763 995 830 Marci
1029 763 1255 830 Presbiterum
1286 763 1491 844 cardinalem,

376 867 567 953 Apostolice
591 868 685 936 Sedis
711 871 877 953 Legatum
902 869 1027 936 inillis
1052 870 1215 954 partibus,
1241 870 1450 955 spiritualiter
1464 875 1489 934 et

374 977 602 1061 temporaliter
617 978 749 1063 procedi
766 977 1003 1059 mandauimus,
1021 979 1155 1064 ipseque
1172 979 1318 1063 Legatos
1335 979 1378 1046 ad
1393 999 1490 1061 expeu-

376 1105 428 1151 sas
452 1085 600 1152 Ecclesia
626 1106 780 1169 magnam
806 1087 1023 1170 quantitatem
1052 1086 1197 1170 equitum
1222 1091 1256 1152 et
1280 1086 1424 1169 peditum
1437 1087 1490 1151 iam

375 1190 548 1272 conduxit;
572 1197 604 1256 et
621 1212 789 1274 speramus
815 1191 948 1258 indubie
973 1199 1139 1276 prestante
1155 1191 1309 1273 Domino,
1326 1193 1385 1274 qui
1399 1213 1492 1275 super·
1509 1203 1514 1212 '

374 1301 426 1367 bis
441 1299 574 1383 resistit,
589 1300 676 1384 quod
692 1300 779 1366 idem
797 1297 955 1366 Nicolaus
971 1300 1197 1366 humiliabitur
1217 1307 1307 1366 certo
1325 1302 1386 1368 sub
1401 1299 1489 1384 ipsius

375 1407 524 1475 Ecclesia
539 1407 688 1476 Romane
704 1410 863 1493 potentia,
887 1415 922 1474 et
946 1409 1048 1492 ipsius
1064 1409 1153 1474 elata
1169 1430 1291 1475 cornua
1307 1409 1491 1492 consringen-

376 1520 440 1582 tur.
457 1513 532 1595 Sed,
548 1516 632 1582 sicut
648 1516 751 1599 ipsius
776 1516 895 1599 Legati
921 1537 1023 1600 nuper
1047 1516 1268 1583 insinuatione
1294 1517 1489 1600 percepimus,

374 1621 531 1688 Nicotaus
548 1623 642 1703 idem,
666 1624 722 1707 qui
749 1629 865 1688 contra
891 1643 925 1688 se
951 1623 1100 1688 concines
1126 1629 1158 1688 et
1183 1623 1416 1707 compatriotas
1430 1642 1491 1686 suos

376 1730 535 1811 plurimos
560 1733 627 1797 suis
652 1731 771 1814 iniquis
797 1738 830 1797 et
849 1731 962 1814 prauis
979 1730 1224 1815 operationibus
1240 1732 1438 1816 prouocauit,
1451 1749 1492 1795 ca·

375 1837 495 1902 rissimi
519 1837 554 1901 in
583 1834 715 1902 Christo
739 1836 799 1902 filii
825 1838 929 1902 nostri
954 1836 1110 1904 Ludovioi
1126 1835 1229 1920 Regis
1245 1837 1417 1920 Hungarie
1431 1836 1492 1901 illu·

375 1945 462 2027 stris,
478 1950 512 2010 et
527 1945 635 2029 gentis
651 1964 717 2026 sue,
733 1951 849 2010 eontra
868 1945 1006 2011 eandem
1022 1944 1206 2010 Ecclesiam
1223 1951 1257 2010 et
1272 1944 1407 2011 dilectos
1421 1943 1492 2009 filios

374 2051 511 2119 Nobiles
529 2051 632 2118 Urbis
649 2061 682 2119 et
696 2054 812 2137 patrie,
837 2054 894 2137 qui
919 2055 1079 2120 aduersus
1095 2058 1163 2118 tam
1179 2053 1388 2136 pestilentem
1402 2053 1491 2118 vnum

375 2159 479 2225 eidem
495 2159 654 2226 adherent
668 2159 825 2244 Ecclesie,
840 2159 942 2226 habet
957 2160 1137 2226 subsidium
1147 2165 1179 2226 et
1190 2161 1342 2227 savorem.
1358 2159 1488 2226 Attouda

374 2267 476 2350 igitur
491 2267 548 2347 fili,
565 2274 722 2353 quantum
747 2268 937 2334 scandalum
963 2267 1068 2334 eidem
1091 2267 1178 2334 foret
1203 2269 1361 2348 Ecclesie,
1386 2270 1411 2333 si
1426 2267 1488 2334 Rex

373 2376 452 2460 ipse,
468 2375 604 2442 deuotus
620 2376 721 2460 ipsius
737 2375 885 2442 Ecclesia
900 2375 995 2456 filius,
1012 2375 1104 2441 illam
1118 2375 1328 2459 persequenti
1344 2381 1491 2459 prestaret

374 2483 542 2568 auxilium,
567 2491 600 2550 et
626 2484 784 2550 aduersus
809 2507 889 2566 eam,
915 2505 979 2569 que
1004 2484 1047 2549 ad
1066 2485 1173 2568 ipsum
1191 2483 1299 2550 studio
1315 2485 1369 2568 pie
1384 2483 1490 2550 Matris

373 2592 525 2674 afficitur,
542 2592 690 2660 fauorem
716 2593 921 2678 impenderet
936 2592 987 2660 vel
1004 2595 1167 2659 iuuamen.
1195 2590 1349 2676 Attende,
1367 2614 1427 2675 qne
1440 2591 1489 2659 tibi

374 2707 408 2767 et
431 2703 496 2768 tuis
521 2703 661 2786 negotiis
685 2707 826 2786 possent,
853 2702 940 2786 quod
965 2707 1098 2767 auertat
1112 2701 1213 2782 Deus,
1230 2723 1269 2768 ex
1286 2701 1350 2767 hiis
1364 2701 1490 2786 pericula
1551 2659 1554 2742 i

374 2810 553 2876 imminere.
569 2809 657 2875 Nam
673 2811 759 2876 idem
776 2809 937 2876 Nicolaus
963 2811 1141 2894 originaria
1166 2810 1362 2877 conditionis
1377 2809 1490 2887 oblitus,

375 2919 466 2985 fatua
482 2921 663 3002 insanaque
680 2919 926 3003 presumpcione
942 2919 985 2984 ad
1000 2918 1168 3002 fastigium
1186 2916 1327 2985 Cesarea
1337 2916 1489 3001 dignitatis

373 3029 534 3110 aspirans,
549 3032 624 3111 post
640 3027 812 3092 citationes
833 3025 1008 3092 derisorios
1024 3046 1083 3108 per
1099 3047 1173 3090 eum
1190 3022 1230 3090 de
1247 3032 1281 3090 te
1297 3047 1337 3092 ac
1350 3023 1488 3091 Electori-

373 3133 435 3200 bus
450 3115 588 3216 Imperii
605 3139 826 3218 attemptatas,
842 3133 930 3198 misit
946 3133 989 3198 ad
1004 3133 1179 3198 nonnullas
1195 3130 1356 3197 Ciuitates
1372 3129 1487 3197 nundus

374 3247 408 3305 et
434 3241 675 3306 ambassatores
701 3261 784 3320 suos,
800 3261 860 3324 per
876 3261 957 3324 quos
975 3239 1098 3304 eisdem
1114 3237 1314 3304 Ciuitatibus
1332 3246 1432 3304 certas
1445 3258 1487 3301 ro·
1552 3305 1553 3326 χ

373 3368 425 3413 ces
442 3347 475 3412 in
492 3347 648 3413 electione
663 3345 805 3412 Romani
822 3346 1047 3432 Imperatoris,
1073 3347 1281 3430 quantumin
1299 3367 1333 3410 se
1349 3346 1416 3424 fuit,
1437 3343 1487 3408 ob·

373 3455 453 3520 tulit
478 3461 511 3520 et
537 3455 713 3536 concessit;
737 3474 801 3519 non
827 3455 896 3521 sine
922 3455 1016 3538 graui
1043 3453 1145 3538 ipsius
1160 3454 1317 3536 Ecclesia,
1334 3475 1372 3518 ao
1396 3457 1486 3518 tnaet
1551 3541 1552 3546 ἵ

374 3563 537 3629 dictorum
553 3561 744 3628 Electorum
760 3562 879 3627 iniuria
895 3562 1076 3644 manifesta
1097 3567 1220 3646 petens,
1236 3562 1326 3647 quod
1343 3559 1486 3625 Ciuitates
1550 3549 1552 3592 t

373 3673 442 3757 ipse
453 3669 853 3738 infestossesurreceionis
871 3671 1199 3756 Dominiceipsorum
1210 3674 1349 3738 nuncios
1364 3671 1485 3738 Romam
1550 3689 1552 3778 q

373 3783 643 3862 transmitterent,
669 3802 728 3864 pro
754 3782 909 3846 electione
941 3780 1159 3864 Imperatoris
1190 3781 1272 3847 inibi
1305 3776 1487 3847 celebranda.
1550 3779 1552 3804 ¹

373 3887 515 3973 Propter
533 3889 621 3972 quod
636 3891 717 3956 utile
734 3889 907 3970 credimus
933 3888 1020 3973 quod
1036 3895 1071 3954 tu
1088 3889 1132 3954 ad
1148 3889 1287 3954 eundem
1304 3887 1426 3970 Regem
1439 3883 1486 3950 ali·
1549 3909 1552 3996 Ι

374 4017 455 4080 quos
471 3997 620 4064 Nuneios
636 4004 711 4064 tuos
728 3999 851 4078 mittas,
867 4004 901 4063 rt
917 3997 1001 4062 scias
1018 4019 1108 4064 suam
1135 4019 1232 4080 super
1248 3995 1430 4062 huiusmodi
1444 4011 1486 4056 ne
1549 4007 1551 4068 j

372 4104 471 4187 gotiis
488 4105 698 4170 voluntatem.
714 4105 759 4170 Et
778 4106 806 4170 si
822 4107 890 4188 ipse
906 4104 980 4169 Rex
995 4103 1038 4168 ad
1054 4105 1200 4168 i'auorem
1216 4103 1270 4168 vel
1285 4103 1436 4170 auxilium
1449 4102 1487 4182 ip·
1549 4103 1550 4110 ’

373 4212 441 4277 sius
458 4213 590 4280 Nicolai
607 4236 666 4297 per
682 4215 855 4280 mendosas
872 4220 903 4279 et
920 4212 1054 4279 fallaces
1070 4213 1138 4277 eius
1155 4213 1296 4279 astutias
1312 4213 1396 4278 foret
1410 4207 1485 4276 forsi-
1549 4231 1551 4288 5

372 4326 430 4383 tan
446 4320 632 4404 inclinatae,
658 4344 714 4388 seu
740 4323 849 4405 potius
875 4321 1085 4405 inquinatus;
1109 4341 1250 4404 procura
1275 4321 1421 4386 omnibus
1438 4314 1485 4380 riis
1549 4321 1551 4392 ζ

374 4433 406 4490 et
423 4426 537 4508 modiS,
554 4429 642 4510 quod
659 4431 743 4495 idem
771 4430 843 4496 Rex
869 4432 909 4496 ab
936 4429 1023 4496 omni
1043 4427 1167 4494 auxilio
1184 4434 1218 4494 et
1233 4431 1350 4496 fauore
1366 4424 1485 4494 Nioalao
1549 4423 1551 4432 ²

374 4537 550 4619 prestando
577 4537 716 4622 prefato,
743 4541 828 4606 sicut
853 4541 967 4606 honori
995 4546 1028 4604 et
1049 4539 1148 4604 statui
1166 4559 1224 4605 suo
1240 4539 1348 4622 Regio
1363 4531 1485 4618 expedit,
1548 4505 1550 4632 J

1547 4685 1550 4732 ¹

1547 4863 1550 4984 ἐ
