3220 5248
379 340 443 400 538
729 351 966 398 nrrnousearm
982 337 1153 398 ambesit.

379 514 573 599 apparuerit
591 510 722 596 publicu
747 511 914 592 instantia,
937 532 1000 594 que
1016 509 1119 578 suerit
1134 512 1299 597 aprobata
1312 531 1371 594 per
1386 510 1506 576 audito
1597 489 1599 506 ¹

376 643 430 690 res
446 622 589 686 seniores
606 617 817 696 Venetorum,
843 617 1031 684 interfuisse
1047 625 1140 702 gesta
1155 627 1189 686 et
1205 621 1341 700 sancita,
1356 618 1411 684 ubi
1425 619 1508 683 talia
1597 693 1598 698 ἵ

377 735 634 815 cognoscentem
657 726 736 811 quia
761 725 846 790 idem
872 747 925 793 ser
951 725 1114 810 Vubegua
1129 727 1175 794 ibi
1193 749 1285 794 suem
1302 727 1508 812 disposuisset
1597 739 1599 768 ³

377 846 411 906 et
436 835 644 923 prosequitur
669 833 939 917 appellationem.
965 833 1056 918 Ergo
1082 857 1148 902 non
1173 837 1272 904 debet
1297 836 1461 902 molestari
1476 841 1508 899 et

376 950 482 1028 citari,
513 967 552 1012 ac
581 947 682 1010 eciam
709 944 798 1009 eirea
824 943 935 1010 omnia
960 951 1054 1028 gesta
1085 953 1118 1011 et
1141 948 1268 1012 sancita
1291 968 1350 1030 per
1370 944 1508 1012 Comites
1597 931 1599 950 ⁴

150 1109 152 1117 .
249 1051 253 1056 ’
376 1057 480 1126 dadre
497 1054 557 1122 sub
574 1052 717 1119 dominio
733 1051 934 1120 Venetorum
953 1052 1057 1120 firma
1072 1061 1105 1120 et
1121 1056 1228 1121 solida
1244 1055 1311 1120 sint
1325 1061 1358 1122 et
1372 1076 1439 1120 esse
1455 1053 1507 1119 de-

376 1165 487 1248 beant,
512 1167 611 1248 prout
635 1166 765 1244 captum
793 1161 892 1226 estin
909 1159 1056 1226 Consilio
1072 1162 1098 1230 J
1099 1162 1197 1244 adre3
1220 1163 1307 1228 unde
1322 1183 1389 1246 p—
1406 1199 1447 1209 -
1469 1200 1503 1208 -

377 1309 420 1322 -
436 1309 479 1320 -
496 1270 632 1336 ulterius
649 1288 714 1333 non
730 1266 920 1334 molestetur
945 1270 1133 1336 racionibus
1150 1276 1183 1335 et
1197 1272 1304 1336 causis
1329 1269 1508 1336 antedictis.

487 1375 594 1462 Super
609 1377 674 1442 ista
689 1374 920 1441 molestaeione
946 1374 1035 1460 dicit,
1052 1376 1139 1461 qnod
1154 1377 1241 1443 filius
1258 1377 1339 1444 dieti
1354 1375 1509 1443 Nicoletti
1598 1369 1599 1372 '

379 1508 452 1552 cum
467 1484 633 1569 Vubegua
649 1487 700 1548 est
715 1483 749 1546 in
765 1482 914 1546 termino.
1598 1495 1599 1502 ¹

486 1593 573 1658 Item
598 1589 721 1676 petitur
746 1610 806 1673 pro
833 1609 885 1654 ser
909 1588 1062 1656 Nicoleto
1079 1591 1119 1656 de
1135 1588 1271 1658 Monteo
1291 1631 1329 1639 —
1348 1630 1390 1639 —
1408 1630 1449 1640 -
1467 1629 1507 1640 —-

379 1739 423 1752 -
445 1741 480 1752 —-
501 1701 675 1769 heredibus
700 1719 753 1764 ser
778 1697 953 1764 Michaelis
969 1700 1009 1766 de
1025 1699 1139 1766 Medio
1166 1700 1253 1767 eirea
1269 1701 1360 1785 quod
1376 1708 1508 1785 tempus,

379 1833 442 1896 quo
467 1807 588 1878 Veneti
613 1807 780 1874 habebant
804 1806 982 1872 dominium
1007 1807 1042 1872 in
1067 1829 1106 1892 pr
1108 1843 1390 1859 -----
1411 1809 1508 1894 aliqui

379 1925 529 2004 pastores
545 1915 685 1982 bracchi
701 1915 752 1980 sul
769 1919 923 1980 exeuntes
939 1916 1096 1982 ininsula
1123 1923 1236 1982 vocata
1253 1916 1398 1998 Melada‚
1415 1937 1509 2001 quam

379 2026 522 2093 insulam
537 2046 558 2091 a
574 2024 713 2090 dominis
738 2021 875 2092 Venetis
901 2021 1066 2089 habebant
1081 2031 1171 2090 certo
1188 2024 1319 2110 omagio
1335 2026 1509 2106 annuatim,

379 2139 536 2220 ceperunt
560 2133 641 2198 istos
665 2151 741 2196 suos
766 2129 914 2196 dominos
930 2149 970 2195 ex
985 2151 1069 2214 pura
1094 2151 1206 2197 eorum
1222 2132 1355 2198 maliaia
1371 2139 1508 2198 contem·

379 2265 465 2326 nere,
497 2262 553 2309 eos
585 2241 734 2324 captiuos
766 2239 874 2305 oeulte
904 2239 1141 2306 transferentes
1173 2241 1215 2307 ad
1247 2241 1347 2306 allam
1372 2241 1508 2307 insulam

379 2348 542 2419 MMLVI
567 2349 733 2428 animalia,
758 2370 821 2433 que
846 2347 888 2414 ab
912 2348 983 2414 istis
1009 2349 1076 2413 suis
1102 2348 1241 2414 dominis
1267 2349 1433 2430 tenebant,
1453 2370 1508 2414 sua
1597 2331 1599 2388 ἶ

380 2461 514 2546 quidem
530 2457 686 2524 animalia
704 2455 849 2522 violabili
866 2457 962 2522 modo
978 2463 1156 2523 tenuerunt
1171 2466 1204 2522 et
1220 2464 1333 2523 tenent
1349 2464 1411 2523 ete
1427 2457 1507 2522 Item

379 2569 467 2654 quod
492 2567 570 2632 dieti
595 2571 745 2650 pastores
771 2571 805 2630 et
829 2565 970 2632 bramhii
997 2565 1076 2631 deut
1101 2572 1135 2630 et
1160 2564 1292 2632 soleant
1311 2566 1358 2630 eis
1375 2563 1506 2630 ducatos

380 2673 477 2756 000,
493 2677 529 2740 iu
545 2674 663 2758 quibus
678 2680 864 2756 teneantur,
881 2673 1004 2742 seilicet
1013 2693 1075 2758 pro
1084 2675 1259 2759 inprestito
1276 2679 1308 2740 et
1323 2672 1508 2740 vendicione
1597 2759 1598 2768 ἵ

379 2785 564 2869 aliquorum
580 2781 779 2850 animalium.

486 2891 579 2958 Dieit
593 2890 744 2958 dominns
759 2891 882 2971 Bauus,
908 2889 995 2974 quod
1011 2890 1091 2974 quia
1104 2889 1359 2956 Bartholomeus
1375 2890 1508 2956 nuncius
1596 2909 1598 2986 ὲ

378 2999 543 3085 predictus
558 3020 623 3065 non
638 3005 746 3084 potest
761 3001 930 3064 nominare
947 2997 1062 3081 diebos,
1077 2997 1334 3082 supersedeatur.

486 3107 575 3174 Item
589 3108 713 3191 petitur
737 3127 797 3191 pro
823 3107 988 3191 Magistro
1012 3105 1141 3172 daeobo
1168 3105 1299 3172 Phisiee
1316 3107 1431 3172 domus
1445 3128 1509 3172 une
1597 3089 1598 3174 l

380 3218 488 3302 posita
512 3217 547 3280 in
572 3220 742 3282 contracta
767 3211 881 3281 Sancti
906 3215 1076 3280 Francisei
1091 3215 1115 3282 J
1118 3214 1197 3280 adro
1213 3237 1284 3280 cum
1302 3213 1441 3280 circiutn
1455 3215 1509 3280 do·
1596 3189 1598 3220 *

380 3347 462 3405 mus,
479 3345 542 3408 que
568 3323 681 3388 domus
702 3343 762 3407 per
776 3321 938 3406 Regimen
954 3321 1119 3389 Jadrense
1135 3321 1198 3387 luit
1214 3321 1294 3388 data
1309 3322 1437 3388 cuidam
1453 3321 1508 3389 Ja-

380 3434 491 3501 drensi
507 3433 597 3501 lacta
612 3455 701 3519 paee.

488 3541 594 3626 Super
617 3542 680 3608 isto
706 3541 786 3607 dicit
811 3541 960 3606 dominus
977 3539 1101 3622 Banus,
1116 3539 1205 3626 quod
1220 3558 1286 3604 non
1303 3548 1463 3624 appareat
1476 3541 1506 3605 in

381 3671 446 3733 quo
462 3652 505 3715 sit
521 3647 677 3732 Venetus,
693 3671 752 3716 nec
767 3648 851 3731 talis,
868 3651 926 3732 qui
943 3670 1002 3734 per
1018 3647 1117 3714 talem
1133 3647 1264 3714 modum
1278 3648 1507 3734 possitpetere,
1596 3677 1598 3730 ς

380 3758 432 3824 vel
448 3778 508 3843 pro
525 3779 573 3825 eo.

489 3866 574 3932 Item
591 3867 655 3932 alie
671 3888 733 3949 res,
749 3888 813 3952 que
829 3887 886 3932 suo
903 3865 973 3933 loeo
989 3870 1022 3930 et
1036 3871 1182 3951 tempore
1199 3864 1358 3931 dicentur.

490 3972 654 4040 Dominus
670 3973 785 4040 Bonus
801 3974 893 4056 dixit,
910 3974 997 4039 eirca
1013 3972 1100 4059 quod
1116 3979 1243 4041 constet
1255 3972 1319 4038 sibi
1330 3972 1430 4039 fuisse
1440 3993 1508 4038 ren·

381 4085 452 4150 ‹lita
469 4083 643 4149 seeundum
659 4103 766 4148 mores
781 4082 886 4150 dadre
903 4088 936 4148 et
952 4082 1188 4149 ordinaciones.

489 4193 575 4258 Item
590 4193 714 4276 petitur
729 4212 790 4276 pro
807 4212 859 4256 ser
874 4192 899 4258 J
902 4192 1029 4257 ohanne
1044 4189 1197 4272 Bencino,
1212 4188 1301 4272 quod
1317 4191 1507 4256 restituatur
1595 4267 1597 4284 1

381 4305 411 4368 ei
428 4302 592 4386 possessio
618 4323 687 4382 sua,
713 4305 747 4366 et
771 4298 939 4366 cuiusdam
955 4301 1024 4366 eius
1041 4299 1148 4383 neptis
1164 4299 1273 4385 posita
1289 4319 1389 4382 super
1404 4299 1507 4384 platee
1596 4285 1597 4324 ³

380 4410 405 4476 J
407 4409 495 4494 adra,
511 4431 574 4494 que
600 4431 685 4476 nune
710 4407 907 4494 impediatur
923 4429 982 4492 per
1000 4407 1198 4474 Cressimum
1213 4407 1255 4472 de
1270 4405 1373 4474 Nasti
1391 4408 1506 4474 dietum
1595 4459 1597 4502 ἒ

381 4517 553 4600 Buzinola,
569 4517 656 4603 quod
672 4518 724 4584 ins
740 4524 799 4586 est.
