3214 5260
359 425 424 490 480
714 439 948 485 orrnonnczrar
965 423 1069 482 nnete
1086 435 1132 482 en.

263 615 273 634 ¹
359 603 434 666 liter
466 597 757 664 committendum:
783 597 853 662 Nos
883 595 1049 680 predictos
1090 596 1341 662 abominationis
1376 601 1411 660 et

360 708 445 774 filios
459 707 520 772 tihi
537 707 721 790 specialiter
738 697 942 784 denotantes,
957 701 1176 768 Serenitatem
1205 747 1217 767 r
1257 723 1298 766 tm
1314 723 1392 766 cum
1405 721 1436 764 o.
1450 733 1500 764 tm

361 816 509 882 efficacia
527 821 560 879 et
576 815 759 880 attentione
774 833 940 894 rogamus,
956 817 1117 894 quatenus
1133 811 1216 876 Frm
1247 812 1358 890 iseum,
1368 808 1394 874 J
1396 808 1499 872 ohan·

360 947 434 993 nem
450 933 483 990 et
498 923 710 990 Guillelmum
726 922 904 1006 predictos,
919 942 993 986 cum
1004 919 1186 986 deliberati.
1206 979 1208 983 .
1266 926 1299 985 et
1314 916 1500 982 secundum

361 1034 530 1099 consilium
556 1029 750 1096 venerabilis
775 1028 890 1093 fratris
910 1030 1015 1092 nostri
1030 1028 1143 1111 Egidii
1160 1029 1316 1111 Epiccopi
1333 1025 1499 1091 Sabinou-

362 1143 415 1220 siS,
449 1138 640 1223 Apostolice
677 1135 773 1202 Sedis
807 1137 937 1218 Legati,
971 1157 1067 1218 quem
1102 1135 1146 1200 ed
1170 1136 1200 1199 l..
1219 1157 1232 1196 ,ε
1266 1131 1498 1217 deputandum

363 1249 521 1326 duximus,
536 1247 569 1309 in
586 1246 705 1310 virtute
721 1243 854 1308 Domini
881 1250 1031 1326 potenter
1048 1249 1081 1306 et
1096 1251 1228 1307 enon-m
1245 1244 1440 1325 ³npugnare
1457 1260 1499 1304 ac

363 1375 549 1439 expugnare
566 1373 727 1435 procures.
745 1350 945 1416 Confidimus
961 1351 1097 1416 enimin
1112 1352 1234 1416 anxilio
1257 1349 1372 1415 Diuiue
1383 1356 1498 1432 poten-

363 1467 418 1547 tie,
443 1484 483 1528 ao
507 1463 541 1526 in
566 1461 665 1527 Beati
692 1458 785 1524 Petri
810 1458 1047 1542 Apostolorum
1073 1458 1235 1542 Principe
1252 1457 1499 1522 intercessionis

364 1571 584 1656 opitulatione
601 1590 778 1652 speramus,
803 1567 894 1650 quod
909 1567 970 1650 ipsi
987 1567 1049 1631 Dei
1065 1568 1176 1633 hostes
1192 1567 1281 1631 velut
1296 1567 1404 1649 pulvis
1421 1571 1500 1630 ante

364 1679 480 1744 faciem
496 1678 584 1744 venti
599 1684 675 1741 ante
692 1684 725 1741 te
743 1675 979 1758 dispergentur,
997 1681 1029 1739 et
1045 1682 1082 1740 ut
1098 1675 1284 1758 platearum
1300 1674 1407 1738 lutum
1425 1693 1498 1736 con·

364 1786 538 1852 fusibiliter
565 1783 778 1863 delebuntur;
802 1805 863 1847 nec
887 1803 1076 1848 revocamus
1102 1784 1135 1847 in
1161 1781 1304 1862 dubium,
1329 1783 1435 1864 quin(

365 1895 504 1960 culoatio
521 1891 708 1956 eorumdem
725 1892 767 1956 sit
782 1889 846 1954 Dei
873 1891 1021 1972 negotiis,
1037 1889 1080 1954 ad
1097 1911 1235 1972 quorum
1260 1889 1488 1973 promotione..

364 2001 528 2066 ferventer
544 2001 678 2082 aspiras,
696 1997 775 2062 felix
791 2004 824 2061 et
840 1997 966 2081 grande
992 1997 1187 2080 principium
1203 1997 1357 2062 allatura.
1373 1995 1490 2061 Date„

268 2099 271 2106 ¹
366 2108 455 2192 apud
470 2106 595 2173 Villam
611 2105 742 2170 Nouam
759 2103 989 2170 avinionensis
1015 2105 1164 2171 Diooesis
1179 2104 1247 2170 III.
1263 2103 1337 2168 idus
1354 2103 1490 2188 August

368 2216 584 2283 Pontificatns
601 2215 706 2279 nostri
723 2235 809 2280 anno
827 2221 959 2296 quarto.
1119 2215 1122 2220 ’

709 2359 767 2420 (VI.
782 2359 863 2409 Incze
876 2363 948 2424 papa
963 2360 1147 2424 regestaibol.)

899 2667 973 2728 384.

373 2828 429 2895 Vl.
448 2831 540 2892 [noae
554 2832 646 2914 po'pa
664 2823 691 2892 f.
710 2830 806 2913 Lojoa
822 2851 961 2914 mopyor
978 2826 1090 2913 kirtly
1106 2828 1138 2890 fs
1155 2827 1411 2914 lifoqyarorsza'3
1435 2833 1471 2890 'a

470 2938 691 3022 locresztye'nefc
708 2937 873 3001 ditofcinos
890 2935 1076 3020 imddrrtpcit
1093 2935 1219 2999 rendelt'
1235 2935 1271 2998 el.
1297 2937 1395 3000 1357.

477 3097 692 3162 Innocentius
716 3095 903 3179 Episcopus
929 3101 990 3160 etc.
1016 3093 1174 3159 uniuersis
1200 3092 1325 3160 Christi
1350 3093 1486 3162 fidelibn

370 3209 537 3288 presentes
562 3203 691 3270 litteras
717 3203 913 3287 inspecturis
939 3201 1077 3267 salutem
1110 3208 1168 3266 eto.
1200 3200 1409 3285 Quamquam
1443 3223 1484 3285 pr

371 3311 531 3376 uniuersis
548 3309 672 3376 Christi
687 3309 836 3376 fidelibus
864 3309 1035 3375 Catholica
1051 3315 1122 3374 oret
1137 3307 1304 3392 Ecclesia;
1329 3310 1376 3375 hii
1392 3317 1481 3376 tame

371 3418 554 3501 potioribus
586 3419 722 3484 iuuandi
755 3425 831 3483 sunt
861 3419 1046 3483 orationum
1080 3416 1254 3500 suffragiis,
1279 3440 1338 3502 per
1363 3439 1485 3502 quorun·

372 3525 494 3591 auxilia
509 3526 636 3591 maiora
660 3534 836 3609 sperantur
860 3525 1045 3592 Christiane
1072 3525 1147 3590 fidei
1172 3527 1345 3591 commoda
1369 3547 1492 3610 pernen

372 3639 456 3698 tura.
472 3630 554 3698 Cum
570 3634 682 3716 itaque
698 3634 886 3698 carissimus
910 3635 946 3698 in
971 3633 1108 3698 Christo
1134 3631 1220 3697 iilius
1237 3639 1349 3699 noster
1364 3633 1502 3698 Lndoni·

373 3764 429 3807 ons
453 3741 526 3808 Rex
551 3742 696 3825 Vngarie
723 3742 870 3822 illustris,
895 3750 1004 3808 tactus
1032 3740 1144 3806 dolore
1171 3741 1278 3808 cordis
1309 3743 1504 3807 intrinsecus

374 3873 470 3934 super
485 3853 613 3916 iniuriis
640 3858 672 3916 et
698 3853 892 3936 opprobriis,
919 3874 980 3936 que
998 3851 1039 3916 ab
1056 3850 1240 3916 infidelibus
1256 3858 1289 3916 et
1313 3841 1511 3916 scismaticis

373 3959 492 4026 Raesie
508 3981 546 4024 ac
562 3959 671 4042 Regni
687 3961 831 4043 partium
841 3961 958 4044 Regno
975 3960 1155 4025 vicinarum
1172 3958 1276 4023 eidem
1293 3958 1370 4024 fidei
1387 3981 1503 4025 memo·
1605 3943 1606 3946 Ἴ

374 4075 457 4146 rate,
473 4068 537 4132 imo
554 4065 688 4132 Christo
704 4069 854 4148 Domino,
872 4070 928 4152 qui
945 4067 1089 4132 eiusdem
1108 4067 1277 4131 institutor
1293 4072 1327 4130 et
1342 4073 1442 4150 caput
1457 4073 1502 4130 est
1605 4149 1606 4152 Ἴ

373 4172 458 4252 fidei,
474 4172 700 4256 multipliciter
717 4173 908 4252 inferuntur,
924 4174 967 4238 ad
984 4172 1163 4238 tollendum
1178 4173 1237 4237 illa
1253 4171 1381 4238 viuifice
1394 4170 1500 4238 Crucis

375 4280 547 4362 insignitus
572 4281 741 4362 signaculo
767 4281 906 4346 viriliter
932 4302 967 4347 se
986 4281 1137 4362 accingat
1154 4305 1160 4346 :
1177 4277 1248 4343 Nos
1264 4280 1372 4362 ipsum
1389 4281 1423 4343 in
1439 4288 1499 4346 tam

376 4388 430 4469 pio
447 4408 486 4452 ac
501 4387 663 4454 laudabili
679 4411 787 4474 opere,
803 4395 837 4453 et
852 4396 889 4454 ut
906 4390 969 4454 vite
986 4389 1143 4470 longioris
1160 4393 1379 4470 consequatur
1392 4388 1499 4472 spatia,

376 4502 409 4558 et
424 4515 593 4558 numerose
619 4497 721 4578 prolis
746 4496 903 4562 felicitate
928 4496 1058 4577 letetur,
1084 4495 1268 4560 orationum
1294 4495 1497 4578 opitulatione

377 4603 484 4670 iuuari
501 4602 587 4686 apud
613 4603 799 4685 Dominum,
824 4627 844 4696 a
871 4626 936 4687 quo
955 4605 1094 4670 uictoria
1112 4603 1216 4668 omnis
1234 4608 1294 4683 est,
1309 4605 1428 4686 quique
1442 4601 1496 4666 lar·
