3134 5252
568 403 663 476 1346.
1113 411 1176 476 193

62 585 190 670 Legatos
205 595 238 654 et
253 587 400 654 Nuncios
417 592 560 654 mitteret
585 609 645 672 pro
670 595 814 655 tractatu
830 589 1004 654 concordie
1020 591 1108 684 inter
1123 591 1178 658 dc·

61 697 168 761 minum
182 697 308 782 Regem
332 697 507 781 Huugarie
539 703 571 762 et
599 719 666 780 noe,
683 695 820 780 etqnod
837 697 1010 780 superbos
1027 697 1177 765 dominus

61 803 143 888 Papa
165 812 315 890 expectat
338 807 583 889 responsionem
608 811 753 872 nostram
770 829 776 868 :
794 805 885 868 vadit
909 825 997 888 pars,
1024 806 1112 889 quod
1129 829 1180 872 re-

61 911 208 977 scribatur
222 911 386 993 Amadeo,
411 910 500 995 quod
515 913 542 976 si
557 917 750 996 tangeretur
775 913 805 975 ei
821 910 947 994 aliquid
974 911 1111 978 ulterius
1128 937 1179 979 su·

62 1018 190 1100 perinde,
213 1019 407 1103 respondeat
441 1019 653 1102 regratiando
679 1018 809 1084 domino
835 1017 927 1100 Pape
952 1018 1118 1084 humiliter
1146 1029 1179 1086 et

62 1125 164 1192 devote
188 1127 226 1192 de
251 1129 413 1193 charitate
429 1133 462 1192 et
477 1125 656 1210 affectione,
682 1148 780 1210 quam
812 1125 956 1191 ostendit
973 1127 1015 1192 ad
1031 1137 1178 1194 nostrum

64 1233 234 1318 Commune,
251 1244 286 1302 et
300 1234 467 1302 narrando
483 1237 523 1316 ei,
539 1233 701 1320 quomodo
711 1235 784 1300 Rex
794 1233 978 1318 Hungarie,
988 1236 1097 1318 pridie
1113 1240 1179 1304 exi-

63 1347 143 1408 stens
156 1345 188 1408 in
202 1343 353 1427 partibus
379 1343 559 1423 Sclavenie,
575 1345 609 1408 in
625 1365 773 1409 reccessu
790 1362 848 1408 suo
864 1343 954 1408 misit
969 1343 1012 1408 ad
1028 1365 1087 1410 nos
1103 1366 1179 1411 suos

1 1501 2 1506 1
64 1449 301 1532 Ambaxatores,
328 1475 400 1518 cum
425 1452 542 1536 quibus
567 1474 633 1517 non
658 1451 803 1517 valentes
820 1473 889 1516 esse
904 1452 1091 1535 concordes,
1106 1462 1178 1520 tan-

64 1559 129 1622 dem
144 1560 183 1624 sd
196 1562 445 1643 requisitionem
461 1581 574 1625 eorum
591 1559 798 1642 promisimus
814 1563 944 1624 mittere
961 1565 1090 1626 nostros
1100 1561 1179 1626 Am-

65 1665 223 1732 baxatores
240 1668 284 1732 ad
301 1669 424 1732 dictum
450 1668 574 1750 Regem
594 1667 778 1750 Hungarie,
796 1687 876 1749 quos
892 1669 958 1732 iarn
974 1667 1131 1750 elegimus
1148 1675 1181 1732 et

1 1799 2 1812 2
65 1775 181 1836 missuri
196 1795 306 1840 sumus
322 1777 356 1840 in
372 1775 463 1839 brevi
481 1775 585 1840 solum
602 1795 662 1857 pro
672 1772 768 1838 lactis
780 1771 949 1839 Sclaronie
966 1774 1183 1856 pendentibus

1 1881 2 1946 Ϊ
65 1881 141 1946 inter
156 1883 256 1964 ipsum
281 1889 314 1946 et
340 1904 407 1962 nos,
433 1883 489 1965 qui
514 1879 757 1948 Ambaxatorcs
776 1881 896 1946 cotidie
913 1883 1072 1947 recessuri
1089 1891 1183 1964 sunt;

1 2047 2 2080 3
66 1991 210 2054 nescimus
224 1989 342 2071 adhuc,
368 2010 466 2072 quam
482 1989 696 2054 intentionem
715 1989 879 2053 invenient
894 1990 927 2052 in
943 1989 1015 2072 ipso
1031 1987 1134 2073 Rege,
1150 1997 1183 2055 et

1 2123 2 2127 ¹
66 2103 225 2180 propterea
241 2119 307 2161 non
323 2117 494 2180 possumus
511 2095 615 2162 eidem
640 2094 793 2161 Amadeo
816 2095 1011 2178 respondere
1027 2095 1117 2162 aliud
1133 2119 1183 2163 su·

1 2194 2 2236 ³
66 2225 115 2286 per
140 2205 205 2285 hoc,
220 2207 322 2270 donec
342 2207 586 2288 responsionem
602 2204 680 2269 dicti
695 2204 797 2286 Regis
814 2203 1002 2268 sciverimus
1019 2225 1117 2288 super
1134 2206 1181 2270 iis.

163 2309 269 2396 Capta
288 2338 294 2378 ε
310 2311 409 2396 Quod
425 2333 523 2395 super
539 2314 656 2378 litteris
671 2313 779 2376 missis
795 2311 837 2375 ad
850 2309 985 2376 Curiam
1002 2311 1184 2394 perPatri·

68 2421 186 2485 archam
210 2419 455 2505 Aquileienssm
482 2423 515 2484 in
543 2419 798 2485 diffamationem
815 2425 960 2484 nostram
976 2426 1011 2484 et
1025 2421 1179 2504 reproba-

67 2529 175 2594 tionem
191 2549 311 2609 eorum,
321 2550 385 2612 que
402 2527 607 2610 scripsimus,
624 2526 860 2609 respondeatur
875 2523 1025 2592 Amadeo
1042 2525 1182 2592 Notario

68 2644 175 2717 nostro,
201 2635 290 2718 quod
316 2635 454 2699 multum
480 2635 654 2700 habuimus
679 2633 721 2699 ad
748 2633 867 2698 bonum
894 2632 934 2696 de
960 2633 1185 2700 notificatione

70 2743 276 2824 predictorum
292 2743 396 2807 eidem
415 2739 506 2806 lacta
521 2762 582 2824 per
598 2741 763 2806 dominum
781 2739 828 2822 T,
845 2748 878 2806 et
893 2739 1030 2824 proinde
1046 2741 1184 2808 multum

68 2871 119 2914 nos
134 2858 320 2933 reputamus
347 2849 513 2932 obligatos
537 2848 651 2929 eidem,
677 2854 922 2931 cognoscentes,
939 2849 1027 2929 quod
1043 2848 1186 2932 perfecte

73 2965 151 3023 amat
165 2965 197 3023 et
212 2959 303 3042 cupit
328 2957 483 3023 honorem
498 2958 602 3022 nostri
620 2956 818 3037 Communis,
835 2955 919 3020 sicut
936 2976 1063 3039 semper
1078 2978 1186 3039 spera-

69 3067 159 3129 rimus
174 3073 206 3131 et
222 3087 391 3149 speramus
417 3063 457 3128 de
483 3065 564 3146 ipso.
589 3064 635 3129 Rt
659 3064 814 3141 volumus
837 3062 924 3146 quod
940 3085 1001 3147 pro
1019 3069 1115 3146 parte
1131 3086 1187 3129 no·

71 3183 129 3238 stra
144 3174 202 3239 sibi
217 3172 351 3239 reiterat
366 3172 487 3237 multas
511 3177 632 3256 gratae,
662 3170 902 3254 niagnificando
920 3177 953 3235 et
968 3169 1186 3254 gratificando

72 3281 219 3345 servitium
247 3287 406 3362 qnantum
430 3281 560 3362 poterit,
577 3285 609 3344 et
625 3279 734 3344 dando
752 3279 782 3344 ei
798 3277 939 3359 verbum,
968 3279 1057 3360 quod
1074 3300 1186 3344 snmus

74 3389 141 3452 certi
155 3391 242 3468 satis,
259 3387 349 3471 quod
364 3409 422 3471 per
439 3387 603 3452 dominum
613 3387 741 3471 Papam
759 3395 791 3452 et
807 3386 990 3452 Ecclesiam
999 3386 1063 3452 Dei
1074 3395 1186 3469 aperte

73 3498 187 3578 cognita
211 3496 274 3562 fuit
300 3517 405 3579 prava
430 3503 461 3560 et
485 3497 648 3561 malevola
674 3495 832 3578 disposito
849 3494 971 3559 domini
988 3493 1185 3559 Patriarche

73 3622 138 3683 erga
160 3626 223 3685 nos,
250 3604 306 3687 qni
333 3609 469 3668 conatus
495 3610 545 3669 est
562 3603 631 3668 tali
647 3603 744 3668 modo
761 3609 875 3668 contra
893 3623 1003 3668 verum
1020 3622 1078 3666 nos
1094 3599 1185 3666 diffa-

75 3730 158 3794 mare,
173 3733 247 3778 nem
263 3733 322 3796 per
339 3733 397 3776 nos
413 3711 535 3794 scripta
560 3709 623 3775 fuit
638 3732 722 3793 pura
739 3717 772 3775 et
788 3709 925 3792 simplex
941 3709 1062 3775 veritas
1077 3695 1187 3776 secun·

75 3817 140 3883 dum
154 3820 236 3903 quod
254 3817 398 3885 veridica
414 3819 572 3883 relatione
593 3818 784 3897 habuimus,
807 3823 840 3881 et
857 3817 883 3881 si
901 3817 976 3899 quis
992 3816 1089 3882 vellet
1105 3817 1186 3882 bene

75 3925 219 3992 subtiliter
242 3927 411 4009 indagare,
436 3921 542 3990 adhuc
566 3924 765 4008 reperiretur
791 3923 893 3988 multo
909 3922 1016 3988 maius
1033 3923 1188 3987 damnum

75 4027 163 4114 Regis
185 4034 358 4117 Hungarie
384 4055 482 4117 quam
508 4033 742 4116 scripserimus.
768 4033 814 4098 Et
841 4031 919 4114 quia
945 4027 1044 4094 verba
1061 4029 1187 4114 scripta

76 4157 123 4218 per
142 4141 239 4223 ipsum
264 4141 504 4222 Patriarcham,
530 4161 594 4225 que
619 4140 736 4205 nedum
752 4137 950 4219 verisimilia,
968 4137 1025 4203 sed
1041 4138 1188 4220 impossi-

77 4243 147 4313 bilia
159 4271 286 4332 prorsus
303 4256 430 4328 sonant,
448 4249 627 4314 clarissime
641 4255 834 4327 monstrant,
855 4247 943 4330 quod
960 4245 1069 4311 deviat
1086 4267 1105 4310 a
1121 4253 1187 4312 tra-

78 4355 146 4418 mite
159 4359 321 4437 veritatis,
337 4380 400 4422 non
418 4355 616 4440 dubitamus,
632 4356 719 4438 quod
735 4377 794 4440 per
812 4355 995 4420 Ecclesiam
1014 4352 1076 4417 hoo
1092 4359 1186 4418 nota-

80 4467 138 4526 tum
153 4471 181 4528 et
196 4466 356 4546 cognitum
372 4463 479 4546 fuerit,
495 4469 528 4528 et
545 4465 631 4544 quod
648 4464 677 4528 ei
694 4444 989 4546 displicebitsicut
1005 4467 1113 4542 potest
1123 4481 1187 4524 me-

81 4569 136 4633 rito
152 4571 320 4656 displicere.
337 4572 384 4637 Rt
400 4592 551 4655 rogamus
569 4593 649 4656 euni,
665 4571 753 4654 quod
769 4578 836 4634 tam
851 4568 936 4651 apud
948 4568 1111 4632 dominum
1123 4566 1187 4630 Pa-

121 4706 177 4742 uor.
190 4707 262 4744 uuae.
277 4709 345 4746 mar.
362 4719 405 4730 —-
423 4707 490 4742 acra
505 4708 565 4742 uxr.
585 4707 614 4742 11.
766 4724 770 4737 .
1038 4680 1077 4740 13
