3214 5260
385 317 451 382 456
740 331 976 380 nrrnouncznu
992 320 1161 380 suntuna.

387 517 500 578 pacem
517 517 590 560 cum
606 495 675 578 ipso
692 517 752 577 pro
770 501 882 560 nostro
898 499 986 559 statu
1002 492 1136 572 laceret,
1151 501 1187 559 ut
1273 495 1403 576 lictum,
1420 517 1457 578 qr
1468 531 1512 559 ...a
1600 537 1602 550 «

386 603 485 668 ctiam
512 610 548 668 ut
572 625 612 668 ex
637 609 731 686 parte
757 609 871 668 nostra
896 624 960 666 non
979 589 1129 682 deficiat3
1150 623 1190 663 or
1354 603 1463 668 'rutur
1478 603 1513 669 de
1598 589 1602 652 ἕ

389 711 545 778 mittendo
573 718 698 777 secreto
724 731 821 776 unam
847 731 1020 794 personam
1047 709 1186 774 fidelem.

391 817 553 883 sufficiens
570 817 729 896 videatur,
747 823 858 900 etque
875 839 933 900 per
950 816 1042 880 illam
1058 817 1151 898 viam,

386 925 485 992 vadat
510 925 553 990 ad
579 926 687 1008 ipsum
711 924 847 1008 Regem,
873 933 907 990 et
932 923 1108 1008 propositis
1132 924 1198 988 ilas

387 1031 510 1099 buntur
536 1031 690 1099 Dominio
719 1031 960 1116 committenda,
979 1033 1129 1097 retrahat
1144 1033 1210 1096 rer*
1403 1073 1445 1099 ..a
1461 1056 1515 1117 per
1600 1031 1602 1050 “

387 1139 587 1224 Episcopum
612 1141 842 1225 supradictum,
870 1161 934 1223 que
961 1139 1093 1224 scripsit
1117 1137 1215 1205 fuisse
1246 1141 1375 1222 palata
1400 1161 1440 1204 ex
1463 1161 1516 1204 ore
1600 1161 1602 1228 j

387 1249 520 1332 proprio
548 1248 612 1314 Sue
638 1248 742 1330 Regis
769 1247 978 1328 Maiestatis3
1003 1255 1035 1312 rt
1059 1246 1222 1331 quomodo
1247 1247 1423 1313 intellectis
1440 1248 1517 1332 ipsis
1600 1271 1602 1282 *

388 1354 569 1421 verbis'nos
586 1353 852 1420 affectuosissime
869 1357 1033 1438 cupientes
1051 1355 1173 1419 habere
1185 1376 1226 1438 pa
1355 1356 1518 1422 rcordiam
1600 1375 1602 1402 ³

388 1468 487 1547 atque
513 1483 627 1547 pacem
654 1469 687 1529 et
712 1483 855 1528 amorem
883 1457 1075 1547 perpetuum
1095 1484 1168 1527 cum
1184 1462 1253 1526 eius
1269 1461 1388 1546 rtegali
1421 1465 1517 1529 onel-

387 1569 503 1648 leucia,
519 1576 619 1651 prout
634 1589 761 1652 semper
778 1570 951 1635 habuimus
968 1589 1040 1633 cum
1057 1566 1280 1633 Serenissimis
1305 1590 1325 1652 p
1435 1571 1518 1635 '‘ori-
1600 1643 1602 1664 ᾗ

388 1677 448 1742 bus
465 1678 541 1760 suis,
557 1677 755 1760 providimus
782 1678 913 1743 mittere
929 1676 972 1742 ad
988 1675 1233 1742 certificandum
1248 1696 1317 1756 nos,
1348 1737 1349 1742 ,
1441 1679 1465 1742 i
1481 1679 1516 1742 de

389 1783 591 1868 beneplacito
617 1790 651 1850 et
677 1785 847 1850 voluntate
863 1783 928 1851 Sue
943 1785 1090 1869 predicte
1106 1784 1296 1850 Maiestatis
1312 1807 1368 1868 prr
1407 1785 1469 1864 dit,
1506 1795 1516 1852 t

388 1891 490 1958 nostri
515 1892 758 1958 Ambexatores
783 1892 828 1957 ad
853 1893 934 1958 Eius
960 1891 1178 1958 Sublimitatis
1204 1893 1404 1978 presenciae·
1424 1894 1516 1960 desti·
1601 1881 1602 1896 ¹

388 2007 517 2080 nentur,
533 2021 588 2066 eos
605 2001 736 2066 mittere
753 1999 916 2067 offerimus
928 2023 985 2066 nos
1003 2003 1181 2085 dispositos
1197 2009 1230 2066 et
1244 2008 1391 2084 paratos,
1434 2059 1442 2068 .
1459 2025 1516 2087 par

389 2112 423 2171 et
436 2128 513 2174 vera
538 2108 710 2174 concordia
735 2114 835 2192 atque
859 2107 1007 2192 perfecta
1033 2109 1214 2191 sinceritas,
1230 2110 1273 2173 ad
1289 2130 1397 2192 quant.
1437 2132 1517 2175 ··en-
1600 2139 1602 2222 p

390 2213 465 2278 dam
482 2235 608 2298 semper
627 2215 794 2299 singulare
811 2215 1009 2281 desiderium
1026 2217 1059 2282 in
1075 2216 1167 2281 nobis
1183 2215 1245 2281 fuit
1261 2215 1332 2281 Deo
1348 2222 1390 2282 te
1483 2241 1518 2277 a·
1599 2231 1602 2312 ᾗ

389 2322 473 2388 ctari
489 2337 520 2389 et
535 2323 645 2408 perfici
657 2322 952 2390 valeatAltissimo
968 2323 1137 2406 largiente.
1153 2323 1200 2388 Et
1216 2324 1278 2389 hiis
1294 2323 1391 2388 dictis
1601 2313 1602 2348 ³

390 2430 497 2499 dictus
522 2429 670 2497 Nuucius
695 2432 940 2515 responsionem
968 2431 1112 2497 eiusdem
1134 2431 1245 2514 Regis,
1262 2431 1338 2496 etsi
1356 2453 1395 2497 oo
1598 2383 1602 2524 l

390 2536 489 2620 bitur,
516 2537 602 2621 quod
627 2535 872 2603 Ambaxatores
889 2538 992 2603 nostri
1009 2540 1191 2619 mittantur,
1207 2546 1395 2623 procurato
1601 2527 1602 2548 ³

391 2643 524 2710 lictores
551 2645 736 2712 securitatis
762 2645 906 2710 eiusdem
931 2644 1036 2728 Regis
1062 2668 1123 2729 pro
1149 2667 1263 2711 securo
1289 2647 1337 2710 itu
1363 2653 1398 2712 et
1491 2671 1520 2713 „u

389 2753 586 2818 eorumdem.
603 2750 639 2816 Si
655 2773 731 2816 vero
748 2751 821 2816 Rex
836 2775 900 2816 nou
921 2759 1177 2836 contentaretur,
1193 2762 1231 2846 ut
1246 2755 1397 2819 mittatur
1498 2777 1515 2788 ·’

390 2857 573 2938 anibaxata,
591 2857 696 2924 dictus
721 2857 870 2925 Nuucius
895 2882 968 2924 cum
994 2861 1080 2925 omni
1101 2860 1339 2943 informacione‚
1356 2883 1396 2943 qr·
1493 2887 1523 2926 a·

390 2965 468 3031 bere
491 2966 622 3049 poterit,
647 2965 806 3034 Venecias
831 2973 1025 3033 revertatur.
1051 2965 1284 3033 Committatur
1309 2969 1410 3033 etiarn
1601 2999 1602 3010 ¹

390 3073 486 3156 ituro,
501 3075 590 3160 quod
606 3098 640 3142 se
656 3081 821 3160 presentet
837 3075 966 3142 domine
991 3075 1118 3161 Regino
1135 3078 1231 3142 matri
1247 3077 1328 3144 dicti
1343 3075 1415 3160 Reg
1597 3013 1602 3180 l

391 3188 532 3266 exponat
549 3184 606 3249 illa
622 3184 733 3265 verba,
750 3206 814 3268 que
831 3184 1025 3250 videbuntur
1041 3186 1266 3250 conveniencia
1276 3183 1431 3252 Dominio
1600 3265 1602 3334 l

390 3289 558 3356 mittenda.

445 3435 480 3498 (A
497 3435 605 3487 »uisu«
620 3439 710 3488 ozimi!
724 3440 862 3490 velenczei
876 3439 1105 3503 sillamktinyvbr'll
1118 3440 1237 3490 XXVII.
1251 3439 1308 3488 kot.
1325 3443 1384 3489 102.
1400 3440 1468 3500 lev.)

924 3746 995 3808 367.

391 3905 422 3974 A
448 3906 597 3972 velroczei
620 3907 894 3993 lcormcinytona'cs
928 3905 1111 3970 dalmatiai
1146 3905 1282 3969 hiatosat'
1307 3905 1403 3970 kuzul
1432 3906 1524 3970 tener
1600 3887 1602 3950 ῗ

821 4015 876 4076 tio
888 4013 985 4075 vizzu.
1000 4015 1095 4077 1355.

498 4171 598 4238 Anno
623 4169 822 4240 MOOOLV.
848 4171 900 4238 die
925 4171 1006 4241 VII.
1024 4173 1222 4238 Decembris.
1243 4171 1407 4256 Capta:
1429 4171 1524 4257 Quod

391 4288 566 4366 postquam
591 4283 759 4367 negotium
784 4282 921 4347 istorum
946 4287 1127 4346 castrorum
1152 4281 1263 4346 missii
1290 4288 1322 4346 et
1349 4279 1524 4357 Scardona

393 4412 454 4476 pro
480 4410 544 4473 quo
569 4390 702 4473 negotio
730 4395 802 4454 erat
827 4390 1011 4454 necessaria
1036 4391 1203 4472 presentia
1228 4388 1367 4453 aliorum
1388 4387 1524 4453 duorum

391 4504 578 4566 nostrorum
605 4497 816 4566 Provisorum
844 4497 1023 4582 Solanonie,
1050 4497 1146 4562 finem
1171 4496 1310 4580 recepit3
1331 4497 1424 4563 vadit
1441 4515 1516 4582 pars
