3254 5260
619 335 714 396 1343.
1168 340 1209 399 39

98 513 138 576 vir
151 511 304 594 Neliptius
320 507 440 574 Comes
456 509 565 574 Tinini
581 509 623 574 ad
634 509 756 574 Nostre
772 510 1016 592 Magnitudinis
1032 511 1207 577 Excellen-

102 621 167 684 tiam
188 617 301 682 habere
326 607 488 698 promptis
514 614 684 680 affectibus
710 638 744 680 se
769 615 921 698 ostendit,
948 617 1002 698 qui
1030 640 1156 701 semper
1173 620 1207 682 in

102 723 224 806 agendis,
239 741 300 806 que
316 743 386 802 nos,
406 719 572 818 Ducatum
582 729 728 786 nostrum
739 727 772 786 et
781 722 962 804 singulares
974 744 1129 806 personas
1139 725 1193 790 Du

104 837 179 894 catus
203 829 341 898 eiusdem
361 835 512 912 tangunt,
529 829 680 894 devotum
697 834 730 893 et
744 835 932 912 promptum
947 829 1159 896 laudabiliter
1178 807 1212 895 et

99 939 274 1004 incessanter
297 957 331 1001 se
356 936 489 1021 prebuit
514 942 548 1001 et
563 936 696 1026 prebet;
713 936 1005 1020 supplicationibus
1021 936 1114 1003 nobis
1131 939 1200 1002 eius

24 1027 26 1036 ¹
101 1049 180 1127 parte
201 1043 356 1126 porrectis
382 1042 559 1126 gratiosius
588 1050 775 1122 annuentes,
799 1043 906 1126 ipsum
935 1049 1092 1127 tanquam
1111 1044 1193 1110 bene

24 1177 26 1186 ⁸
101 1151 229 1216 meritum
252 1173 324 1216 oum
350 1152 416 1216 suis
440 1150 516 1216 filiis
542 1157 574 1216 et
609 1149 793 1232 heredibus,
833 1157 1021 1216 nostrorum
1057 1154 1199 1216 omnium

104 1259 286 1325 consiliorum
319 1266 353 1326 et
377 1258 678 1325 ordinamentorum
709 1259 894 1324 necessaria
926 1259 1119 1326 solennitate
1145 1279 1209 1324 ser·

104 1371 173 1448 rata,
186 1369 382 1451 perpetuom
398 1373 545 1433 nostrum
561 1370 663 1432 civem
680 1373 713 1431 et
730 1365 893 1434 Venetum
909 1367 1088 1450 recepimus
1110 1373 1209 1450 atque

105 1474 263 1556 recipimus,
278 1482 310 1541 et
325 1475 492 1544 Venetum
508 1483 541 1542 et
557 1477 658 1541 civem
674 1481 821 1541 nostrum
832 1474 966 1540 fecimus
977 1480 1009 1540 et
1020 1475 1164 1554 facimus,
1180 1481 1214 1540 et

110 1602 159 1662 pro
173 1581 292 1648 Veneto
308 1589 340 1647 et
357 1583 425 1648 cive
441 1589 553 1648 nostro
570 1584 604 1648 in
621 1581 773 1648 Veneciie
790 1589 823 1646 et
838 1580 918 1647 alibi
935 1581 1086 1664 deinceps
1102 1581 1215 1647 heberi

24 1723 26 1734 ·
108 1693 134 1750 et
154 1689 309 1770 procurari
335 1690 424 1754 omni
448 1687 564 1753 effectu
591 1693 624 1754 et
641 1687 840 1771 plenitudine
856 1687 1003 1751 uolumus
1020 1693 1054 1752 et
1069 1691 1215 1753 tractari,

24 1779 25 1840 Ῑ
107 1793 196 1874 ipsum
217 1798 336 1860 sineere
361 1794 579 1861 benivolentie
604 1793 750 1858 brachiis
776 1793 1006 1876 amplexantes
1032 1801 1064 1857 et
1079 1793 1214 1861 firmiter

108 1903 272 1981 statuentes,
287 1902 373 1984 qnod
391 1902 527 1984 singulis
543 1901 749 1966 libertatibus
768 1899 941 1978 beneficiis,
951 1900 1212 1964 immunitatibus

109 2012 137 2070 et
157 2007 328 2091 honoribus
344 2009 461 2092 quibus
480 2007 537 2074 alii
553 2007 638 2073 cives
654 2007 871 2075 Veneoiarum
887 2006 1029 2088 gaudent
1044 2011 1077 2071 et
1092 2005 1214 2090 perfrui

109 2113 331 2196 dignoscuntur,
346 2115 513 2198 Egregius
523 2117 572 2179 vir
581 2113 615 2178 N
616 2113 745 2197 eliptiue
765 2112 882 2180 Comes
898 2111 1045 2196 prelatus
1061 2134 1134 2178 cum
1150 2113 1216 2177 suis

109 2220 173 2284 filiis
195 2228 225 2287 et
238 2221 412 2288 heredibus
437 2223 472 2287 in
487 2220 640 2292 Veneciis
660 2228 692 2286 et
707 2227 799 2286 extra
815 2219 952 2287 ubilibet
966 2225 1123 2302 perpetuo
1140 2241 1217 2303 gau-

32 2310 37 2320 ’
110 2327 175 2393 dest
197 2337 227 2394 et
249 2335 371 2412 utatur,
396 2329 490 2396 nobis
518 2349 644 2414 qnoque
659 2327 826 2412 predictus
842 2325 1007 2410 Neliptius
1023 2327 1139 2392 Comes
1156 2326 1218 2391 sol·

107 2432 208 2500 leniter
223 2437 264 2502 ad
280 2436 386 2503 Sacra
394 2436 458 2502 Dei
468 2437 649 2520 Evangelia
664 2435 809 2520 prestitit
824 2433 990 2500 fidelitatis
1008 2433 1116 2498 debite
1132 2434 1219 2498 iure·

108 2548 242 2610 mentum.
265 2545 307 2609 In
332 2545 560 2610 certitudinem
586 2550 694 2609 autem
719 2543 950 2626 premissorum
969 2547 1001 2604 et
1020 2539 1217 2605 evidentiam

109 2647 267 2729 pleniorem
290 2673 425 2735 presens
450 2651 654 2736 privilegium
669 2651 740 2715 fieri
755 2649 916 2728 iussimus,
931 2645 1088 2729 bullaque
1104 2652 1216 2713 nostra

110 2755 244 2836 pendenti
268 2781 369 2825 aurea
394 2759 591 2825 communiri.
614 2757 738 2822 Datnm
762 2756 795 2820 in
820 2761 931 2822 nostro
957 2753 1077 2820 Ducali
1093 2751 1218 2837 palatio

110 2881 181 2927 anno
194 2864 359 2932 Dominice
374 2867 614 2933 Incanrationis
629 2861 892 2931 MOCOXLIII.
903 2861 955 2928 die
964 2859 1082 2931 XXV.
1098 2861 1218 2925 mensis

112 2966 288 3056 Decembris
304 2974 382 3040 XII
392 2973 577 3040 indictione.

202 3135 235 3194 (A
262 3138 363 3203 »Copia
376 3137 409 3188 de
424 3135 661 3188 Commemoriali‹
684 3133 773 3182 ozimi'r
783 3131 920 3182 velenezei
934 3128 1157 3193 sillamkbnyvbol
1175 3127 1222 3177 lv.

114 3224 160 3273 loe.
177 3227 196 3275 l.
208 3242 228 3277 r.
243 3233 299 3278 160.
312 3229 377 3288 leuc)

574 3404 626 3412 -—
640 3399 734 3410 oar——

632 3599 684 3661 35.

120 3763 245 3830 Moesici
259 3767 390 3831 Mdrton
416 3785 438 3828 c
464 3761 576 3847 bolpoir
600 3759 716 3822 caetrae
741 3756 932 3821 adoarnoka
950 3754 1113 3840 eripede'lyt
1144 3775 1224 3838 aym·

310 3875 393 3959 πόρῃ
408 3870 509 3934 ldnolc
535 3867 704 3932 Sieilidbdl
720 3865 897 3929 divitele‘re.
916 3867 1011 3929 1343.
1139 3915 1140 3920 ,

210 4031 370 4099 Martinus
387 4033 426 4097 de
442 4011 574 4097 Mencia
590 4027 760 4092 familiaris
785 4024 982 4090 domesticus
998 4019 1226 4103 Imperatricis

124 4136 255 4222 Bulgario
283 4142 383 4208 hebet
398 4139 642 4226 permissionem
662 4134 852 4202 extrahendi
870 4133 909 4197 tle
925 4130 1084 4215 portubus
1103 4127 1225 4213 Apulie

126 4253 242 4324 quatuor
258 4273 357 4334 equos
374 4249 416 4316 ad
431 4249 616 4330 Ragueium
632 4242 859 4326 traducendae,
876 4236 1133 4306 MCCCXLIII.

217 4413 249 4471 (Α
274 4412 413 4478 ›Registri
436 4411 585 4482 Angioini‹
609 4411 639 4464 F.
654 4415 713 4459 333.
738 4421 774 4455 sz.
797 4407 863 4470 Regi
879 4405 1024 4459 Jobannae
1047 4401 1069 4453 1.
1083 4398 1214 4452 korstone

129 4500 240 4565 letior.)

587 4571 746 4586 nru——ffl-v
