3220 5262
355 284 420 346 632
717 297 953 343 ninnouaezrav
973 269 1141 342 aurisensi.
1210 336 1212 344 Α

355 462 552 528 auctoritate
569 459 767 544 Apostolica
791 456 941 522 duximus
956 457 1166 524 revocandos.
1183 456 1310 524 Datum
1326 455 1493 524 Avinione
1605 485 1607 514 ι

239 585 256 608 ·‘
355 569 417 638 VI.
432 568 592 636 kalendas
607 565 737 650 Marcii,
752 565 972 632 Pontificatus
988 567 1092 632 nostri
1108 589 1193 632 anno
1209 566 1322 637 tercio.

704 711 749 776 (V.
763 713 859 766 Orbsu
870 713 944 780 ptpa
957 711 1151 780 regentium.)

845 861 932 872 vum-’-
972 859 1005 871 -1

889 1025 964 1088 469.

361 1184 445 1252 Celei
462 1189 600 1253 Ldrincz
615 1189 770 1253 oclecczci
785 1187 924 1276 dopenek
940 1188 963 1251 I
963 1237 970 1253 .
987 1190 1088 1274 Lojos
1104 1189 1378 1276 maqyorkr'rdly.
1395 1191 1496 1281 1365,
1603 1139 1607 1226 i

465 1347 585 1416 Amice
611 1348 785 1416 carissime.
815 1349 964 1416 Litteras
1002 1356 1131 1416 vestras
1162 1348 1256 1416 nobis
1286 1371 1345 1434 per
1377 1349 1496 1414 harum
1605 1349 1607 1436 i

362 1462 606 1544 reportatorem
632 1456 796 1524 exhibitas
812 1457 985 1525 affectione
1000 1457 1099 1525 solita
1114 1458 1301 1543 recepimus,
1317 1463 1350 1524 et
1367 1478 1417 1539 ea,
1433 1479 1495 1543 quc
1605 1469 1607 1538 l

360 1567 589 1634 continebatur
613 1566 648 1632 in
672 1568 729 1648 eis,
753 1567 851 1652 pleno
876 1565 1058 1650 colligimus
1083 1567 1260 1634 intellectu
1287 1564 1378 1634 Sene
1397 1588 1496 1651 super

360 1697 408 1757 eo,
432 1674 520 1758 quod
538 1673 687 1758 scribitis,
704 1674 864 1758 quasdem
878 1676 1041 1742 novitates
1056 1674 1149 1741 vobis
1165 1681 1200 1742 et
1215 1674 1356 1742 subditis
1371 1676 1490 1741 vestris

361 1783 543 1850 contrarias
559 1781 629 1850 sore
644 1783 678 1848 in
694 1785 845 1868 partibus
861 1783 1030 1850 Dalmatio
1046 1784 1231 1866 suscitatus,
1248 1783 1365 1850 taliter
1384 1782 1491 1868 provi·
1605 1769 1607 1834 ἐ

363 1893 472 1958 dimus
499 1889 781 1976 respondendum:
809 1893 898 1978 quod
912 1891 1097 1960 huiusmodi
1120 1892 1284 1958 novitates
1309 1892 1351 1958 de
1380 1897 1497 1957 nostra
1605 1913 1607 1948 ὲ

361 2025 426 2069 non
451 2006 681 2086 processerunt
707 2000 883 2068 voluntate.
908 1999 997 2067 Nam
1022 1999 1095 2067 Deo
1120 2005 1205 2068 teste
1229 2020 1357 2086 semper
1373 1999 1496 2066 fuimus
1605 1987 1607 2004 ¹

361 2118 395 2178 et
420 2131 530 2176 sumus
555 2108 708 2192 dispositi
734 2107 776 2174 ad
802 2129 842 2174 ea
858 2108 976 2190 omnia,
993 2128 1056 2194 quc
1072 2106 1212 2174 sormam
1226 2107 1320 2192 pacis
1334 2107 1424 2198 inter
1439 2127 1498 2173 nos
1589 2093 1591 2098 ¹

362 2226 396 2286 et
410 2239 467 2285 vos
483 2217 610 2284 firmate
626 2237 823 2284 concernens
840 2216 1020 2283 videantur.
1034 2213 1189 2282 Ceterum
1205 2217 1283 2302 quia
1292 2215 1495 2283 concedente
1605 2215 1607 2270 ἓ

361 2327 504 2394 Domino
530 2326 670 2409 negotiis
695 2325 817 2392 nostris
842 2326 904 2406 hic,
919 2331 958 2391 ut
973 2346 1152 2410 speramus,
1168 2324 1308 2392 feliciter
1324 2325 1496 2410 expeditis,
1606 2355 1607 2362 ¹

361 2434 558 2501 intendimus
598 2433 815 2518 personaliter
845 2433 987 2526 Jedram
1018 2432 1200 2518 proficisci:
1226 2433 1358 2518 placcat
1392 2433 1495 2518 igitur
1605 2425 1607 2454 ⁷

365 2543 455 2610 vobis
470 2543 552 2608 duos
576 2541 617 2607 de
634 2541 782 2608 Consilio
798 2546 908 2608 vestro
923 2542 1011 2608 viros
1026 2540 1170 2626 ydoneos
1185 2541 1229 2607 ad
1244 2562 1304 2610 nos
1320 2540 1498 2627 destinare,

364 2671 437 2717 oum
462 2647 581 2734 quibus
597 2648 638 2715 de
652 2649 717 2714 ista
733 2649 873 2715 materie
889 2654 923 2714 et
939 2647 1139 2733 quibuslibet
1155 2647 1230 2714 aliis
1247 2648 1498 2715 occurrentibus

364 2758 525 2824 communi
550 2764 737 2824 nostrorum
759 2763 795 2822 et
816 2763 998 2822 vestrorum
1012 2756 1098 2824 bono
1113 2763 1258 2824 tractare
1273 2757 1376 2824 letius
1391 2755 1499 2822 valea·

363 2888 444 2932 mus.
468 2864 539 2932 Nos
556 2867 641 2931 enim
656 2865 880 2933 mandavimus
896 2866 1017 2932 nostris
1033 2863 1237 2950 officialibus,
1253 2873 1287 2933 et
1314 2865 1500 2951 specialiter

364 2973 542 3042 Beldesari
567 2975 748 3040 camerario
773 2979 896 3058 nostro,
920 2980 958 3040 ut
975 2974 1106 3042 interim
1122 2975 1164 3041 ab
1182 2973 1332 3041 omnibus
1348 2973 1499 3040 novitati·
1605 2995 1607 3046 ς

364 3084 426 3150 bus
457 3083 548 3150 vobis
580 3083 703 3149 nocivis
735 3082 854 3150 debeat
885 3103 1024 3166 cessare,
1054 3089 1088 3149 et
1120 3104 1155 3149 se
1180 3083 1310 3149 omnino
1326 3081 1500 3148 continere
1606 3121 1607 3124 =

364 3192 452 3259 Dato
469 3190 632 3261 Varadini
649 3191 791 3258 secundo
807 3190 860 3258 die
875 3193 997 3258 mensis
1013 3191 1140 3276 Martii,
1158 3211 1243 3260 anno
1262 3187 1372 3259 LXV.

474 3303 600 3369 Kinol:
625 3300 747 3368 Inolito
770 3301 902 3369 domino
927 3301 1109 3368 Laurentio
1134 3300 1224 3370 Oclsi
1239 3299 1328 3368 Duci
1342 3299 1500 3371 Venetia-

366 3431 440 3476 rum
456 3410 561 3477 amico
576 3417 691 3476 nostro
707 3410 884 3478 carissimo.

368 3553 403 3617 (Α
418 3555 560 3622 »eopiade
574 3555 816 3608 Commemoriali«
828 3559 917 3609 czimd
930 3557 1070 3610 velenczei
1080 3557 1260 3621 allcmlvdnyv
1273 3553 1502 3617 vnuoteteool.)

863 3703 924 3711 ..--.·.
963 3704 1014 3714 —3

896 3863 971 3926 470.

369 4027 573 4092 Bereintendo
598 4051 620 4090 a
646 4025 800 4092 celenczei
825 4025 1037 4113 kitztdrscsctp
1061 4023 1345 4109 Ooocetldrjc'nalc
1378 4021 1502 4085 Miletos
1605 3997 1607 4036 ³

369 4138 551 4223 oesterpomi
567 4133 657 4199 e‘vsek
673 4135 706 4199 ds
719 4133 826 4199 Kontlz
848 4132 971 4198 Miletos
996 4131 1392 4220 mapyororequinddor.
1407 4129 1501 4194 1365.
1605 4153 1607 4232 Ξ

477 4295 634 4362 Nicolans
676 4293 951 4379 Archiepiscopus
992 4291 1226 4377 strigoniensis
1269 4297 1302 4356 et
1340 4287 1500 4357 Nicolaus
1605 4291 1607 4358 ξ

367 4401 488 4469 Kouth
504 4403 681 4469 Palatinus
697 4403 740 4469 ad
757 4400 1001 4469 (lancellarium
1018 4401 1244 4473 Venetiarnm.

479 4509 672 4578 Amicorum
698 4512 890 4579 dulcissime.
916 4510 1098 4595 Postquam
1126 4509 1217 4578 bulla
1240 4508 1353 4576 Incliti
1368 4508 1499 4574 Domini
