<?xml version="1.0" encoding="UTF-8"?>
<!DOCTYPE html PUBLIC "-//W3C//DTD XHTML 1.0 Transitional//EN"
    "http://www.w3.org/TR/xhtml1/DTD/xhtml1-transitional.dtd">
<html xmlns="http://www.w3.org/1999/xhtml" xml:lang="en" lang="en">
 <head>
  <title>
</title>
<meta http-equiv="Content-Type" content="text/html;charset=utf-8" />
  <meta name='ocr-system' content='tesseract 3.04.00' />
  <meta name='ocr-capabilities' content='ocr_page ocr_carea ocr_par ocr_line ocrx_word'/>
</head>
<body>
  <div class='ocr_page' id='page_1' title='image "./magyardiplomacz01wenzgoog_0456.png"; bbox 0 0 3214 5260; ppageno 0'>
   <div class='ocr_carea' id='block_1_1' title="bbox 397 338 1232 438">
    <p class='ocr_par' dir='ltr' id='par_1_1' title="bbox 397 338 1232 438">
     <span class='ocr_line' id='line_1_1' title="bbox 397 338 1232 438; baseline -0.005 -26"><span class='ocrx_word' id='word_1_1' title='bbox 397 341 463 412; x_wconf 77' lang='lat' dir='ltr'>leo</span> <span class='ocrx_word' id='word_1_2' title='bbox 756 352 989 409; x_wconf 77' lang='lat' dir='ltr'>omsousczmr</span> <span class='ocrx_word' id='word_1_3' title='bbox 1005 338 1173 408; x_wconf 74' lang='lat' dir='ltr'>nastrum</span> <span class='ocrx_word' id='word_1_4' title='bbox 1230 435 1232 438; x_wconf 15' lang='grc' dir='ltr'>Ι</span> 
     </span>
    </p>
   </div>
   <div class='ocr_carea' id='block_1_2' title="bbox 367 503 1574 1362">
    <p class='ocr_par' dir='ltr' id='par_1_2' title="bbox 367 503 1574 1362">
     <span class='ocr_line' id='line_1_2' title="bbox 397 503 1574 608; baseline -0.004 -18"><span class='ocrx_word' id='word_1_5' title='bbox 397 525 472 590; x_wconf 85' lang='lat' dir='ltr'>inde</span> <span class='ocrx_word' id='word_1_6' title='bbox 497 503 629 594; x_wconf 80' lang='lat' dir='ltr'>nonsit</span> <span class='ocrx_word' id='word_1_7' title='bbox 654 544 745 608; x_wconf 89' lang='lat' dir='ltr'>opus.</span> <span class='ocrx_word' id='word_1_8' title='bbox 771 521 943 588; x_wconf 90' lang='lat' dir='ltr'>Presentes</span> <span class='ocrx_word' id='word_1_9' title='bbox 975 527 1084 586; x_wconf 88' lang='lat' dir='ltr'>autem</span> <span class='ocrx_word' id='word_1_10' title='bbox 1114 517 1246 586; x_wconf 73' lang='lat' dir='ltr'>listerus</span> <span class='ocrx_word' id='word_1_11' title='bbox 1280 527 1356 604; x_wconf 87' lang='lat' dir='ltr'>post</span> <span class='ocrx_word' id='word_1_12' title='bbox 1381 521 1501 588; x_wconf 89' lang='lat' dir='ltr'>habitum</span> <span class='ocrx_word' id='word_1_13' title='bbox 1573 503 1574 550; x_wconf 64' lang='lat'>3</span> 
     </span>
     <span class='ocr_line' id='line_1_3' title="bbox 396 629 1503 717; baseline -0.005 -20"><span class='ocrx_word' id='word_1_14' title='bbox 396 633 630 717; x_wconf 76' lang='lat' dir='ltr'>inspectionem</span> <span class='ocrx_word' id='word_1_15' title='bbox 655 651 768 696; x_wconf 88' lang='lat' dir='ltr'>earum</span> <span class='ocrx_word' id='word_1_16' title='bbox 793 630 925 713; x_wconf 89' lang='lat' dir='ltr'>restituj</span> <span class='ocrx_word' id='word_1_17' title='bbox 952 629 1101 695; x_wconf 76' lang='lat' dir='ltr'>volumus</span> <span class='ocrx_word' id='word_1_18' title='bbox 1126 629 1340 711; x_wconf 87' lang='lat' dir='ltr'>presentantj,</span> <span class='ocrx_word' id='word_1_19' title='bbox 1370 629 1503 711; x_wconf 86' lang='lat' dir='ltr'>premisso</span> 
     </span>
     <span class='ocr_line' id='line_1_4' title="bbox 396 734 1504 806; baseline -0.003 -2"><span class='ocrx_word' id='word_1_20' title='bbox 396 739 492 806; x_wconf 90' lang='lat' dir='ltr'>modo</span> <span class='ocrx_word' id='word_1_21' title='bbox 508 738 683 804; x_wconf 87' lang='lat' dir='ltr'>efficaciter</span> <span class='ocrx_word' id='word_1_22' title='bbox 699 739 733 804; x_wconf 91' lang='lat' dir='ltr'>in</span> <span class='ocrx_word' id='word_1_23' title='bbox 748 743 847 804; x_wconf 86' lang='lat' dir='ltr'>antea</span> <span class='ocrx_word' id='word_1_24' title='bbox 870 736 1023 802; x_wconf 80' lang='lat' dir='ltr'>valitura</span> <span class='ocrx_word' id='word_1_25' title='bbox 1040 734 1184 802; x_wconf 80' lang='lat' dir='ltr'><strong>Nomina</strong></span> <span class='ocrx_word' id='word_1_26' title='bbox 1198 756 1278 802; x_wconf 88' lang='lat' dir='ltr'>uero</span> <span class='ocrx_word' id='word_1_27' title='bbox 1295 735 1451 802; x_wconf 88' lang='lat' dir='ltr'>dictorum</span> <span class='ocrx_word' id='word_1_28' title='bbox 1464 735 1504 801; x_wconf 85' lang='lat' dir='ltr'>de</span> 
     </span>
     <span class='ocr_line' id='line_1_5' title="bbox 367 841 1503 931; baseline -0.004 -18"><span class='ocrx_word' id='word_1_29' title='bbox 367 906 370 914; x_wconf 86' lang='lat'><em>.</em></span> <span class='ocrx_word' id='word_1_30' title='bbox 396 852 595 931; x_wconf 89' lang='lat' dir='ltr'>temptorum</span> <span class='ocrx_word' id='word_1_31' title='bbox 620 845 782 912; x_wconf 87' lang='lat' dir='ltr'>dictorum</span> <span class='ocrx_word' id='word_1_32' title='bbox 799 844 960 910; x_wconf 88' lang='lat' dir='ltr'>bonorum</span> <span class='ocrx_word' id='word_1_33' title='bbox 976 850 1009 909; x_wconf 87' lang='lat' dir='ltr'>et</span> <span class='ocrx_word' id='word_1_34' title='bbox 1023 844 1243 928; x_wconf 87' lang='lat' dir='ltr'>preduutium,</span> <span class='ocrx_word' id='word_1_35' title='bbox 1259 849 1293 908; x_wconf 89' lang='lat' dir='ltr'>et</span> <span class='ocrx_word' id='word_1_36' title='bbox 1307 843 1394 908; x_wconf 88' lang='lat' dir='ltr'>bona</span> <span class='ocrx_word' id='word_1_37' title='bbox 1409 841 1503 909; x_wconf 85' lang='lat' dir='ltr'>eedem</span> 
     </span>
     <span class='ocr_line' id='line_1_6' title="bbox 396 950 1506 1030; baseline -0.005 -9"><span class='ocrx_word' id='word_1_38' title='bbox 396 955 457 1022; x_wconf 91' lang='lat' dir='ltr'>bec</span> <span class='ocrx_word' id='word_1_39' title='bbox 472 976 542 1022; x_wconf 91' lang='lat' dir='ltr'>esse</span> <span class='ocrx_word' id='word_1_40' title='bbox 558 956 707 1030; x_wconf 86' lang='lat' dir='ltr'>asseruit,</span> <span class='ocrx_word' id='word_1_41' title='bbox 731 953 881 1020; x_wconf 79' lang='lat' dir='ltr'>videlicet</span> <span class='ocrx_word' id='word_1_42' title='bbox 896 953 922 1021; x_wconf 87' lang='lat' dir='ltr'>J</span> <span class='ocrx_word' id='word_1_43' title='bbox 933 954 1128 1019; x_wconf 84' lang='lat' dir='ltr'>ohannes</span> <span class='ocrx_word' id='word_1_44' title='bbox 1152 953 1202 1018; x_wconf 89' lang='lat' dir='ltr'>de</span> <span class='ocrx_word' id='word_1_45' title='bbox 1218 950 1309 1018; x_wconf 84' lang='lat' dir='ltr'>Gen</span> <span class='ocrx_word' id='word_1_46' title='bbox 1320 952 1506 1018; x_wconf 88' lang='lat' dir='ltr'>usiomiles</span> 
     </span>
     <span class='ocr_line' id='line_1_7' title="bbox 394 1058 1507 1144; baseline -0.003 -16"><span class='ocrx_word' id='word_1_47' title='bbox 394 1063 512 1130; x_wconf 82' lang='lat' dir='ltr'><strong>habuit</strong></span> <span class='ocrx_word' id='word_1_48' title='bbox 527 1072 560 1130; x_wconf 88' lang='lat' dir='ltr'>et</span> <span class='ocrx_word' id='word_1_49' title='bbox 575 1062 677 1130; x_wconf 88' lang='lat' dir='ltr'>habet</span> <span class='ocrx_word' id='word_1_50' title='bbox 706 1083 782 1128; x_wconf 78' lang='lat' dir='ltr'>ores</span> <span class='ocrx_word' id='word_1_51' title='bbox 808 1066 955 1141; x_wconf 83' lang='lat' dir='ltr'>centum3</span> <span class='ocrx_word' id='word_1_52' title='bbox 971 1058 1260 1127; x_wconf 86' lang='lat' dir='ltr'>Alexandria</span> <span class='ocrx_word' id='word_1_53' title='bbox 1282 1065 1391 1144; x_wconf 88' lang='lat' dir='ltr'>neptis</span> <span class='ocrx_word' id='word_1_54' title='bbox 1408 1079 1443 1127; x_wconf 79' lang='lat' dir='ltr'>eu</span> <span class='ocrx_word' id='word_1_55' title='bbox 1454 1058 1507 1126; x_wconf 88' lang='lat' dir='ltr'>filio</span> 
     </span>
     <span class='ocr_line' id='line_1_8' title="bbox 395 1167 1507 1256; baseline -0.004 -20"><span class='ocrx_word' id='word_1_56' title='bbox 395 1172 498 1256; x_wconf 90' lang='lat' dir='ltr'>ipsius</span> <span class='ocrx_word' id='word_1_57' title='bbox 521 1171 547 1238; x_wconf 84' lang='lat' dir='ltr'><strong>J</strong></span> <span class='ocrx_word' id='word_1_58' title='bbox 549 1170 687 1237; x_wconf 87' lang='lat' dir='ltr'>ohannis</span> <span class='ocrx_word' id='word_1_59' title='bbox 712 1169 825 1235; x_wconf 92' lang='lat' dir='ltr'>militis</span> <span class='ocrx_word' id='word_1_60' title='bbox 842 1168 958 1234; x_wconf 81' lang='lat' dir='ltr'><strong>habuit</strong></span> <span class='ocrx_word' id='word_1_61' title='bbox 984 1176 1017 1235; x_wconf 87' lang='lat' dir='ltr'>ct</span> <span class='ocrx_word' id='word_1_62' title='bbox 1032 1169 1136 1236; x_wconf 88' lang='lat' dir='ltr'>habet</span> <span class='ocrx_word' id='word_1_63' title='bbox 1149 1190 1189 1236; x_wconf 91' lang='lat' dir='ltr'>ac</span> <span class='ocrx_word' id='word_1_64' title='bbox 1203 1174 1295 1235; x_wconf 89' lang='lat' dir='ltr'>tenet</span> <span class='ocrx_word' id='word_1_65' title='bbox 1311 1189 1373 1252; x_wconf 89' lang='lat' dir='ltr'>pro</span> <span class='ocrx_word' id='word_1_66' title='bbox 1390 1167 1507 1234; x_wconf 88' lang='lat' dir='ltr'>dodaric</span> 
     </span>
     <span class='ocr_line' id='line_1_9' title="bbox 396 1274 1509 1362; baseline -0.005 -18"><span class='ocrx_word' id='word_1_67' title='bbox 396 1299 455 1344; x_wconf 88' lang='lat' dir='ltr'>suo</span> <span class='ocrx_word' id='word_1_68' title='bbox 471 1279 579 1344; x_wconf 88' lang='lat' dir='ltr'>omnia</span> <span class='ocrx_word' id='word_1_69' title='bbox 595 1277 682 1342; x_wconf 88' lang='lat' dir='ltr'>bona</span> <span class='ocrx_word' id='word_1_70' title='bbox 696 1276 816 1362; x_wconf 82' lang='lat' dir='ltr'>jocalia</span> <span class='ocrx_word' id='word_1_71' title='bbox 840 1275 948 1342; x_wconf 82' lang='lat' dir='ltr'>Maris</span> <span class='ocrx_word' id='word_1_72' title='bbox 963 1278 1070 1342; x_wconf 80' lang='lat' dir='ltr'>uxoris</span> <span class='ocrx_word' id='word_1_73' title='bbox 1085 1277 1188 1361; x_wconf 89' lang='lat' dir='ltr'>ipsius</span> <span class='ocrx_word' id='word_1_74' title='bbox 1203 1274 1336 1359; x_wconf 84' lang='lat' dir='ltr'>Notarij</span> <span class='ocrx_word' id='word_1_75' title='bbox 1354 1275 1378 1340; x_wconf 84' lang='lat' dir='ltr'><strong>J</strong></span> <span class='ocrx_word' id='word_1_76' title='bbox 1380 1275 1509 1358; x_wconf 88' lang='lat' dir='ltr'>ohannis,</span> 
     </span>
    </p>
   </div>
   <div class='ocr_carea' id='block_1_3' title="bbox 278 1382 1509 1470">
    <p class='ocr_par' dir='ltr' id='par_1_3' title="bbox 278 1382 1509 1470">
     <span class='ocr_line' id='line_1_10' title="bbox 278 1382 1509 1470; baseline -0.006 -17"><span class='ocrx_word' id='word_1_77' title='bbox 278 1411 280 1418; x_wconf 70' lang='grc'><em>’</em></span> <span class='ocrx_word' id='word_1_78' title='bbox 396 1407 436 1452; x_wconf 85' lang='lat' dir='ltr'>ac</span> <span class='ocrx_word' id='word_1_79' title='bbox 452 1383 693 1470; x_wconf 79' lang='lat' dir='ltr'>suppellectilia</span> <span class='ocrx_word' id='word_1_80' title='bbox 708 1384 823 1450; x_wconf 88' lang='lat' dir='ltr'>domus</span> <span class='ocrx_word' id='word_1_81' title='bbox 839 1383 1016 1450; x_wconf 88' lang='lat' dir='ltr'>eorundem</span> <span class='ocrx_word' id='word_1_82' title='bbox 1032 1382 1182 1464; x_wconf 85' lang='lat' dir='ltr'>fratrum,</span> <span class='ocrx_word' id='word_1_83' title='bbox 1192 1383 1373 1467; x_wconf 78' lang='lat' dir='ltr'>querelere</span> <span class='ocrx_word' id='word_1_84' title='bbox 1390 1382 1509 1448; x_wconf 84' lang='lat' dir='ltr'>asseruit</span> 
     </span>
    </p>
   </div>
   <div class='ocr_carea' id='block_1_4' title="bbox 369 1489 1510 2638">
    <p class='ocr_par' dir='ltr' id='par_1_4' title="bbox 394 1489 1510 2330">
     <span class='ocr_line' id='line_1_11' title="bbox 397 1489 1510 1576; baseline -0.002 -18"><span class='ocrx_word' id='word_1_85' title='bbox 397 1494 504 1560; x_wconf 90' lang='lat' dir='ltr'>dictus</span> <span class='ocrx_word' id='word_1_86' title='bbox 515 1513 678 1576; x_wconf 88' lang='lat' dir='ltr'>exponens</span> <span class='ocrx_word' id='word_1_87' title='bbox 688 1489 827 1557; x_wconf 87' lang='lat' dir='ltr'>florenos</span> <span class='ocrx_word' id='word_1_88' title='bbox 837 1490 909 1557; x_wconf 84' lang='lat' dir='ltr'>auri</span> <span class='ocrx_word' id='word_1_89' title='bbox 920 1490 1292 1574; x_wconf 87' lang='lat' dir='ltr'>quinquaginta,necnon</span> <span class='ocrx_word' id='word_1_90' title='bbox 1302 1491 1510 1574; x_wconf 82' lang='lat' dir='ltr'>petiamrnam</span> 
     </span>
     <span class='ocr_line' id='line_1_12' title="bbox 395 1595 1510 1683; baseline -0.008 -14"><span class='ocrx_word' id='word_1_91' title='bbox 395 1602 488 1669; x_wconf 81' lang='lat' dir='ltr'>vinee</span> <span class='ocrx_word' id='word_1_92' title='bbox 506 1602 602 1666; x_wconf 87' lang='lat' dir='ltr'>sitam</span> <span class='ocrx_word' id='word_1_93' title='bbox 618 1601 650 1664; x_wconf 90' lang='lat' dir='ltr'>in</span> <span class='ocrx_word' id='word_1_94' title='bbox 668 1598 875 1683; x_wconf 86' lang='lat' dir='ltr'>pertinentijs</span> <span class='ocrx_word' id='word_1_95' title='bbox 891 1596 1035 1664; x_wconf 88' lang='lat' dir='ltr'>eiusdem</span> <span class='ocrx_word' id='word_1_96' title='bbox 1060 1604 1147 1664; x_wconf 90' lang='lat' dir='ltr'>terre</span> <span class='ocrx_word' id='word_1_97' title='bbox 1162 1595 1312 1681; x_wconf 84' lang='lat' dir='ltr'>Genusij,</span> <span class='ocrx_word' id='word_1_98' title='bbox 1334 1598 1369 1663; x_wconf 92' lang='lat' dir='ltr'>in</span> <span class='ocrx_word' id='word_1_99' title='bbox 1385 1597 1452 1662; x_wconf 88' lang='lat' dir='ltr'>loco</span> <span class='ocrx_word' id='word_1_100' title='bbox 1467 1597 1510 1663; x_wconf 88' lang='lat' dir='ltr'>obi</span> 
     </span>
     <span class='ocr_line' id='line_1_13' title="bbox 396 1704 1509 1791; baseline -0.004 -15"><span class='ocrx_word' id='word_1_101' title='bbox 396 1710 519 1776; x_wconf 87' lang='lat' dir='ltr'>dicitnr</span> <span class='ocrx_word' id='word_1_102' title='bbox 530 1709 628 1791; x_wconf 84' lang='lat' dir='ltr'>Luce,</span> <span class='ocrx_word' id='word_1_103' title='bbox 644 1707 735 1772; x_wconf 91' lang='lat' dir='ltr'>cuius</span> <span class='ocrx_word' id='word_1_104' title='bbox 751 1706 812 1772; x_wconf 92' lang='lat' dir='ltr'>hos</span> <span class='ocrx_word' id='word_1_105' title='bbox 829 1705 911 1771; x_wconf 84' lang='lat' dir='ltr'>dixit</span> <span class='ocrx_word' id='word_1_106' title='bbox 927 1726 997 1772; x_wconf 89' lang='lat' dir='ltr'>esse</span> <span class='ocrx_word' id='word_1_107' title='bbox 1007 1704 1096 1787; x_wconf 87' lang='lat' dir='ltr'>lines,</span> <span class='ocrx_word' id='word_1_108' title='bbox 1105 1705 1256 1774; x_wconf 86' lang='lat' dir='ltr'>videlicet</span> <span class='ocrx_word' id='word_1_109' title='bbox 1264 1706 1375 1772; x_wconf 88' lang='lat' dir='ltr'>vineas</span> <span class='ocrx_word' id='word_1_110' title='bbox 1385 1705 1509 1772; x_wconf 77' lang='lat' dir='ltr'>Thoma-</span> 
     </span>
     <span class='ocr_line' id='line_1_14' title="bbox 395 1812 1509 1903; baseline -0.003 -22"><span class='ocrx_word' id='word_1_111' title='bbox 395 1819 445 1903; x_wconf 87' lang='lat' dir='ltr'>sij,</span> <span class='ocrx_word' id='word_1_112' title='bbox 461 1815 594 1899; x_wconf 85' lang='lat' dir='ltr'>Notarij</span> <span class='ocrx_word' id='word_1_113' title='bbox 621 1813 762 1898; x_wconf 88' lang='lat' dir='ltr'>Nicolaj,</span> <span class='ocrx_word' id='word_1_114' title='bbox 788 1815 874 1880; x_wconf 83' lang='lat' dir='ltr'>viam</span> <span class='ocrx_word' id='word_1_115' title='bbox 884 1813 1064 1894; x_wconf 87' lang='lat' dir='ltr'>vicinalem,</span> <span class='ocrx_word' id='word_1_116' title='bbox 1078 1821 1111 1878; x_wconf 90' lang='lat' dir='ltr'>et</span> <span class='ocrx_word' id='word_1_117' title='bbox 1128 1812 1209 1878; x_wconf 90' lang='lat' dir='ltr'>alios</span> <span class='ocrx_word' id='word_1_118' title='bbox 1225 1814 1293 1879; x_wconf 90' lang='lat' dir='ltr'>eins</span> <span class='ocrx_word' id='word_1_119' title='bbox 1310 1815 1464 1898; x_wconf 64' lang='lat' dir='ltr'>confinem</span> <span class='ocrx_word' id='word_1_120' title='bbox 1478 1835 1509 1878; x_wconf 78' lang='lat' dir='ltr'>er</span> 
     </span>
     <span class='ocr_line' id='line_1_15' title="bbox 397 1920 1509 2007; baseline -0.002 -17"><span class='ocrx_word' id='word_1_121' title='bbox 397 1926 604 1992; x_wconf 85' lang='lat' dir='ltr'>concessione</span> <span class='ocrx_word' id='word_1_122' title='bbox 633 1923 680 1990; x_wconf 90' lang='lat' dir='ltr'>eis</span> <span class='ocrx_word' id='word_1_123' title='bbox 712 1922 829 1988; x_wconf 83' lang='lat' dir='ltr'>exinde</span> <span class='ocrx_word' id='word_1_124' title='bbox 854 1922 944 1988; x_wconf 84' lang='lat' dir='ltr'>facta</span> <span class='ocrx_word' id='word_1_125' title='bbox 968 1943 1028 2006; x_wconf 89' lang='lat' dir='ltr'>per</span> <span class='ocrx_word' id='word_1_126' title='bbox 1044 1920 1166 1988; x_wconf 87' lang='lat' dir='ltr'>dictum</span> <span class='ocrx_word' id='word_1_127' title='bbox 1181 1920 1509 2007; x_wconf 80' lang='lat' dir='ltr'>Malumspinunr</span> 
     </span>
     <span class='ocr_line' id='line_1_16' title="bbox 394 2029 1508 2114; baseline -0.003 -14"><span class='ocrx_word' id='word_1_128' title='bbox 394 2031 557 2100; x_wconf 89' lang='lat' dir='ltr'>Notarius</span> <span class='ocrx_word' id='word_1_129' title='bbox 573 2030 607 2097; x_wconf 88' lang='lat' dir='ltr'>N</span> <span class='ocrx_word' id='word_1_130' title='bbox 617 2052 668 2096; x_wconf 88' lang='lat' dir='ltr'>un</span> <span class='ocrx_word' id='word_1_131' title='bbox 680 2051 698 2096; x_wconf 92' lang='lat' dir='ltr'>c</span> <span class='ocrx_word' id='word_1_132' title='bbox 708 2030 825 2097; x_wconf 91' lang='lat' dir='ltr'>ellus</span> <span class='ocrx_word' id='word_1_133' title='bbox 842 2029 957 2096; x_wconf 87' lang='lat' dir='ltr'>babuit</span> <span class='ocrx_word' id='word_1_134' title='bbox 966 2036 999 2095; x_wconf 87' lang='lat' dir='ltr'>et</span> <span class='ocrx_word' id='word_1_135' title='bbox 1007 2029 1107 2096; x_wconf 89' lang='lat' dir='ltr'>habet</span> <span class='ocrx_word' id='word_1_136' title='bbox 1115 2035 1245 2114; x_wconf 86' lang='lat' dir='ltr'>vegetes</span> <span class='ocrx_word' id='word_1_137' title='bbox 1255 2051 1312 2096; x_wconf 83' lang='lat' dir='ltr'>sex</span> <span class='ocrx_word' id='word_1_138' title='bbox 1322 2032 1508 2098; x_wconf 87' lang='lat' dir='ltr'>diuersarum</span> 
     </span>
     <span class='ocr_line' id='line_1_17' title="bbox 396 2136 1508 2224; baseline -0.002 -18"><span class='ocrx_word' id='word_1_139' title='bbox 396 2141 576 2224; x_wconf 84' lang='lat' dir='ltr'>specierum</span> <span class='ocrx_word' id='word_1_140' title='bbox 608 2145 642 2204; x_wconf 90' lang='lat' dir='ltr'>et</span> <span class='ocrx_word' id='word_1_141' title='bbox 672 2139 910 2222; x_wconf 88' lang='lat' dir='ltr'>capacitatum;</span> <span class='ocrx_word' id='word_1_142' title='bbox 950 2136 1064 2208; x_wconf 86' lang='lat' dir='ltr'>Vrso</span> <span class='ocrx_word' id='word_1_143' title='bbox 1095 2136 1384 2204; x_wconf 82' lang='lat' dir='ltr'>Oarricellus</span> <span class='ocrx_word' id='word_1_144' title='bbox 1407 2138 1508 2204; x_wconf 87' lang='lat' dir='ltr'>babuit</span> 
     </span>
     <span class='ocr_line' id='line_1_18' title="bbox 394 2243 1507 2330; baseline -0.004 -18"><span class='ocrx_word' id='word_1_145' title='bbox 394 2246 483 2330; x_wconf 87' lang='lat' dir='ltr'>ordej</span> <span class='ocrx_word' id='word_1_146' title='bbox 516 2247 638 2312; x_wconf 79' lang='lat' dir='ltr'>salinas</span> <span class='ocrx_word' id='word_1_147' title='bbox 661 2246 807 2328; x_wconf 86' lang='lat' dir='ltr'>triginta.</span> <span class='ocrx_word' id='word_1_148' title='bbox 822 2246 948 2312; x_wconf 89' lang='lat' dir='ltr'>Datum</span> <span class='ocrx_word' id='word_1_149' title='bbox 972 2243 1114 2329; x_wconf 90' lang='lat' dir='ltr'>Neapolj</span> <span class='ocrx_word' id='word_1_150' title='bbox 1141 2266 1200 2328; x_wconf 89' lang='lat' dir='ltr'>per</span> <span class='ocrx_word' id='word_1_151' title='bbox 1226 2243 1377 2329; x_wconf 87' lang='lat' dir='ltr'>Sergium</span> <span class='ocrx_word' id='word_1_152' title='bbox 1400 2245 1507 2330; x_wconf 82' lang='lat' dir='ltr'>dominj</span> 
     </span>
    </p>

    <p class='ocr_par' dir='ltr' id='par_1_5' title="bbox 369 2349 1508 2638">
     <span class='ocr_line' id='line_1_19' title="bbox 369 2349 1508 2438; baseline -0.004 -16"><span class='ocrx_word' id='word_1_153' title='bbox 369 2379 374 2391; x_wconf 64' lang='lat'><strong>¹</strong></span> <span class='ocrx_word' id='word_1_154' title='bbox 394 2349 533 2422; x_wconf 84' lang='lat' dir='ltr'>Vrsonis</span> <span class='ocrx_word' id='word_1_155' title='bbox 550 2361 609 2419; x_wconf 92' lang='lat' dir='ltr'>etc.</span> <span class='ocrx_word' id='word_1_156' title='bbox 625 2373 710 2418; x_wconf 89' lang='lat' dir='ltr'>anno</span> <span class='ocrx_word' id='word_1_157' title='bbox 735 2350 868 2418; x_wconf 89' lang='lat' dir='ltr'>Domini</span> <span class='ocrx_word' id='word_1_158' title='bbox 893 2350 1101 2420; x_wconf 82' lang='lat' dir='ltr'><strong>MOOOLII.</strong></span> <span class='ocrx_word' id='word_1_159' title='bbox 1117 2352 1169 2420; x_wconf 89' lang='lat' dir='ltr'>die</span> <span class='ocrx_word' id='word_1_160' title='bbox 1185 2354 1292 2437; x_wconf 87' lang='lat' dir='ltr'>primo</span> <span class='ocrx_word' id='word_1_161' title='bbox 1308 2353 1334 2420; x_wconf 91' lang='lat' dir='ltr'><strong>J</strong></span> <span class='ocrx_word' id='word_1_162' title='bbox 1334 2355 1400 2438; x_wconf 90' lang='lat' dir='ltr'>unij</span> <span class='ocrx_word' id='word_1_163' title='bbox 1417 2353 1455 2422; x_wconf 88' lang='lat' dir='ltr'>V.</span> <span class='ocrx_word' id='word_1_164' title='bbox 1469 2354 1508 2418; x_wconf 89' lang='lat' dir='ltr'>in·</span> 
     </span>
     <span class='ocr_line' id='line_1_20' title="bbox 394 2459 1507 2547; baseline -0.001 -21"><span class='ocrx_word' id='word_1_165' title='bbox 394 2461 553 2542; x_wconf 89' lang='lat' dir='ltr'>dictionis,</span> <span class='ocrx_word' id='word_1_166' title='bbox 563 2459 755 2546; x_wconf 84' lang='lat' dir='ltr'>Regnorum</span> <span class='ocrx_word' id='word_1_167' title='bbox 765 2461 869 2527; x_wconf 84' lang='lat' dir='ltr'>nostri</span> <span class='ocrx_word' id='word_1_168' title='bbox 879 2460 981 2547; x_wconf 88' lang='lat' dir='ltr'>Regis</span> <span class='ocrx_word' id='word_1_169' title='bbox 991 2481 1075 2527; x_wconf 87' lang='lat' dir='ltr'>anno</span> <span class='ocrx_word' id='word_1_170' title='bbox 1085 2459 1180 2543; x_wconf 84' lang='lat'>1111,</span> <span class='ocrx_word' id='word_1_171' title='bbox 1190 2463 1293 2527; x_wconf 88' lang='lat' dir='ltr'>nostri</span> <span class='ocrx_word' id='word_1_172' title='bbox 1310 2483 1387 2528; x_wconf 89' lang='lat' dir='ltr'>uero</span> <span class='ocrx_word' id='word_1_173' title='bbox 1397 2461 1507 2544; x_wconf 82' lang='lat' dir='ltr'>Regina</span> 
     </span>
     <span class='ocr_line' id='line_1_21' title="bbox 396 2568 630 2638; baseline -0.017 0"><span class='ocrx_word' id='word_1_174' title='bbox 396 2590 481 2638; x_wconf 86' lang='lat' dir='ltr'>anno</span> <span class='ocrx_word' id='word_1_175' title='bbox 497 2568 630 2636; x_wconf 90' lang='lat' dir='ltr'>decimo.</span> 
     </span>
    </p>
   </div>
   <div class='ocr_carea' id='block_1_5' title="bbox 573 2713 1344 2780">
    <p class='ocr_par' dir='ltr' id='par_1_6' title="bbox 573 2713 1344 2780">
     <span class='ocr_line' id='line_1_22' title="bbox 573 2713 1344 2780; baseline 0.003 -16"><span class='ocrx_word' id='word_1_176' title='bbox 573 2714 609 2778; x_wconf 81' lang='grc' dir='ltr'>(Δ</span> <span class='ocrx_word' id='word_1_177' title='bbox 624 2713 760 2779; x_wconf 78' lang='lat' dir='ltr'>»Registri</span> <span class='ocrx_word' id='word_1_178' title='bbox 782 2713 931 2780; x_wconf 79' lang='lat' dir='ltr'>Angloini«</span> <span class='ocrx_word' id='word_1_179' title='bbox 946 2715 1068 2765; x_wconf 89' lang='lat' dir='ltr'>emlltett</span> <span class='ocrx_word' id='word_1_180' title='bbox 1081 2715 1225 2766; x_wconf 73' lang='lat' dir='ltr'>lrr&#39;rtetebbl</span> <span class='ocrx_word' id='word_1_181' title='bbox 1241 2719 1299 2768; x_wconf 81' lang='lat'>119.</span> <span class='ocrx_word' id='word_1_182' title='bbox 1314 2719 1344 2779; x_wconf 88' lang='lat' dir='ltr'>l.)</span> 
     </span>
    </p>
   </div>
   <div class='ocr_carea' id='block_1_6' title="bbox 391 2909 1505 3324">
    <p class='ocr_par' dir='ltr' id='par_1_7' title="bbox 391 2909 1505 3324">
     <span class='ocr_line' id='line_1_23' title="bbox 500 2909 1505 2998; baseline -0.001 -20"><span class='ocrx_word' id='word_1_183' title='bbox 500 2910 543 2998; x_wconf 85' lang='lat' dir='ltr'>O)</span> <span class='ocrx_word' id='word_1_184' title='bbox 565 2911 754 2978; x_wconf 90' lang='lat' dir='ltr'>Ludouicus</span> <span class='ocrx_word' id='word_1_185' title='bbox 778 2917 813 2976; x_wconf 89' lang='lat' dir='ltr'>et</span> <span class='ocrx_word' id='word_1_186' title='bbox 836 2909 995 2977; x_wconf 87' lang='lat' dir='ltr'>Jobanna</span> <span class='ocrx_word' id='word_1_187' title='bbox 1018 2916 1077 2976; x_wconf 85' lang='lat' dir='ltr'>etc</span> <span class='ocrx_word' id='word_1_188' title='bbox 1094 2911 1274 2996; x_wconf 80' lang='lat' dir='ltr'>Capitaneo</span> <span class='ocrx_word' id='word_1_189' title='bbox 1292 2911 1393 2981; x_wconf 80' lang='lat' dir='ltr'>&#39;l&#39;erre</span> <span class='ocrx_word' id='word_1_190' title='bbox 1408 2911 1505 2981; x_wconf 80' lang='lat' dir='ltr'>Sancti</span> 
     </span>
     <span class='ocr_line' id='line_1_24' title="bbox 391 3015 1505 3105; baseline -0.002 -18"><span class='ocrx_word' id='word_1_191' title='bbox 391 3015 507 3087; x_wconf 88' lang='lat' dir='ltr'>Seueri</span> <span class='ocrx_word' id='word_1_192' title='bbox 517 3021 661 3105; x_wconf 81' lang='lat' dir='ltr'>presenti</span> <span class='ocrx_word' id='word_1_193' title='bbox 671 3020 721 3085; x_wconf 89' lang='lat' dir='ltr'>vel</span> <span class='ocrx_word' id='word_1_194' title='bbox 731 3020 840 3086; x_wconf 86' lang='lat' dir='ltr'>futuro</span> <span class='ocrx_word' id='word_1_195' title='bbox 850 3018 937 3084; x_wconf 90' lang='lat' dir='ltr'>fideli</span> <span class='ocrx_word' id='word_1_196' title='bbox 948 3026 1060 3085; x_wconf 87' lang='lat' dir='ltr'>nostro</span> <span class='ocrx_word' id='word_1_197' title='bbox 1071 3026 1131 3086; x_wconf 87' lang='lat' dir='ltr'>etc.</span> <span class='ocrx_word' id='word_1_198' title='bbox 1147 3019 1326 3104; x_wconf 77' lang='lat' dir='ltr'>Querelam</span> <span class='ocrx_word' id='word_1_199' title='bbox 1336 3021 1462 3090; x_wconf 81' lang='lat' dir='ltr'>Andros</span> <span class='ocrx_word' id='word_1_200' title='bbox 1475 3027 1505 3086; x_wconf 93' lang='lat' dir='ltr'>et</span> 
     </span>
     <span class='ocr_line' id='line_1_25' title="bbox 393 3124 1505 3214; baseline -0.001 -20"><span class='ocrx_word' id='word_1_201' title='bbox 393 3126 473 3212; x_wconf 88' lang='lat' dir='ltr'>Lillj</span> <span class='ocrx_word' id='word_1_202' title='bbox 485 3127 526 3192; x_wconf 89' lang='lat' dir='ltr'>de</span> <span class='ocrx_word' id='word_1_203' title='bbox 536 3124 658 3193; x_wconf 87' lang='lat' dir='ltr'>Sancto</span> <span class='ocrx_word' id='word_1_204' title='bbox 670 3124 808 3192; x_wconf 84' lang='lat' dir='ltr'>Andrea</span> <span class='ocrx_word' id='word_1_205' title='bbox 817 3126 852 3192; x_wconf 92' lang='lat' dir='ltr'>in</span> <span class='ocrx_word' id='word_1_206' title='bbox 863 3125 1007 3210; x_wconf 78' lang='lat' dir='ltr'>stagnis,</span> <span class='ocrx_word' id='word_1_207' title='bbox 1017 3133 1202 3193; x_wconf 91' lang='lat' dir='ltr'>nostrorum</span> <span class='ocrx_word' id='word_1_208' title='bbox 1212 3127 1358 3196; x_wconf 88' lang='lat' dir='ltr'>fidelium</span> <span class='ocrx_word' id='word_1_209' title='bbox 1367 3150 1463 3214; x_wconf 87' lang='lat' dir='ltr'>nuper</span> <span class='ocrx_word' id='word_1_210' title='bbox 1475 3129 1505 3193; x_wconf 90' lang='lat' dir='ltr'>in</span> 
     </span>
     <span class='ocr_line' id='line_1_26' title="bbox 392 3234 1505 3324; baseline -0.001 -21"><span class='ocrx_word' id='word_1_211' title='bbox 392 3235 555 3303; x_wconf 87' lang='lat' dir='ltr'>auditorio</span> <span class='ocrx_word' id='word_1_212' title='bbox 571 3240 685 3301; x_wconf 89' lang='lat' dir='ltr'>nostro</span> <span class='ocrx_word' id='word_1_213' title='bbox 700 3234 900 3320; x_wconf 82' lang='lat' dir='ltr'>propositam</span> <span class='ocrx_word' id='word_1_214' title='bbox 916 3234 1104 3301; x_wconf 89' lang='lat' dir='ltr'>audiuimus</span> <span class='ocrx_word' id='word_1_215' title='bbox 1114 3237 1345 3324; x_wconf 88' lang='lat' dir='ltr'>continentem,</span> <span class='ocrx_word' id='word_1_216' title='bbox 1355 3238 1437 3322; x_wconf 90' lang='lat' dir='ltr'>qnod</span> <span class='ocrx_word' id='word_1_217' title='bbox 1450 3237 1505 3322; x_wconf 88' lang='lat' dir='ltr'>ipsi</span> 
     </span>
    </p>
   </div>
   <div class='ocr_carea' id='block_1_7' title="bbox 283 3331 1504 3428">
    <p class='ocr_par' dir='ltr' id='par_1_8' title="bbox 283 3331 1504 3428">
     <span class='ocr_line' id='line_1_27' title="bbox 283 3331 1504 3428; baseline 0.004 -23"><span class='ocrx_word' id='word_1_218' title='bbox 283 3331 284 3336; x_wconf 59' lang='grc'>’</span> <span class='ocrx_word' id='word_1_219' title='bbox 391 3344 425 3406; x_wconf 90' lang='lat' dir='ltr'>in</span> <span class='ocrx_word' id='word_1_220' title='bbox 441 3345 604 3426; x_wconf 88' lang='lat' dir='ltr'>presentis</span> <span class='ocrx_word' id='word_1_221' title='bbox 629 3364 747 3427; x_wconf 83' lang='lat' dir='ltr'>guerre</span> <span class='ocrx_word' id='word_1_222' title='bbox 772 3349 805 3409; x_wconf 89' lang='lat' dir='ltr'>et</span> <span class='ocrx_word' id='word_1_223' title='bbox 829 3343 1026 3410; x_wconf 89' lang='lat' dir='ltr'>turbationis</span> <span class='ocrx_word' id='word_1_224' title='bbox 1051 3349 1208 3428; x_wconf 90' lang='lat' dir='ltr'>tempore,</span> <span class='ocrx_word' id='word_1_225' title='bbox 1233 3347 1382 3414; x_wconf 85' lang='lat' dir='ltr'>volentes</span> <span class='ocrx_word' id='word_1_226' title='bbox 1397 3346 1504 3412; x_wconf 81' lang='lat' dir='ltr'>Nostro</span> 
     </span>
    </p>
   </div>
   <div class='ocr_carea' id='block_1_8' title="bbox 387 3445 1506 4625">
    <p class='ocr_par' dir='ltr' id='par_1_9' title="bbox 387 3445 1506 4625">
     <span class='ocr_line' id='line_1_28' title="bbox 392 3445 1504 3537; baseline 0.003 -22"><span class='ocrx_word' id='word_1_227' title='bbox 392 3445 580 3517; x_wconf 84' lang='lat' dir='ltr'>Maiestatis</span> <span class='ocrx_word' id='word_1_228' title='bbox 597 3451 740 3516; x_wconf 91' lang='lat' dir='ltr'>dominio</span> <span class='ocrx_word' id='word_1_229' title='bbox 755 3450 926 3518; x_wconf 87' lang='lat' dir='ltr'>fidelitatis</span> <span class='ocrx_word' id='word_1_230' title='bbox 952 3451 1097 3519; x_wconf 89' lang='lat' dir='ltr'>debitum</span> <span class='ocrx_word' id='word_1_231' title='bbox 1119 3453 1311 3520; x_wconf 86' lang='lat' dir='ltr'>inconcusse</span> <span class='ocrx_word' id='word_1_232' title='bbox 1328 3475 1463 3537; x_wconf 87' lang='lat' dir='ltr'>seruare,</span> <span class='ocrx_word' id='word_1_233' title='bbox 1476 3460 1504 3518; x_wconf 86' lang='lat' dir='ltr'>et</span> 
     </span>
     <span class='ocr_line' id='line_1_29' title="bbox 391 3558 1505 3644; baseline 0.004 -22"><span class='ocrx_word' id='word_1_234' title='bbox 391 3578 464 3622; x_wconf 90' lang='lat' dir='ltr'>cum</span> <span class='ocrx_word' id='word_1_235' title='bbox 489 3559 681 3643; x_wconf 87' lang='lat' dir='ltr'>integritate</span> <span class='ocrx_word' id='word_1_236' title='bbox 706 3559 890 3626; x_wconf 91' lang='lat' dir='ltr'>deuotionis</span> <span class='ocrx_word' id='word_1_237' title='bbox 916 3560 949 3626; x_wconf 90' lang='lat' dir='ltr'>in</span> <span class='ocrx_word' id='word_1_238' title='bbox 975 3558 1064 3627; x_wconf 90' lang='lat' dir='ltr'>illius</span> <span class='ocrx_word' id='word_1_239' title='bbox 1090 3580 1303 3644; x_wconf 90' lang='lat' dir='ltr'>perseuerare</span> <span class='ocrx_word' id='word_1_240' title='bbox 1323 3562 1505 3642; x_wconf 69' lang='lat' dir='ltr'>consumis,</span> 
     </span>
     <span class='ocr_line' id='line_1_30' title="bbox 391 3665 1505 3751; baseline 0.001 -19"><span class='ocrx_word' id='word_1_241' title='bbox 391 3665 575 3751; x_wconf 87' lang='lat' dir='ltr'>prefate</span> <span class='ocrx_word' id='word_1_242' title='bbox 608 3673 729 3733; x_wconf 92' lang='lat' dir='ltr'>terre</span> <span class='ocrx_word' id='word_1_243' title='bbox 762 3665 922 3735; x_wconf 82' lang='lat' dir='ltr'>Sancti</span> <span class='ocrx_word' id='word_1_244' title='bbox 945 3667 1125 3736; x_wconf 83' lang='lat' dir='ltr'>Andros</span> <span class='ocrx_word' id='word_1_245' title='bbox 1148 3690 1295 3736; x_wconf 89' lang='lat' dir='ltr'>omnes</span> <span class='ocrx_word' id='word_1_246' title='bbox 1318 3670 1505 3738; x_wconf 87' lang='lat' dir='ltr'>homines</span> 
     </span>
     <span class='ocr_line' id='line_1_31' title="bbox 390 3773 1506 3862; baseline 0.001 -21"><span class='ocrx_word' id='word_1_247' title='bbox 390 3773 726 3842; x_wconf 74' lang='lat' dir='ltr'>uniuersaliter</span> <span class='ocrx_word' id='word_1_248' title='bbox 749 3773 957 3862; x_wconf 85' lang='lat' dir='ltr'>Vngarys</span> <span class='ocrx_word' id='word_1_249' title='bbox 980 3777 1150 3861; x_wconf 86' lang='lat' dir='ltr'>alijsue</span> <span class='ocrx_word' id='word_1_250' title='bbox 1183 3781 1359 3845; x_wconf 87' lang='lat' dir='ltr'>nostris</span> <span class='ocrx_word' id='word_1_251' title='bbox 1382 3778 1506 3848; x_wconf 90' lang='lat' dir='ltr'>hosti·</span> 
     </span>
     <span class='ocr_line' id='line_1_32' title="bbox 390 3883 1506 3966; baseline 0.001 -17"><span class='ocrx_word' id='word_1_252' title='bbox 390 3883 469 3950; x_wconf 88' lang='lat' dir='ltr'>bus</span> <span class='ocrx_word' id='word_1_253' title='bbox 507 3883 705 3966; x_wconf 83' lang='lat' dir='ltr'>Regnum</span> <span class='ocrx_word' id='word_1_254' title='bbox 744 3885 1075 3952; x_wconf 81' lang='lat' dir='ltr'>insedentibus</span> <span class='ocrx_word' id='word_1_255' title='bbox 1114 3886 1194 3952; x_wconf 91' lang='lat' dir='ltr'>sub</span> <span class='ocrx_word' id='word_1_256' title='bbox 1235 3885 1506 3955; x_wconf 85' lang='lat' dir='ltr'>rebellionis</span> 
     </span>
     <span class='ocr_line' id='line_1_33' title="bbox 390 3990 1505 4078; baseline 0.003 -21"><span class='ocrx_word' id='word_1_257' title='bbox 390 3991 540 4076; x_wconf 89' lang='lat' dir='ltr'>specie</span> <span class='ocrx_word' id='word_1_258' title='bbox 564 3990 819 4078; x_wconf 86' lang='lat' dir='ltr'>adeserunt‚</span> <span class='ocrx_word' id='word_1_259' title='bbox 843 3992 986 4061; x_wconf 81' lang='lat' dir='ltr'>incolatu</span> <span class='ocrx_word' id='word_1_260' title='bbox 1011 3993 1125 4061; x_wconf 89' lang='lat' dir='ltr'>relicto</span> <span class='ocrx_word' id='word_1_261' title='bbox 1157 3994 1251 4062; x_wconf 89' lang='lat' dir='ltr'>bonis</span> <span class='ocrx_word' id='word_1_262' title='bbox 1276 4017 1388 4067; x_wconf 88' lang='lat' dir='ltr'>eorum</span> <span class='ocrx_word' id='word_1_263' title='bbox 1414 3994 1505 4062; x_wconf 90' lang='lat' dir='ltr'>omui·</span> 
     </span>
     <span class='ocr_line' id='line_1_34' title="bbox 387 4097 1504 4189; baseline 0 -23"><span class='ocrx_word' id='word_1_264' title='bbox 387 4097 448 4166; x_wconf 90' lang='lat' dir='ltr'>bus</span> <span class='ocrx_word' id='word_1_265' title='bbox 473 4097 646 4165; x_wconf 85' lang='lat' dir='ltr'>stabilibus</span> <span class='ocrx_word' id='word_1_266' title='bbox 671 4107 705 4166; x_wconf 91' lang='lat' dir='ltr'>et</span> <span class='ocrx_word' id='word_1_267' title='bbox 729 4099 911 4186; x_wconf 88' lang='lat' dir='ltr'>mobilibus,</span> <span class='ocrx_word' id='word_1_268' title='bbox 928 4125 990 4188; x_wconf 84' lang='lat' dir='ltr'>que</span> <span class='ocrx_word' id='word_1_269' title='bbox 1007 4103 1200 4172; x_wconf 89' lang='lat' dir='ltr'>obtinebant</span> <span class='ocrx_word' id='word_1_270' title='bbox 1224 4104 1314 4189; x_wconf 91' lang='lat' dir='ltr'>inibi,</span> <span class='ocrx_word' id='word_1_271' title='bbox 1340 4105 1504 4186; x_wconf 81' lang='lat' dir='ltr'>derelictis,</span> 
     </span>
     <span class='ocr_line' id='line_1_35' title="bbox 388 4204 1505 4298; baseline 0.002 -26"><span class='ocrx_word' id='word_1_272' title='bbox 388 4204 432 4272; x_wconf 87' lang='lat' dir='ltr'>ad</span> <span class='ocrx_word' id='word_1_273' title='bbox 463 4206 568 4290; x_wconf 87' lang='lat' dir='ltr'>ipsam</span> <span class='ocrx_word' id='word_1_274' title='bbox 604 4207 740 4276; x_wconf 82' lang='lat' dir='ltr'>Terram</span> <span class='ocrx_word' id='word_1_275' title='bbox 777 4208 890 4277; x_wconf 83' lang='lat' dir='ltr'>Sancti</span> <span class='ocrx_word' id='word_1_276' title='bbox 924 4209 1040 4278; x_wconf 90' lang='lat' dir='ltr'>Seueri</span> <span class='ocrx_word' id='word_1_277' title='bbox 1063 4215 1263 4280; x_wconf 88' lang='lat' dir='ltr'>mansionem</span> <span class='ocrx_word' id='word_1_278' title='bbox 1289 4214 1428 4298; x_wconf 90' lang='lat' dir='ltr'>ipsorum</span> <span class='ocrx_word' id='word_1_279' title='bbox 1453 4229 1505 4296; x_wconf 90' lang='lat' dir='ltr'>per</span> 
     </span>
     <span class='ocr_line' id='line_1_36' title="bbox 389 4315 1504 4404; baseline 0.005 -27"><span class='ocrx_word' id='word_1_280' title='bbox 389 4315 558 4397; x_wconf 87' lang='lat' dir='ltr'>repentine</span> <span class='ocrx_word' id='word_1_281' title='bbox 583 4315 824 4384; x_wconf 87' lang='lat' dir='ltr'>absentationis</span> <span class='ocrx_word' id='word_1_282' title='bbox 840 4317 1031 4404; x_wconf 83' lang='lat' dir='ltr'>suffragium</span> <span class='ocrx_word' id='word_1_283' title='bbox 1048 4321 1309 4404; x_wconf 86' lang='lat' dir='ltr'>transtulerunt;</span> <span class='ocrx_word' id='word_1_284' title='bbox 1341 4318 1504 4404; x_wconf 89' lang='lat' dir='ltr'>subscripti</span> 
     </span>
     <span class='ocr_line' id='line_1_37' title="bbox 390 4420 1504 4513; baseline 0.005 -28"><span class='ocrx_word' id='word_1_285' title='bbox 390 4441 430 4486; x_wconf 85' lang='lat' dir='ltr'>ex</span> <span class='ocrx_word' id='word_1_286' title='bbox 445 4420 543 4489; x_wconf 87' lang='lat' dir='ltr'>dictis</span> <span class='ocrx_word' id='word_1_287' title='bbox 558 4421 743 4492; x_wconf 88' lang='lat' dir='ltr'>hominibus</span> <span class='ocrx_word' id='word_1_288' title='bbox 760 4426 875 4493; x_wconf 85' lang='lat' dir='ltr'>Sancti</span> <span class='ocrx_word' id='word_1_289' title='bbox 885 4427 1029 4513; x_wconf 82' lang='lat' dir='ltr'>Andree,</span> <span class='ocrx_word' id='word_1_290' title='bbox 1040 4431 1185 4497; x_wconf 89' lang='lat' dir='ltr'>eiusdem</span> <span class='ocrx_word' id='word_1_291' title='bbox 1198 4431 1384 4500; x_wconf 86' lang='lat' dir='ltr'>Maiestatis</span> <span class='ocrx_word' id='word_1_292' title='bbox 1393 4429 1504 4496; x_wconf 80' lang='lat' dir='ltr'>Nostro</span> 
     </span>
     <span class='ocr_line' id='line_1_38' title="bbox 388 4525 1502 4625; baseline 0.002 -27"><span class='ocrx_word' id='word_1_293' title='bbox 388 4525 574 4612; x_wconf 86' lang='lat' dir='ltr'>rebellibus,</span> <span class='ocrx_word' id='word_1_294' title='bbox 591 4541 788 4617; x_wconf 84' lang='lat' dir='ltr'>exponentes</span> <span class='ocrx_word' id='word_1_295' title='bbox 813 4537 941 4602; x_wconf 86' lang='lat' dir='ltr'>eosdem</span> <span class='ocrx_word' id='word_1_296' title='bbox 968 4545 1143 4622; x_wconf 87' lang='lat' dir='ltr'>propterea</span> <span class='ocrx_word' id='word_1_297' title='bbox 1168 4539 1303 4625; x_wconf 86' lang='lat' dir='ltr'>capitali</span> <span class='ocrx_word' id='word_1_298' title='bbox 1323 4542 1395 4607; x_wconf 88' lang='lat' dir='ltr'>odio</span> <span class='ocrx_word' id='word_1_299' title='bbox 1410 4547 1440 4605; x_wconf 90' lang='lat' dir='ltr'>ot</span> <span class='ocrx_word' id='word_1_300' title='bbox 1453 4536 1502 4601; x_wconf 90' lang='lat' dir='ltr'>bo·</span> 
     </span>
    </p>
   </div>
   <div class='ocr_carea' id='block_1_9' title="bbox 0 0 1612 5253">
    <p class='ocr_par' dir='ltr' id='par_1_10' title="bbox 0 0 1612 5253">
     <span class='ocr_line' id='line_1_39' title="bbox 0 0 1612 5253; baseline 0 0"><span class='ocrx_word' id='word_1_301' title='bbox 0 0 1612 5253; x_wconf 95' lang='lat' dir='ltr'> </span> 
     </span>
    </p>
   </div>
  </div>
 </body>
</html>
