3110 5248
575 349 670 432 rats.
1119 345 1184 430 tri

1 591 2 618 ,
68 541 267 612 instrumento
296 553 447 630 exparte
476 543 620 611 eiusdem
645 542 849 610 serenissimi
875 542 996 610 domini
1023 541 1126 627 Regis
1143 544 1183 609 de

1 628 2 704 l
65 653 108 718 his
132 655 273 738 treuguis
305 661 339 720 et
370 647 553 721 ¹concordiis
578 651 755 719 Serenitati
781 651 903 718 Nostra
938 651 1086 718 consecto
1125 672 1184 734 per

1 789 2 845 v
64 759 233 828 lohannem
250 761 476 830 Christianum
492 761 532 827 de
548 759 753 828 Cormasinis
764 759 824 825 Pu.
835 759 895 827 Im.
906 765 990 826 auct.
1001 757 1181 824 Notarium

1 881 2 926 r
64 869 190 935 vidimus
198 871 367 937 contineri.
391 869 494 955 Cujus
504 869 710 935 instrumenti
721 872 816 934 tenor
832 889 891 952 per
907 868 1016 934 omnia
1032 867 1110 932 talis
1127 873 1185 933 est.

160 977 199 1042 In
229 977 355 1046 Christi
388 979 517 1044 nomine
547 973 665 1042 Amen.
697 971 794 1040 Anno
818 973 1014 1041 Natiuitatis
1042 973 1185 1041 eiusdem

1 1103 2 1144 r
65 1081 349 1155 nocoxnvm.
365 1086 485 1152 mensis
502 1083 648 1170 Augusti
663 1083 716 1148 die
733 1081 853 1148 Martis
870 1079 911 1150 V.
937 1079 998 1148 stb.
1016 1081 1181 1168 (liuvane-

1 1590 6 1679 v

65 1191 110 1256 zilr
125 1215 144 1260 a
157 1193 504 1280 fsgyreruyugvasuak
520 1193 716 1278 hunepelyes
733 1189 904 1276 olrmauya,
919 1191 1002 1256 mint
1017 1190 1057 1256 E.
1068 1191 1185 1273 alatt.)

163 1301 210 1386 (A
225 1303 319 1371 tbbbi
334 1299 513 1388 hianyaik.)

384 1449 578 1512 (nl’aetorumr
593 1449 629 1503 V.
641 1447 700 1500 kur.
715 1453 776 1500 221.
789 1447 853 1508 lev.)

64 1620 158 1709 MJA
181 1627 410 1694 relenozei
432 1625 912 1711 hormauytanaesnalr
936 1621 1186 1708 rendelete,

64 1730 167 1818 hogy
204 1757 250 1801 az
288 1733 477 1821 I.Lajos
517 1756 698 1821 magyar
736 1732 994 1818 lriralylyal
1032 1733 1185 1799 ktittitt

1 1919 2 1950 ᾖ
66 1837 1183 1926 legyversztlnetalattraloialtalmegtartasstlr.

573 1953 668 2016 1348.

163 2073 261 2142 Auno
271 2073 572 2144 MCCCXLVIII.
581 2075 630 2144 II.
640 2075 827 2155 indictione,
836 2075 954 2168 mensis
966 2071 1118 2141 Octobris
1134 2073 1186 2140 die

65 2182 204 2249 seeundo.
228 2183 402 2252 Vniuersis
419 2191 451 2250 et
474 2184 609 2268 singulis
625 2190 739 2250 notum
755 2184 806 2267 sit,
822 2182 909 2267 quod
925 2182 969 2247 ad
984 2181 1124 2264 laudem,
1139 2203 1186 2248 re·

65 2290 234 2356 verentium
259 2297 293 2358 et
317 2292 473 2358 honorem
497 2291 620 2359 domini
645 2291 749 2358 nostri
765 2289 847 2378 Jesu
868 2288 1002 2371 Christi,
1022 2299 1055 2356 et
1072 2288 1186 2358 Genit-

1 2415 2 2484 ᾗ
64 2396 134 2463 rieis
150 2420 203 2465 sue
220 2397 370 2484 Virginis
388 2399 601 2483 Gloriose,ao
616 2399 715 2468 Beati
730 2398 839 2465 Marci
856 2395 1014 2482 Apostoli
1030 2405 1063 2464 et
1078 2397 1186 2465 Evan-

1 2493 3 2516 l

1 2694 7 2750 l

1 2818 4 2839 l

1 2879 6 3019 l

1 2735 11 2801 ἓ.

67 2506 174 2586 geliste
189 2511 385 2593 protectoris
401 2509 516 2592 nostri,
532 2509 618 2574 inter
638 2506 889 2574 serenissimum
904 2505 1105 2573 Ludovioum
1121 2505 1185 2574 Dei

66 2614 166 2694 gratia
174 2615 349 2714 Huugarie
358 2615 485 2702 Regem
500 2637 561 2701 pro
579 2637 612 2682 se
629 2615 737 2682 etsuis
748 2613 943 2700 subditis,et
954 2614 1113 2698 omnibus,
1125 2634 1187 2698 que

65 2743 184 2806 quoquo
200 2723 296 2790 modo
307 2723 506 2792 fuissentvel
516 2730 626 2790 essent
642 2724 840 2806 obedientes,
857 2743 1013 2806 sequaces
1030 2723 1082 2788 vel
1097 2721 1185 2788 favo·

1 2841 2 2876 v
67 2829 181 2898 rabiles
198 2832 298 2917 ipsius
314 2831 425 2916 Regis,
441 2840 475 2900 et
490 2831 616 2900 Duoale
631 2831 823 2898 Dominium
838 2831 1056 2915 proomuibus
1074 2839 1108 2896 et
1123 2831 1187 2897 sin·

63 2937 139 3018 gulis
164 2940 294 3024 civibus
314 2940 465 3024 subditis,
483 2939 643 3021 fidelibus,
659 2939 794 3021 devotis,
810 2937 1051 3020 obedientibus,
1070 2958 1185 3020 sequa·

65 3045 146 3112 cibus
170 3047 219 3112 rel
244 3046 478 3115 favorabilibus
504 3051 571 3114 suis
591 3047 718 3113 firmate
734 3052 858 3114 suntet
873 3045 1062 3113 solemniter
1078 3046 1184 3111 iurate

1 3151 2 3235 l
65 3169 101 3216 ex
115 3159 250 3240 utraque
265 3161 360 3241 parte
375 3161 491 3240 tregue
508 3171 584 3222 vere
601 3162 633 3222 et
643 3173 723 3240 pure
740 3160 774 3220 et
789 3153 1000 3222 concordium
1017 3175 1119 3239 usque
1135 3176 1185 3220 oc·

65 3264 95 3324 to
117 3283 217 3328 annos
243 3265 390 3348 proxime
415 3262 553 3348 futuros,
577 3264 610 3328 in
636 3261 754 3346 quihus
774 3259 906 3347 quidem
923 3262 1048 3347 treguis
1063 3284 1122 3347 per
1137 3269 1187 3328 ut·

1 3368 3 3382 '
66 3385 192 3452 remque
217 3371 363 3456 partium
390 3377 440 3438 est
455 3370 659 3456 promissam,
676 3370 763 3456 quod
780 3391 838 3454 per
856 3375 961 3436 totum
977 3377 1104 3455 tempus
1121 3369 1186 3437 dic·

1 3471 2 3559 f
59 3477 167 3540 'torum
183 3482 256 3542 outo
281 3498 440 3543 annorum
456 3478 569 3563 aliqua
590 3477 733 3561 partium
749 3493 814 3542 non
837 3473 957 3542 facient
972 3477 1021 3541 vel
1037 3474 1187 3557 inferent,

67 3597 118 3648 uec
143 3583 255 3651 inferri
270 3607 329 3670 per
345 3588 474 3671 aliquos
493 3609 568 3654 suos
585 3581 637 3654 vel
653 3586 735 3653 alios
751 3585 810 3652 sub
828 3587 973 3670 ipsorum
989 3585 1117 3651 nomine
1134 3585 1185 3652 vel

68 3689 165 3758 colore
183 3692 306 3760 facient
321 3695 372 3759 vel
389 3695 591 3760 consentient
601 3694 698 3760 modo
714 3691 825 3776 aliquo
835 3689 1025 3776 selingenio
1041 3692 1185 3776 aliquam

1 3785 2 3829 ³
68 3819 218 3884 guerram,
234 3802 405 3883 iniuriam,
429 3805 624 3884 molestiam,
654 3798 854 3886 gravamina,
879 3823 948 3868 rem
973 3808 1008 3867 et
1031 3800 1185 3867 damnum

65 3907 271 3987 personaliter
282 3910 334 3978 vel
343 3911 477 3977 realiter
488 3912 550 3978 sibi
561 3907 611 3977 vel
622 3911 816 3991 hominibus,
828 3904 1037 3990 Civitatibus,
1050 3907 1176 3975 Castris

67 4015 149 4126 villis,
171 4018 259 4101 loeis,
284 4039 367 4103 quas
382 4023 415 4084 et
431 4039 493 4103 que
510 4019 657 4104 predicte
672 4023 784 4104 partes
802 4025 834 4084 et
851 4017 996 4102 quelibet
1012 4038 1136 4100 earum,
1152 4025 1185 4082 et

69 4121 171 4189 subtiti
189 4131 221 4190 et
237 4125 361 4210 fideles,
378 4133 411 4193 et
429 4129 615 4212 quicunque
639 4129 690 4194 vel
706 4127 926 4213 suprascripti
942 4128 1069 4212 possint
1086 4131 1117 4191 et
1133 4145 1186 4190 va·

1 4249 2 4254 ¹
67 4226 148 4296 leant
171 4232 228 4316 ire,
254 4234 405 4318 transire,
431 4241 528 4316 stare,
553 4237 662 4302 redire
687 4257 746 4322 per
771 4243 902 4319 terram,
918 4257 976 4320 per
993 4255 1120 4320 aquam,
1137 4256 1184 4301 se·

68 4357 133 4405 oure
159 4347 191 4406 et
215 4341 285 4407 sine
300 4341 540 4428 impedimento,
568 4346 732 4429 gravitate
747 4347 797 4410 rel
814 4345 992 4428 obstaculo,
1009 4342 1183 4409 dummodo

67 4453 222 4516 transeant
250 4451 320 4516 sine
336 4451 454 4518 damno
473 4460 507 4519 et
521 4453 643 4520 lesione
659 4455 801 4539 partium
833 4451 1066 4538 predictarum,
1081 4457 1113 4517 et
1129 4472 1183 4516 eu·

1 4644 2 4654 ¹
68 4552 326 4642 iuslibetearum,
343 4567 376 4626 et
392 4545 537 4646 ipsorum
553 4561 708 4648 fidelium,
720 4564 932 4649 subditorum,
948 4563 1137 4628 devotorum
1155 4567 1187 4625 et
