3110 5248
581 373 676 434 1347.
1125 373 1188 434 249

71 546 265 631 Neapoleoni
291 554 407 615 nostro
423 547 639 614 Procuratori
662 547 697 612 in
722 547 823 614 curia
849 545 1012 614 scribatur
1038 546 1189 612 similiter

70 655 203 722 dedicta
218 655 422 736 Ambaxata‚
446 656 534 743 quod
560 655 765 740 respondeat,
779 654 808 720 'si
826 653 952 722 dicetcu
974 655 1037 721 sibi
1053 653 1187 739 aliquid,

1 758 2 816 Ϊ
68 769 102 829 nt
116 762 231 830 dictum
248 769 299 829 est
315 785 425 849 supra.

143 909 177 972 (A
197 912 334 963 velenczei
349 911 477 964 »Secreta
489 913 603 964 Consilii
616 907 866 978 aogacorumobtl
878 909 935 960 Idi·
948 908 973 960 Α
996 911 1049 960 V01·
1064 907 1097 972 ¹·)

546 1057 640 1064 -·---
671 1057 705 1062 --

587 1217 660 1282 231.

1 1453 2 1460 ἵ
69 1372 254 1438 dedeceret
280 1377 558 1462 homonymam
583 1378 772 1444 Friaulbuo
796 1377 865 1442 levo
880 1377 907 1438 I.
924 1376 1023 1462 Lajos
1049 1398 1188 1462 mapyor

1 1481 2 1495 *
178 1482 361 1569 birdlynalc
379 1483 561 1550 tisztelete're
577 1485 785 1570 amdortroyes
801 1486 941 1548 tataros.
970 1484 1063 1548 1347.

162 1639 262 1706 Anno
277 1639 557 1712 MGOOXLVH.
575 1641 628 1708 die
644 1641 780 1711 XXVI.
796 1641 1005 1711 Novembris.
1024 1639 1115 1725 Gap
1126 1648 1140 1706 t
1151 1663 1187 1707 a:

1 1732 2 1736 ¹
67 1747 141 1814 Cum
158 1748 299 1834 dicatur,
316 1751 482 1817 dominum
499 1752 625 1836 Regem
639 1749 789 1834 Vagarie
803 1752 928 1817 venisse
944 1751 987 1816 ad
1002 1749 1188 1833 partesFo-

65 1855 174 1938 roiulii,
190 1858 242 1922 rel
259 1857 347 1941 quod
363 1859 407 1925 sit
421 1865 576 1925 venturus
592 1859 744 1939 breviter,
760 1865 794 1924 et
810 1857 981 1925 conveniat
996 1880 1055 1942 pro
1066 1856 1188 1923 honore

64 1963 203 2030 Dominii
218 1966 382 2033 honorare
398 1989 481 2051 eum,
496 1974 670 2052 postquam
687 1975 738 2033 est
754 1968 800 2034 sic
815 1967 940 2033 vicinus
966 1965 1057 2032 nobis
1074 1989 1081 2030 :
1098 1964 1189 2031 vadit

63 2091 140 2153 pars,
167 2072 253 2156 quod
279 2076 456 2141 mittantur
479 2076 548 2140 sine
573 2095 665 2140 mora
684 2097 742 2140 sex
758 2074 799 2142 de
815 2075 934 2141 nostris
951 2071 1127 2140 Nobilibus
1144 2070 1187 2138 ad

1 2219 2 2226 κ
64 2177 155 2244 Suam
173 2179 385 2247 Maiestatem
400 2180 443 2247 ad
458 2183 693 2266 exponendum,
702 2181 863 2267 quomodo
874 2181 1022 2248 misimus
1033 2181 1075 2246 ad
1087 2177 1186 2246 Suam

64 2284 218 2370 Regalem
233 2289 447 2355 Maiestatem
471 2295 620 2355 nostmm
637 2288 802 2355 Nunoium
818 2309 879 2374 pro
895 2287 1015 2354 litteris
1032 2287 1187 2354 securita-

1 2469 2 2488 2
63 2393 101 2456 tis
116 2400 314 2478 prorostris
331 2397 528 2464 solemnibus
543 2395 836 2477 Ambaxatoribus,
851 2415 932 2480 quos
941 2395 1187 2461 intendebamus

64 2499 102 2564 ad
116 2523 188 2566 oum
204 2502 382 2584 destinare,
407 2525 488 2588 quas
514 2504 643 2571 litteras
660 2525 814 2589 generose
830 2504 991 2570 concessit
1005 2507 1039 2568 et
1054 2503 1126 2569 dari
1144 2502 1187 2568 se-

1 2641 3 2691 l
63 2608 103 2672 cit
116 2609 180 2692 ipsi
202 2608 334 2677 Nuncio
358 2617 486 2691 nostr03
510 2611 627 2696 quibus
652 2611 785 2694 habitis,
810 2612 922 2678 statim
947 2610 1103 2695 elegimus
1118 2615 1186 2676 tres

1 2748 2 2767 κ
64 2717 214 2783 solemnes
229 2716 474 2785 Ambaxatores
502 2718 543 2786 de
569 2719 732 2788 nobilibus
750 2724 783 2786 et
798 2718 1046 2787 honorabilibus
1062 2718 1187 2784 civibus

64 2825 187 2906 nostris,
201 2827 258 2908 qui
276 2824 440 2894 debebant
454 2828 563 2892 venne
580 2827 623 2892 ad
639 2826 741 2894 Suam
764 2827 974 2894 Maiestatem
990 2848 1061 2892 cum
1076 2824 1186 2894 amba·

63 2937 137 2996 sata
152 2933 201 2999 sui
217 2935 353 3000 honoris
379 2939 412 3000 et
436 2935 558 3015 nostri;
582 2935 641 3002 sed
665 2957 736 3002 cum
761 2937 872 3019 parati
899 2941 1006 3000 essent
1022 2955 1081 3018 pro
1098 2933 1186 3000 dieta

1 3053 2 3131 ff
64 3039 120 3120 ria,
135 3039 308 3106 habuimus
323 3061 407 3108 nova
422 3040 518 3112 firma
535 3041 575 3107 de
592 3041 732 3108 adventu
758 3064 817 3108 suo
833 3042 867 3106 in
883 3042 923 3108 iis
939 3040 1099 3124 partibus,
1113 3061 1188 3124 pro·

63 3152 132 3228 pter
147 3147 233 3229 quod
257 3146 458 3231 providimus
474 3149 605 3216 mittere
630 3150 711 3216 istos
735 3171 790 3215 sex
815 3149 935 3215 nobilis
966 3148 1009 3214 ad
1024 3147 1186 3214 honoran-

2 3246 3 3258 ’
64 3253 135 3318 dum
150 3252 251 3322 Suam
267 3255 486 3337 Maiestatem,
510 3259 567 3341 qui
595 3277 651 3322 sue
675 3256 796 3340 Regali
812 3255 1055 3342 Magnificentie
1074 3256 1186 3321 dicant

2 3441 3 3450 ἵ
65 3381 100 3424 cx
114 3367 207 3444 parte
222 3369 341 3429 nostra
365 3365 466 3431 verba
491 3368 671 3430 reverentie
690 3370 724 3430 et
749 3365 879 3446 amoris,
904 3365 986 3430 sicut
1002 3363 1048 3429 cis
1065 3363 1186 3429 videbi·

63 3474 113 3534 tur
127 3491 186 3553 pro
199 3471 324 3536 honore
339 3479 462 3555 nostro,
477 3479 511 3539 et
528 3473 653 3539 socient
669 3493 741 3539 cum
758 3493 926 3557 quousque
936 3477 1029 3536 extra
1040 3479 1185 3536 nostrum

2 3573 3 3632 ]
64 3574 261 3643 Districtum.
284 3578 330 3643 Et
346 3579 374 3643 si
389 3579 477 3646 volet
492 3579 635 3646 transire
651 3601 710 3663 per
725 3588 873 3646 nostrum
896 3577 1102 3660 Distriotum‚
1125 3577 1186 3642 hoc

65 3681 123 3749 sibi
137 3683 317 3752 liberaliter
342 3685 492 3770 offerant,
524 3693 556 3754 et
572 3689 637 3754 sint
669 3710 742 3754 cum
774 3709 830 3767 eo;
854 3694 885 3753 et
905 3689 932 3752 si
957 3685 1044 3752 volet
1059 3687 1185 3752 intrare

66 3790 221 3859 civitatem
237 3800 386 3859 nostram
412 3802 444 3860 et
470 3802 589 3876 castra,
613 3795 755 3862 habeant
780 3795 964 3862 libertatem
994 3793 1099 3859 nostri
1113 3814 1186 3876 pre·

3 3935 5 3940 ·
66 3896 139 3964 dicti
153 3899 252 3966 dandi
268 3901 298 3966 ei
314 3899 481 3968 licentiam
497 3923 569 3968 oum
585 3902 643 3970 illa
660 3909 766 3987 gente,
783 3923 846 3986 que
862 3903 909 3966 eis
924 3900 1092 3968 videbitur
1109 3920 1182 3966 oum

3 4055 5 4058 .
66 4007 230 4075 securitate
245 4015 434 4075 nostrornm
450 4009 603 4076 locorum.
624 4009 670 4076 Et
687 4005 733 4076 si'c
750 3997 914 4076 scribatur
930 4007 1050 4073 nostris
1066 4006 1184 4073 Recto·
1216 4037 1220 4052 ·

3 4113 9 4128 ⁵
65 4113 155 4199 ribus,
172 4116 259 4198 quod
274 4117 454 4200 observent,
470 4118 554 4184 sicut
569 4116 648 4184 dicti
673 4116 810 4184 Nobiles
826 4117 872 4182 eis
889 4115 1007 4181 dicent.
1022 4115 1069 4181 Et
1083 4114 1182 4182 insor-

66 4228 147 4288 meut
162 4245 195 4290 so
210 4221 290 4290 dicti
317 4223 440 4291 nobiles
456 4225 496 4292 de
522 4225 609 4290 omni
628 4247 675 4307 eo,
692 4225 781 4310 quod
804 4223 927 4291 habere
944 4229 976 4288 et
996 4223 1078 4290 sciro
1094 4229 1184 4308 pote·

66 4335 135 4395 runt
149 4331 180 4396 in
196 4331 286 4398 diota
302 4331 363 4414 via,
378 4332 467 4417 quod
498 4339 623 4417 spectet
639 4333 682 4400 ad
712 4340 861 4399 nostrum
892 4330 1057 4417 honorem,
1088 4339 1125 4399 ut
1141 4333 1183 4400 ab

68 4436 108 4501 eis
122 4439 153 4502 iu
167 4461 226 4506 suo
258 4439 366 4508 reditu
396 4442 448 4508 vel
463 4464 522 4526 per
554 4463 630 4508 suas
655 4441 783 4509 litteras
814 4445 891 4507 ante
923 4462 1016 4508 suum
1032 4440 1183 4522 reditum,

69 4563 139 4624 quas
154 4548 281 4614 mittere
309 4548 401 4614 nobis
433 4549 543 4616 statim
574 4549 722 4630 debeant,
753 4548 923 4616 informari
953 4549 1123 4633 possimus.
1138 4548 1184 4614 Et
