3110 5248
561 343 657 408 rsia.
704 295 708 302 ¹
1104 341 1167 408 res

58 517 89 586 als
102 516 321 606 infrascriptis,
346 521 433 604 quod
449 521 494 587 eis
518 519 633 587 melius
659 517 823 584 ridebitur
838 538 898 603 pro
914 519 1036 586 honore
1052 525 1165 590 nostro

5 677 7 732 ,
61 627 175 692 abono
198 625 287 694 lecti.

5 733 7 740 ’
148 735 265 803 Modus
291 741 402 803 autem
427 742 477 802 est
502 737 582 802 iste:
607 734 703 820 Quod
728 734 917 801 remittente
932 735 1063 803 domino
1080 736 1171 822 Rege

5 883 8 928 7,
58 849 85 905 et
98 842 306 911 transferente
322 844 358 910 in
374 865 433 909 nos
459 844 571 910 statim
602 842 705 910 libere
730 843 930 926 et'expedite
962 843 1087 927 absque
1102 845 1170 910 ulla

56 951 222 1017 conditione
238 953 274 1017 in
290 956 486 1036 perpetuum
501 950 611 1016 omnia
636 950 717 1032 iura,
741 970 804 1033 que
819 948 955 1015 haberet
980 949 1030 1016 sel
1047 949 1171 1018 dicaret

5 1047 7 1118 ῗ
56 1056 162 1124 habere
176 1060 210 1123 in
231 1059 332 1126 dictis
364 1063 506 1144 quatuor
533 1054 741 1138 Civitatibus,
764 1063 797 1121 et
822 1058 1018 1137 generaliter
1035 1059 1069 1123 in
1094 1057 1170 1126 aliis

5 1201 7 1240 f
56 1161 235 1231 Civitatibus
262 1172 296 1230 et
320 1165 400 1231 locis
425 1165 603 1246 Dalmatis,
627 1185 708 1249 quas
724 1171 883 1246 tenemus,
907 1186 980 1230 cum
1004 1166 1168 1249 pertinen-

5 1267 7 1358 }
54 1273 100 1340 tiis
113 1273 298 1356 earundem,
323 1273 451 1358 possint
467 1271 709 1340 Ambaxatores
735 1255 929 1356 promittere
945 1275 1030 1340 inter
1046 1273 1171 1360 Regem

5 1359 8 1472 J
54 1387 81 1447 et
94 1381 238 1447 Berones
254 1381 393 1447 ducatos
421 1379 593 1464 sexaginta
617 1378 706 1446 mille
722 1380 772 1445 vel
797 1381 873 1447 inde
888 1380 975 1447 infra
999 1404 1097 1467 quam
1113 1381 1171 1448 mi-

5 1485 7 1548 l
53 1507 102 1552 nus
114 1491 278 1571 poterunt,
303 1485 461 1554 facientes
486 1486 549 1552 hoc
573 1486 721 1571 predicto
737 1486 867 1553 domino
892 1486 978 1572 Regi
1002 1510 1063 1571 pro
1079 1509 1114 1554 se
1140 1497 1171 1554 ct

5 1575 8 1691 J
55 1594 281 1660 mcccssoribus
309 1594 376 1661 suis
392 1595 485 1661 nobis
510 1601 543 1660 et
560 1594 804 1661 successoribus
829 1595 947 1661 nostris
966 1617 1024 1680 per
1040 1597 1172 1663 modum

5 1693 7 1786 J
55 1703 284 1787 transactionis,
307 1703 357 1768 vel
389 1723 517 1769 omnem
548 1702 647 1769 alium
680 1703 812 1768 modum
844 1704 948 1786 magis
967 1710 1073 1772 tutum
1099 1727 1171 1772 cum

5 1787 13 1912 J
53 1809 188 1876 castellis
207 1815 241 1875 et
256 1808 555 1876 renuntiationibus
571 1809 772 1894 opportunis.

5 1917 7 2018 J
145 1915 271 2002 Capta:
297 1915 333 1983 si
349 1923 460 1983 autem
485 1916 635 1983 dominus
659 1917 732 1982 Rex
748 1938 812 1983 non
833 1925 1093 2001 contentaretur,
1115 1942 1171 1986 no-

5 2051 7 2122 ξ
52 2023 93 2088 bis
106 2023 274 2090 dimiotere
291 2025 338 2090 sic
354 2023 500 2092 absolute
517 2025 621 2091 dictas
632 2031 774 2108 quatuor
791 2021 960 2109 Civitates,
985 2024 1041 2091 sed
1058 2027 1170 2109 potius

5 2127 8 2212 J
53 2129 137 2197 vellet
150 2131 278 2216 aliquid
303 2132 491 2212 annuatim
515 2137 547 2197 et
570 2129 657 2196 toret
688 2136 869 2212 contentus,
892 2132 979 2216 quod
1003 2133 1072 2216 ipse
1089 2153 1170 2216 qua·

5 2221 7 2332 J
51 2241 116 2302 tuor
130 2236 290 2304 Civitates
306 2237 399 2304 nobis
415 2245 573 2322 perpetuo
589 2246 621 2303 et-
646 2238 746 2303 libere
763 2245 979 2319 remanerent,
1004 2237 1170 2306 dimioten·

5 2337 8 2450 J
52 2344 87 2411 do
101 2346 131 2409 in
147 2345 242 2411 nobis
258 2346 372 2411 omnia
388 2346 474 2427 iura,
498 2367 561 2429 que
586 2345 722 2413 haberet
754 2367 810 2411 seu
841 2345 963 2412 diceret
986 2347 1109 2413 habere
1136 2349 1170 2413 iu

51 2452 97 2532 eis,
118 2454 244 2538 possint
269 2454 374 2519 nostri
400 2454 592 2539 promittere
617 2474 676 2539 pro
701 2455 767 2519 ista
795 2455 1015 2521 transactione
1041 2461 1074 2520 et
1098 2476 1171 2520 con·

52 2561 153 2626 cordia
185 2561 322 2627 ducatos
355 2568 423 2628 tres
454 2562 543 2627 mille
576 2562 752 2644 annuatim,
776 2568 809 2627 et
840 2562 975 2629 ducatos
1008 2562 1172 2630 octomille

52 2668 227 2734 Beronibus
245 2670 343 2734 semel
361 2675 498 2750 tanturn,
524 2671 575 2735 vel
605 2671 710 2736 miuus
743 2670 838 2736 dictis
865 2670 1117 2754 quantitatibus,
1141 2672 1169 2737 si
1285 2755 1288 2760 ,

5 2757 8 2868 J
49 2783 211 2858 poterunt3
235 2777 411 2843 dummodo
437 2778 498 2844 hoc
523 2799 587 2843 non
613 2777 671 2845 liat
701 2798 759 2863 per
785 2778 918 2844 modurn
941 2779 1041 2858 feudi,
1064 2799 1171 2862 neque

5 2873 8 2972 J
50 2881 184 2950 clationis
213 2906 270 2950 seu
297 2884 515 2968 subiectionis,
539 2907 598 2951 uec
625 2907 683 2969 per
700 2886 800 2952 alium
825 2886 964 2966 modum,
988 2887 1044 2972 qui
1069 2887 1173 2970 possit

5 3035 7 3074 ,
51 2989 242 3072 prsiudicare
259 2991 353 3056 nobis
369 2999 402 3057 et
417 2991 514 3058 titulo
531 2998 652 3058 nostro.
677 2991 908 3076 intelligendo,
933 2993 1018 3078 quod
1036 2994 1068 3059 in
1085 2994 1172 3060 omni

5 3081 6 3154 J
49 3118 120 3163 casu
135 3097 205 3164 Rex
221 3100 394 3165 renunciet
424 3107 455 3166 et
473 3099 618 3165 dimittat
649 3101 683 3163 in
699 3099 795 3165 uobis
825 3108 984 3185 perpetuo
1010 3107 1043 3166 ct
1068 3100 1170 3168 libere

5 3193 7 3214 ⁵
51 3206 154 3272 emnia
168 3206 249 3287 iure,
274 3227 338 3289 que
357 3206 481 3274 diceret
505 3228 562 3274 seu
582 3213 693 3292 posset
710 3206 832 3274 habere
864 3208 896 3271 in
922 3208 1069 3274 omnibus
1096 3207 1169 3274 aliis

5 3361 6 3364 ,
51 3308 240 3381 Civitatibus
257 3319 292 3378 et
305 3311 386 3379 locis
402 3312 580 3395 Dalmatis,
604 3337 688 3400 quas
703 3321 858 3382 tenemus.

227 3457 263 3518 (Δ
278 3459 417 3509 velenenei
434 3460 561 3510 »Secreta
581 3460 696 3510 Consilii
710 3459 982 3524 negatorum-bol.)

530 3621 621 3630 ---.---
635 3621 689 3631 --0-0·

570 3875 644 3937 247.

5 4015 7 4026 ,
52 4024 103 4088 VI·
128 4028 271 4097 Kelousa
285 4037 380 4119 pulpa
400 4056 438 4098 oz
465 4033 592 4121 elfoqott
617 4034 741 4100 sicilici
772 4036 897 4122 loirdlyi
921 4033 1088 4119 herecepelc
1115 4033 1164 4096 ki·

5 4155 6 4158 ’
348 4139 565 4207 sacharoma
594 4144 739 4230 tqyebsn.
771 4147 864 4208 1348.

5 4333 7 4376 ;
150 4295 297 4364 Clemens
315 4297 500 4382 Episcopus
525 4307 583 4365 etc.
608 4303 775 4368 carissimo
800 4305 834 4368 in
861 4301 995 4367 Christo
1020 4297 1089 4364 filio
1106 4297 1170 4378 Lu-

5 4419 7 4446 =
51 4397 158 4466 dorico
172 4402 258 4488 Regi
272 4403 421 4490 Vngerie
437 4406 558 4474 illustri
574 4409 713 4475 salutem
728 4417 787 4475 etc.
807 4409 963 4477 Miranda
978 4406 1084 4486 valde,
1112 4405 1171 4476 sed

5 4507 6 4572 i
50 4509 200 4593 stupenda
214 4513 324 4598 potius
351 4512 526 4580 insinuatio
551 4512 614 4580 fide
630 4515 729 4600 digne
755 4517 931 4584 multorum
951 4523 1099 4584 nostrum
1118 4539 1175 4584 nu-
