<?xml version="1.0" encoding="UTF-8"?>
<!DOCTYPE html PUBLIC "-//W3C//DTD XHTML 1.0 Transitional//EN"
    "http://www.w3.org/TR/xhtml1/DTD/xhtml1-transitional.dtd">
<html xmlns="http://www.w3.org/1999/xhtml" xml:lang="en" lang="en">
 <head>
  <title>
</title>
<meta http-equiv="Content-Type" content="text/html;charset=utf-8" />
  <meta name='ocr-system' content='tesseract 3.04.00' />
  <meta name='ocr-capabilities' content='ocr_page ocr_carea ocr_par ocr_line ocrx_word'/>
</head>
<body>
  <div class='ocr_page' id='page_1' title='image "./magyardiplomacz01wenzgoog_0373.png"; bbox 0 0 3108 5246; ppageno 0'>
   <div class='ocr_carea' id='block_1_1' title="bbox 526 297 1185 363">
    <p class='ocr_par' dir='ltr' id='par_1_1' title="bbox 526 297 1185 363">
     <span class='ocr_line' id='line_1_1' title="bbox 526 297 1185 363; baseline 0.005 -3"><span class='ocrx_word' id='word_1_1' title='bbox 526 331 533 340; x_wconf 89' lang='lat'><em>·</em></span> <span class='ocrx_word' id='word_1_2' title='bbox 579 297 673 362; x_wconf 71' lang='lat' dir='ltr'><strong>lasa.</strong></span> <span class='ocrx_word' id='word_1_3' title='bbox 1124 301 1185 363; x_wconf 80' lang='lat'><strong>337</strong></span> 
     </span>
    </p>
   </div>
   <div class='ocr_carea' id='block_1_2' title="bbox 21 471 1186 665">
    <p class='ocr_par' dir='ltr' id='par_1_2' title="bbox 21 451 1186 665">
     <span class='ocr_line' id='line_1_2' title="bbox 84 471 1186 559; baseline -0.002 -16.108"><span class='ocrx_word' id='word_1_4' title='bbox 84 509 120 521; x_wconf 88' lang='grc'>-</span> <span class='ocrx_word' id='word_1_5' title='bbox 137 514 168 524; x_wconf 92' lang='grc'>-</span> <span class='ocrx_word' id='word_1_6' title='bbox 192 473 281 538; x_wconf 86' lang='lat' dir='ltr'><strong>nobis</strong></span> <span class='ocrx_word' id='word_1_7' title='bbox 305 471 378 540; x_wconf 89' lang='lat' dir='ltr'><strong>inde</strong></span> <span class='ocrx_word' id='word_1_8' title='bbox 393 473 594 557; x_wconf 78' lang='lat' dir='ltr'><strong>rescripturi.</strong></span> <span class='ocrx_word' id='word_1_9' title='bbox 619 472 745 539; x_wconf 86' lang='lat' dir='ltr'><strong>Datum</strong></span> <span class='ocrx_word' id='word_1_10' title='bbox 761 473 904 559; x_wconf 82' lang='lat' dir='ltr'>Neapoli</span> <span class='ocrx_word' id='word_1_11' title='bbox 928 474 988 542; x_wconf 91' lang='lat' dir='ltr'><strong>sub</strong></span> <span class='ocrx_word' id='word_1_12' title='bbox 1005 476 1113 543; x_wconf 88' lang='lat' dir='ltr'><strong>anulis</strong></span> <span class='ocrx_word' id='word_1_13' title='bbox 1129 499 1186 542; x_wconf 92' lang='lat' dir='ltr'><strong>no-</strong></span> 
     </span>
     <span class='ocr_line' id='line_1_3' title="bbox 21 579 1042 665; baseline 0 -17"><span class='ocrx_word' id='word_1_14' title='bbox 21 581 23 664; x_wconf 68' lang='grc' dir='ltr'>ξ</span> <span class='ocrx_word' id='word_1_15' title='bbox 84 581 147 646; x_wconf 86' lang='lat' dir='ltr'><strong>stris</strong></span> <span class='ocrx_word' id='word_1_16' title='bbox 160 581 285 647; x_wconf 88' lang='lat' dir='ltr'><strong>secretis</strong></span> <span class='ocrx_word' id='word_1_17' title='bbox 302 579 355 646; x_wconf 90' lang='lat' dir='ltr'><strong>die</strong></span> <span class='ocrx_word' id='word_1_18' title='bbox 372 580 472 646; x_wconf 86' lang='lat' dir='ltr'><strong>XHI.</strong></span> <span class='ocrx_word' id='word_1_19' title='bbox 488 581 674 665; x_wconf 76' lang='lat' dir='ltr'><strong>Februarii,</strong></span> <span class='ocrx_word' id='word_1_20' title='bbox 690 582 829 648; x_wconf 81' lang='lat' dir='ltr'>secunde</span> <span class='ocrx_word' id='word_1_21' title='bbox 846 583 1042 650; x_wconf 80' lang='lat' dir='ltr'><strong>indictionis.</strong></span> 
     </span>
    </p>
   </div>
   <div class='ocr_carea' id='block_1_3' title="bbox 21 722 1186 879">
    <p class='ocr_par' dir='ltr' id='par_1_3' title="bbox 21 722 1186 879">
     <span class='ocr_line' id='line_1_4' title="bbox 171 722 1186 794; baseline 0.004 -18"><span class='ocrx_word' id='word_1_22' title='bbox 171 726 205 787; x_wconf 75' lang='lat' dir='ltr'><strong>(A</strong></span> <span class='ocrx_word' id='word_1_23' title='bbox 226 724 327 792; x_wconf 77' lang='lat' dir='ltr'><strong>»Copia</strong></span> <span class='ocrx_word' id='word_1_24' title='bbox 339 725 373 776; x_wconf 82' lang='lat' dir='ltr'><strong>de</strong></span> <span class='ocrx_word' id='word_1_25' title='bbox 386 724 629 778; x_wconf 57' lang='lat' dir='ltr'><strong>commemoratu</strong></span> <span class='ocrx_word' id='word_1_26' title='bbox 643 728 733 780; x_wconf 84' lang='lat' dir='ltr'><strong>ezimtt</strong></span> <span class='ocrx_word' id='word_1_27' title='bbox 748 722 886 784; x_wconf 67' lang='lat' dir='ltr'><strong>veleiczei</strong></span> <span class='ocrx_word' id='word_1_28' title='bbox 900 727 1124 794; x_wconf 72' lang='lat' dir='ltr'><strong>ellamktnyvbol</strong></span> <span class='ocrx_word' id='word_1_29' title='bbox 1138 729 1186 780; x_wconf 88' lang='lat' dir='ltr'><strong>1v.</strong></span> 
     </span>
     <span class='ocr_line' id='line_1_5' title="bbox 21 813 345 879; baseline 0.028 -21"><span class='ocrx_word' id='word_1_30' title='bbox 21 813 23 858; x_wconf 69' lang='grc' dir='ltr'>ἵ</span> <span class='ocrx_word' id='word_1_31' title='bbox 81 813 128 866; x_wconf 74' lang='lat' dir='ltr'><strong>tot</strong></span> <span class='ocrx_word' id='word_1_32' title='bbox 141 819 162 866; x_wconf 77' lang='lat'><strong>2.</strong></span> <span class='ocrx_word' id='word_1_33' title='bbox 174 830 194 866; x_wconf 90' lang='lat' dir='ltr'><strong>r.</strong></span> <span class='ocrx_word' id='word_1_34' title='bbox 209 820 268 867; x_wconf 80' lang='lat'><strong>230.</strong></span> <span class='ocrx_word' id='word_1_35' title='bbox 280 817 345 879; x_wconf 81' lang='lat' dir='ltr'><strong>lev.)</strong></span> 
     </span>
    </p>
   </div>
   <div class='ocr_carea' id='block_1_4' title="bbox 588 1109 663 1170">
    <p class='ocr_par' dir='ltr' id='par_1_4' title="bbox 588 1109 663 1170">
     <span class='ocr_line' id='line_1_6' title="bbox 588 1109 663 1170; baseline -0.013 0"><span class='ocrx_word' id='word_1_36' title='bbox 588 1109 663 1170; x_wconf 79' lang='grc'><strong>280.</strong></span> 
     </span>
    </p>
   </div>
   <div class='ocr_carea' id='block_1_5' title="bbox 21 1283 1192 1660">
    <p class='ocr_par' dir='ltr' id='par_1_5' title="bbox 21 1247 1192 1660">
     <span class='ocr_line' id='line_1_7' title="bbox 21 1283 1189 1375; baseline 0.003 -26"><span class='ocrx_word' id='word_1_37' title='bbox 21 1285 23 1372; x_wconf 67' lang='grc' dir='ltr'>ξ</span> <span class='ocrx_word' id='word_1_38' title='bbox 81 1283 436 1371; x_wconf 72' lang='lat' dir='ltr'><strong>V1.Fntep·franczia</strong></span> <span class='ocrx_word' id='word_1_39' title='bbox 461 1285 574 1372; x_wconf 69' lang='lat' dir='ltr'><strong>kirtly</strong></span> <span class='ocrx_word' id='word_1_40' title='bbox 599 1286 632 1350; x_wconf 72' lang='lat' dir='ltr'><strong>te</strong></span> <span class='ocrx_word' id='word_1_41' title='bbox 655 1309 677 1351; x_wconf 83' lang='lat' dir='ltr'><strong>a</strong></span> <span class='ocrx_word' id='word_1_42' title='bbox 694 1286 850 1354; x_wconf 71' lang='lat' dir='ltr'><strong>mortum·</strong></span> <span class='ocrx_word' id='word_1_43' title='bbox 865 1288 1029 1375; x_wconf 73' lang='lat' dir='ltr'><strong>herczepelc</strong></span> <span class='ocrx_word' id='word_1_44' title='bbox 1059 1288 1189 1355; x_wconf 72' lang='lat' dir='ltr'><strong>loteben-</strong></span> 
     </span>
     <span class='ocr_line' id='line_1_8' title="bbox 21 1389 1192 1540; baseline 0.003 -84"><span class='ocrx_word' id='word_1_45' title='bbox 21 1393 24 1540; x_wconf 51' lang='grc' dir='ltr'>ἱ</span> <span class='ocrx_word' id='word_1_46' title='bbox 45 1497 49 1502; x_wconf 25' lang='grc' dir='ltr'>Ι</span> <span class='ocrx_word' id='word_1_47' title='bbox 71 1393 186 1476; x_wconf 65' lang='lat' dir='ltr'><strong>jurnale</strong></span> <span class='ocrx_word' id='word_1_48' title='bbox 201 1418 239 1459; x_wconf 84' lang='lat' dir='ltr'><strong>az</strong></span> <span class='ocrx_word' id='word_1_49' title='bbox 256 1395 286 1459; x_wconf 87' lang='lat' dir='ltr'><strong>l.</strong></span> <span class='ocrx_word' id='word_1_50' title='bbox 303 1395 405 1480; x_wconf 81' lang='lat' dir='ltr'><strong>Lujos</strong></span> <span class='ocrx_word' id='word_1_51' title='bbox 421 1417 561 1518; x_wconf 70' lang='lat' dir='ltr'><strong>mappae·</strong></span> <span class='ocrx_word' id='word_1_52' title='bbox 586 1394 757 1482; x_wconf 79' lang='lat' dir='ltr'><strong>kirdlyudl</strong></span> <span class='ocrx_word' id='word_1_53' title='bbox 765 1394 953 1484; x_wconf 74' lang='lat' dir='ltr'><strong>fopsdpdoo</strong></span> <span class='ocrx_word' id='word_1_54' title='bbox 977 1398 1045 1463; x_wconf 69' lang='lat' dir='ltr'><strong>lectt</strong></span> <span class='ocrx_word' id='word_1_55' title='bbox 1061 1389 1192 1482; x_wconf 69' lang='lat' dir='ltr'><strong>Aujoui&#39;</strong></span> 
     </span>
     <span class='ocr_line' id='line_1_9' title="bbox 21 1503 1016 1660; baseline 0.002 -93"><span class='ocrx_word' id='word_1_56' title='bbox 21 1551 26 1660; x_wconf 43' lang='lat' dir='ltr'><em>r</em></span> <span class='ocrx_word' id='word_1_57' title='bbox 224 1503 393 1589; x_wconf 74' lang='lat' dir='ltr'><strong>torczepelc</strong></span> <span class='ocrx_word' id='word_1_58' title='bbox 409 1503 735 1569; x_wconf 77' lang='lat' dir='ltr'><strong>lceszodaduldaduolo</strong></span> <span class='ocrx_word' id='word_1_59' title='bbox 752 1505 900 1592; x_wconf 75' lang='lat' dir='ltr'><strong>ltpytbeo.</strong></span> <span class='ocrx_word' id='word_1_60' title='bbox 920 1506 1016 1571; x_wconf 73' lang='lat'><strong><em>1349.</em></strong></span> 
     </span>
    </p>
   </div>
   <div class='ocr_carea' id='block_1_6' title="bbox 21 1673 1237 4581">
    <p class='ocr_par' dir='ltr' id='par_1_6' title="bbox 21 1673 1188 1768">
     <span class='ocr_line' id='line_1_10' title="bbox 21 1673 1188 1768; baseline 0 -22"><span class='ocrx_word' id='word_1_61' title='bbox 21 1673 25 1754; x_wconf 93' lang='grc' dir='ltr'>Ι</span> <span class='ocrx_word' id='word_1_62' title='bbox 164 1678 315 1747; x_wconf 78' lang='lat' dir='ltr'>Clemens</span> <span class='ocrx_word' id='word_1_63' title='bbox 332 1679 517 1768; x_wconf 75' lang='lat' dir='ltr'><strong>Episcopus</strong></span> <span class='ocrx_word' id='word_1_64' title='bbox 533 1687 591 1748; x_wconf 90' lang='lat' dir='ltr'><strong>etc.</strong></span> <span class='ocrx_word' id='word_1_65' title='bbox 604 1681 772 1748; x_wconf 89' lang='lat' dir='ltr'><strong>carissimo</strong></span> <span class='ocrx_word' id='word_1_66' title='bbox 783 1682 818 1748; x_wconf 91' lang='lat' dir='ltr'><strong>in</strong></span> <span class='ocrx_word' id='word_1_67' title='bbox 830 1680 966 1750; x_wconf 85' lang='lat' dir='ltr'><strong>Ohristo</strong></span> <span class='ocrx_word' id='word_1_68' title='bbox 981 1682 1049 1750; x_wconf 93' lang='lat' dir='ltr'><strong>filio</strong></span> <span class='ocrx_word' id='word_1_69' title='bbox 1060 1679 1188 1748; x_wconf 86' lang='lat' dir='ltr'><strong>Kerolo</strong></span> 
     </span>
    </p>

    <p class='ocr_par' dir='ltr' id='par_1_7' title="bbox 21 1755 1188 1890">
     <span class='ocr_line' id='line_1_11' title="bbox 21 1755 1188 1878; baseline 0.003 -25"><span class='ocrx_word' id='word_1_70' title='bbox 21 1755 26 1878; x_wconf 68' lang='lat' dir='ltr'><strong>l</strong></span> <span class='ocrx_word' id='word_1_71' title='bbox 75 1785 145 1872; x_wconf 84' lang='lat' dir='ltr'><strong>Regi</strong></span> <span class='ocrx_word' id='word_1_72' title='bbox 159 1786 384 1856; x_wconf 78' lang='lat' dir='ltr'><strong>Romanorum</strong></span> <span class='ocrx_word' id='word_1_73' title='bbox 400 1789 522 1857; x_wconf 80' lang='lat' dir='ltr'><strong>illustri</strong></span> <span class='ocrx_word' id='word_1_74' title='bbox 538 1789 678 1857; x_wconf 86' lang='lat' dir='ltr'><strong>salutem</strong></span> <span class='ocrx_word' id='word_1_75' title='bbox 694 1797 754 1857; x_wconf 89' lang='lat' dir='ltr'><strong>otc.</strong></span> <span class='ocrx_word' id='word_1_76' title='bbox 771 1787 969 1858; x_wconf 71' lang='lat' dir='ltr'><strong>Uerissimus</strong></span> <span class='ocrx_word' id='word_1_77' title='bbox 994 1792 1027 1856; x_wconf 91' lang='lat' dir='ltr'><strong>in</strong></span> <span class='ocrx_word' id='word_1_78' title='bbox 1052 1788 1188 1856; x_wconf 79' lang='lat' dir='ltr'><strong>Christo</strong></span> 
     </span>
    </p>

    <p class='ocr_par' dir='ltr' id='par_1_8' title="bbox 21 1891 1189 1984">
     <span class='ocr_line' id='line_1_12' title="bbox 21 1891 1189 1984; baseline 0.002 -24"><span class='ocrx_word' id='word_1_79' title='bbox 21 1891 23 1980; x_wconf 73' lang='grc' dir='ltr'><em>ζ</em></span> <span class='ocrx_word' id='word_1_80' title='bbox 74 1894 147 1962; x_wconf 88' lang='lat' dir='ltr'><strong>filius</strong></span> <span class='ocrx_word' id='word_1_81' title='bbox 175 1904 289 1966; x_wconf 89' lang='lat' dir='ltr'><strong>noster</strong></span> <span class='ocrx_word' id='word_1_82' title='bbox 312 1895 486 1983; x_wconf 90' lang='lat' dir='ltr'><strong>Philippus</strong></span> <span class='ocrx_word' id='word_1_83' title='bbox 520 1897 593 1964; x_wconf 86' lang='lat' dir='ltr'><strong>Rex</strong></span> <span class='ocrx_word' id='word_1_84' title='bbox 617 1898 759 1966; x_wconf 82' lang='lat' dir='ltr'><strong>Francis</strong></span> <span class='ocrx_word' id='word_1_85' title='bbox 789 1899 938 1984; x_wconf 89' lang='lat' dir='ltr'><strong>illustris,</strong></span> <span class='ocrx_word' id='word_1_86' title='bbox 954 1906 986 1966; x_wconf 90' lang='lat' dir='ltr'><strong>et</strong></span> <span class='ocrx_word' id='word_1_87' title='bbox 1002 1899 1115 1966; x_wconf 81' lang='lat' dir='ltr'><strong>dilecti</strong></span> <span class='ocrx_word' id='word_1_88' title='bbox 1128 1897 1189 1964; x_wconf 87' lang='lat' dir='ltr'><strong>filii</strong></span> 
     </span>
    </p>

    <p class='ocr_par' dir='ltr' id='par_1_9' title="bbox 21 1999 1187 2074">
     <span class='ocr_line' id='line_1_13' title="bbox 21 1999 1187 2074; baseline -0.002 -2"><span class='ocrx_word' id='word_1_89' title='bbox 21 1999 23 2072; x_wconf 88' lang='lat' dir='ltr'><strong>l</strong></span> <span class='ocrx_word' id='word_1_90' title='bbox 72 2005 180 2074; x_wconf 90' lang='lat' dir='ltr'><strong>nobiles</strong></span> <span class='ocrx_word' id='word_1_91' title='bbox 195 2008 256 2073; x_wconf 86' lang='lat' dir='ltr'><strong>viri</strong></span> <span class='ocrx_word' id='word_1_92' title='bbox 273 2005 393 2073; x_wconf 87' lang='lat' dir='ltr'><strong>Petrus</strong></span> <span class='ocrx_word' id='word_1_93' title='bbox 418 2005 496 2072; x_wconf 83' lang='lat' dir='ltr'><strong>Dux</strong></span> <span class='ocrx_word' id='word_1_94' title='bbox 520 2006 719 2074; x_wconf 89' lang='lat' dir='ltr'><strong>Borbonesii</strong></span> <span class='ocrx_word' id='word_1_95' title='bbox 735 2013 769 2073; x_wconf 87' lang='lat' dir='ltr'><strong>et</strong></span> <span class='ocrx_word' id='word_1_96' title='bbox 800 2008 825 2074; x_wconf 90' lang='lat' dir='ltr'><strong>J</strong></span> <span class='ocrx_word' id='word_1_97' title='bbox 826 2005 946 2074; x_wconf 86' lang='lat' dir='ltr'><strong>acubus</strong></span> <span class='ocrx_word' id='word_1_98' title='bbox 963 2006 1004 2073; x_wconf 89' lang='lat' dir='ltr'><strong>de</strong></span> <span class='ocrx_word' id='word_1_99' title='bbox 1020 2004 1187 2074; x_wconf 91' lang='lat' dir='ltr'><strong>Borbonio</strong></span> 
     </span>
    </p>

    <p class='ocr_par' dir='ltr' id='par_1_10' title="bbox 21 2083 1189 2308">
     <span class='ocr_line' id='line_1_14' title="bbox 21 2083 1189 2199; baseline -0.005 -15"><span class='ocrx_word' id='word_1_100' title='bbox 21 2083 24 2184; x_wconf 81' lang='lat' dir='ltr'><strong>l</strong></span> <span class='ocrx_word' id='word_1_101' title='bbox 70 2111 185 2198; x_wconf 78' lang='lat' dir='ltr'><strong>iratres,</strong></span> <span class='ocrx_word' id='word_1_102' title='bbox 200 2115 440 2199; x_wconf 81' lang='lat' dir='ltr'><strong>compatientes</strong></span> <span class='ocrx_word' id='word_1_103' title='bbox 456 2117 609 2181; x_wconf 90' lang='lat' dir='ltr'><strong>nimirum</strong></span> <span class='ocrx_word' id='word_1_104' title='bbox 627 2115 796 2182; x_wconf 81' lang='lat' dir='ltr'><strong>carissimo</strong></span> <span class='ocrx_word' id='word_1_105' title='bbox 810 2116 844 2181; x_wconf 92' lang='lat' dir='ltr'><strong>in</strong></span> <span class='ocrx_word' id='word_1_106' title='bbox 855 2113 989 2182; x_wconf 76' lang='lat' dir='ltr'><strong>Christo</strong></span> <span class='ocrx_word' id='word_1_107' title='bbox 999 2114 1067 2181; x_wconf 91' lang='lat' dir='ltr'><strong>filio</strong></span> <span class='ocrx_word' id='word_1_108' title='bbox 1077 2120 1189 2181; x_wconf 90' lang='lat' dir='ltr'><strong>nostro</strong></span> 
     </span>
     <span class='ocr_line' id='line_1_15' title="bbox 70 2218 1189 2308; baseline -0.001 -21"><span class='ocrx_word' id='word_1_109' title='bbox 70 2218 201 2288; x_wconf 86' lang='lat' dir='ltr'><strong>Roberto</strong></span> <span class='ocrx_word' id='word_1_110' title='bbox 218 2222 420 2308; x_wconf 81' lang='lat' dir='ltr'><strong>Imperatori</strong></span> <span class='ocrx_word' id='word_1_111' title='bbox 445 2222 809 2307; x_wconf 79' lang='lat' dir='ltr'><strong>Constantinopolitano</strong></span> <span class='ocrx_word' id='word_1_112' title='bbox 834 2223 958 2289; x_wconf 89' lang='lat' dir='ltr'><strong>illustri</strong></span> <span class='ocrx_word' id='word_1_113' title='bbox 975 2243 1072 2307; x_wconf 86' lang='lat' dir='ltr'><strong>super</strong></span> <span class='ocrx_word' id='word_1_114' title='bbox 1088 2223 1189 2306; x_wconf 90' lang='lat' dir='ltr'><strong>capti-</strong></span> 
     </span>
    </p>

    <p class='ocr_par' dir='ltr' id='par_1_11' title="bbox 21 2330 1189 2415">
     <span class='ocr_line' id='line_1_16' title="bbox 21 2330 1189 2415; baseline -0.001 -21"><span class='ocrx_word' id='word_1_115' title='bbox 21 2355 24 2388; x_wconf 70' lang='grc' dir='ltr'><strong>ῑ</strong></span> <span class='ocrx_word' id='word_1_116' title='bbox 70 2330 158 2396; x_wconf 80' lang='lat' dir='ltr'><strong>ritate</strong></span> <span class='ocrx_word' id='word_1_117' title='bbox 173 2349 241 2415; x_wconf 85' lang='lat' dir='ltr'><strong>sue,</strong></span> <span class='ocrx_word' id='word_1_118' title='bbox 257 2351 358 2414; x_wconf 89' lang='lat' dir='ltr'><strong>quam</strong></span> <span class='ocrx_word' id='word_1_119' title='bbox 373 2330 471 2415; x_wconf 92' lang='lat' dir='ltr'><strong>longo</strong></span> <span class='ocrx_word' id='word_1_120' title='bbox 488 2330 554 2396; x_wconf 88' lang='lat' dir='ltr'><strong>iam</strong></span> <span class='ocrx_word' id='word_1_121' title='bbox 569 2335 716 2414; x_wconf 90' lang='lat' dir='ltr'><strong>tempore</strong></span> <span class='ocrx_word' id='word_1_122' title='bbox 732 2352 795 2398; x_wconf 85' lang='lat' dir='ltr'><strong>uns</strong></span> <span class='ocrx_word' id='word_1_123' title='bbox 811 2351 883 2397; x_wconf 90' lang='lat' dir='ltr'><strong>oum</strong></span> <span class='ocrx_word' id='word_1_124' title='bbox 910 2330 984 2397; x_wconf 87' lang='lat' dir='ltr'><strong>aliis</strong></span> <span class='ocrx_word' id='word_1_125' title='bbox 1009 2330 1189 2414; x_wconf 84' lang='lat' dir='ltr'><strong>Regalibus</strong></span> 
     </span>
    </p>

    <p class='ocr_par' dir='ltr' id='par_1_12' title="bbox 21 2391 1190 2532">
     <span class='ocr_line' id='line_1_17' title="bbox 21 2391 1190 2532; baseline 0 -30"><span class='ocrx_word' id='word_1_126' title='bbox 21 2391 27 2532; x_wconf 68' lang='lat' dir='ltr'><strong>l</strong></span> <span class='ocrx_word' id='word_1_127' title='bbox 70 2435 183 2506; x_wconf 88' lang='lat' dir='ltr'><strong>Domus</strong></span> <span class='ocrx_word' id='word_1_128' title='bbox 208 2437 327 2506; x_wconf 84' lang='lat' dir='ltr'><strong>Sicilie</strong></span> <span class='ocrx_word' id='word_1_129' title='bbox 351 2458 466 2522; x_wconf 87' lang='lat' dir='ltr'><strong>passus</strong></span> <span class='ocrx_word' id='word_1_130' title='bbox 482 2442 533 2504; x_wconf 87' lang='lat' dir='ltr'><strong>est</strong></span> <span class='ocrx_word' id='word_1_131' title='bbox 548 2444 581 2505; x_wconf 86' lang='lat' dir='ltr'><strong>et</strong></span> <span class='ocrx_word' id='word_1_132' title='bbox 595 2438 731 2524; x_wconf 86' lang='lat' dir='ltr'><strong>patitur,</strong></span> <span class='ocrx_word' id='word_1_133' title='bbox 756 2441 840 2506; x_wconf 89' lang='lat' dir='ltr'><strong>sicut</strong></span> <span class='ocrx_word' id='word_1_134' title='bbox 855 2439 952 2521; x_wconf 88' lang='lat' dir='ltr'><strong>nosti,</strong></span> <span class='ocrx_word' id='word_1_135' title='bbox 967 2460 1026 2523; x_wconf 90' lang='lat' dir='ltr'><strong>pro</strong></span> <span class='ocrx_word' id='word_1_136' title='bbox 1042 2438 1190 2506; x_wconf 87' lang='lat' dir='ltr'><strong>liberati·</strong></span> 
     </span>
    </p>

    <p class='ocr_par' dir='ltr' id='par_1_13' title="bbox 21 2535 1188 2632">
     <span class='ocr_line' id='line_1_18' title="bbox 21 2535 1188 2632; baseline -0.003 -18"><span class='ocrx_word' id='word_1_137' title='bbox 21 2535 24 2614; x_wconf 87' lang='lat' dir='ltr'><strong>l</strong></span> <span class='ocrx_word' id='word_1_138' title='bbox 68 2565 119 2610; x_wconf 86' lang='lat' dir='ltr'><strong>one</strong></span> <span class='ocrx_word' id='word_1_139' title='bbox 143 2547 359 2632; x_wconf 87' lang='lat' dir='ltr'><strong>Imperatoris</strong></span> <span class='ocrx_word' id='word_1_140' title='bbox 383 2546 527 2613; x_wconf 90' lang='lat' dir='ltr'><strong>eiusdem</strong></span> <span class='ocrx_word' id='word_1_141' title='bbox 553 2545 640 2631; x_wconf 84' lang='lat' dir='ltr'><strong>apud</strong></span> <span class='ocrx_word' id='word_1_142' title='bbox 665 2548 870 2614; x_wconf 89' lang='lat' dir='ltr'><strong>carissimum</strong></span> <span class='ocrx_word' id='word_1_143' title='bbox 886 2548 921 2612; x_wconf 94' lang='lat' dir='ltr'><strong>in</strong></span> <span class='ocrx_word' id='word_1_144' title='bbox 937 2545 1069 2614; x_wconf 87' lang='lat' dir='ltr'><strong>Ohristo</strong></span> <span class='ocrx_word' id='word_1_145' title='bbox 1085 2545 1188 2613; x_wconf 91' lang='lat' dir='ltr'><strong>filium</strong></span> 
     </span>
    </p>

    <p class='ocr_par' dir='ltr' id='par_1_14' title="bbox 21 2615 1237 2739">
     <span class='ocr_line' id='line_1_19' title="bbox 21 2615 1237 2739; baseline -0.002 -19"><span class='ocrx_word' id='word_1_146' title='bbox 21 2615 24 2720; x_wconf 85' lang='lat' dir='ltr'><strong>l</strong></span> <span class='ocrx_word' id='word_1_147' title='bbox 67 2658 202 2720; x_wconf 87' lang='lat' dir='ltr'><strong>nostrum</strong></span> <span class='ocrx_word' id='word_1_148' title='bbox 218 2652 423 2727; x_wconf 79' lang='lat' dir='ltr'><strong>Ludovieum</strong></span> <span class='ocrx_word' id='word_1_149' title='bbox 448 2652 574 2738; x_wconf 82' lang='lat' dir='ltr'><strong>Regem</strong></span> <span class='ocrx_word' id='word_1_150' title='bbox 599 2651 747 2739; x_wconf 87' lang='lat' dir='ltr'><strong>Vngarie</strong></span> <span class='ocrx_word' id='word_1_151' title='bbox 763 2653 949 2737; x_wconf 85' lang='lat' dir='ltr'><strong>efficaciter,</strong></span> <span class='ocrx_word' id='word_1_152' title='bbox 966 2655 1050 2720; x_wconf 89' lang='lat' dir='ltr'><strong>sicut</strong></span> <span class='ocrx_word' id='word_1_153' title='bbox 1066 2653 1188 2736; x_wconf 81' lang='lat' dir='ltr'><strong>accepi·</strong></span> <span class='ocrx_word' id='word_1_154' title='bbox 1232 2671 1237 2679; x_wconf 90' lang='lat'>·</span> 
     </span>
    </p>

    <p class='ocr_par' dir='ltr' id='par_1_15' title="bbox 21 2723 1186 2849">
     <span class='ocr_line' id='line_1_20' title="bbox 21 2723 1186 2849; baseline 0.003 -25"><span class='ocrx_word' id='word_1_155' title='bbox 21 2723 25 2844; x_wconf 85' lang='lat' dir='ltr'><strong>l</strong></span> <span class='ocrx_word' id='word_1_156' title='bbox 65 2779 135 2847; x_wconf 90' lang='lat' dir='ltr'><strong>mus,</strong></span> <span class='ocrx_word' id='word_1_157' title='bbox 158 2762 386 2844; x_wconf 76' lang='lat' dir='ltr'><strong>intercedunt3</strong></span> <span class='ocrx_word' id='word_1_158' title='bbox 411 2761 565 2829; x_wconf 88' lang='lat' dir='ltr'><strong>dilectum</strong></span> <span class='ocrx_word' id='word_1_159' title='bbox 589 2762 691 2830; x_wconf 90' lang='lat' dir='ltr'><strong>filium</strong></span> <span class='ocrx_word' id='word_1_160' title='bbox 706 2761 895 2830; x_wconf 87' lang='lat' dir='ltr'><strong>Johannem</strong></span> <span class='ocrx_word' id='word_1_161' title='bbox 911 2761 1064 2849; x_wconf 77' lang='lat' dir='ltr'><strong>Caprarii</strong></span> <span class='ocrx_word' id='word_1_162' title='bbox 1080 2759 1186 2828; x_wconf 83' lang='lat' dir='ltr'><strong>Oano-</strong></span> 
     </span>
    </p>

    <p class='ocr_par' dir='ltr' id='par_1_16' title="bbox 21 2861 1188 2970">
     <span class='ocr_line' id='line_1_21' title="bbox 21 2861 1188 2970; baseline 0.001 -37"><span class='ocrx_word' id='word_1_163' title='bbox 21 2861 23 2970; x_wconf 41' lang='grc' dir='ltr'><strong>ᾖ</strong></span> <span class='ocrx_word' id='word_1_164' title='bbox 65 2869 160 2936; x_wconf 87' lang='lat' dir='ltr'><strong>uicum</strong></span> <span class='ocrx_word' id='word_1_165' title='bbox 176 2869 457 2954; x_wconf 75' lang='lat' dir='ltr'><strong>cameracensem,</strong></span> <span class='ocrx_word' id='word_1_166' title='bbox 473 2878 506 2938; x_wconf 91' lang='lat' dir='ltr'><strong>et</strong></span> <span class='ocrx_word' id='word_1_167' title='bbox 522 2871 661 2938; x_wconf 89' lang='lat' dir='ltr'><strong>nobilem</strong></span> <span class='ocrx_word' id='word_1_168' title='bbox 679 2872 783 2938; x_wconf 87' lang='lat' dir='ltr'><strong>virum</strong></span> <span class='ocrx_word' id='word_1_169' title='bbox 800 2869 1011 2939; x_wconf 81' lang='lat' dir='ltr'><strong>Guillelmum</strong></span> <span class='ocrx_word' id='word_1_170' title='bbox 1028 2868 1188 2955; x_wconf 83' lang='lat' dir='ltr'><strong>Quinardi</strong></span> 
     </span>
    </p>

    <p class='ocr_par' dir='ltr' id='par_1_17' title="bbox 21 2974 1188 3078">
     <span class='ocr_line' id='line_1_22' title="bbox 21 2974 1188 3078; baseline 0 -36"><span class='ocrx_word' id='word_1_171' title='bbox 21 3043 23 3078; x_wconf 38' lang='grc' dir='ltr'>ἰ</span> <span class='ocrx_word' id='word_1_172' title='bbox 64 2974 204 3066; x_wconf 82' lang='lat' dir='ltr'><strong>Militem,</strong></span> <span class='ocrx_word' id='word_1_173' title='bbox 246 2978 523 3046; x_wconf 88' lang='lat' dir='ltr'><strong>Montisconensis</strong></span> <span class='ocrx_word' id='word_1_174' title='bbox 554 2977 713 3064; x_wconf 88' lang='lat' dir='ltr'><strong>Diocesis,</strong></span> <span class='ocrx_word' id='word_1_175' title='bbox 752 2977 950 3046; x_wconf 80' lang='lat' dir='ltr'><strong>exhibitores</strong></span> <span class='ocrx_word' id='word_1_176' title='bbox 988 2977 1188 3062; x_wconf 90' lang='lat' dir='ltr'><strong>presentium</strong></span> 
     </span>
    </p>

    <p class='ocr_par' dir='ltr' id='par_1_18' title="bbox 21 3083 1190 3169">
     <span class='ocr_line' id='line_1_23' title="bbox 63 3083 1190 3169; baseline 0 -20"><span class='ocrx_word' id='word_1_177' title='bbox 63 3092 229 3169; x_wconf 83' lang='lat' dir='ltr'><strong>propterea</strong></span> <span class='ocrx_word' id='word_1_178' title='bbox 247 3084 457 3153; x_wconf 84' lang='lat' dir='ltr'><strong>destinantes.</strong></span> <span class='ocrx_word' id='word_1_179' title='bbox 474 3083 557 3152; x_wconf 81' lang='lat' dir='ltr'><strong>Cum</strong></span> <span class='ocrx_word' id='word_1_180' title='bbox 573 3093 693 3169; x_wconf 84' lang='lat' dir='ltr'><strong>autem,</strong></span> <span class='ocrx_word' id='word_1_181' title='bbox 718 3085 765 3151; x_wconf 89' lang='lat' dir='ltr'><strong>tili</strong></span> <span class='ocrx_word' id='word_1_182' title='bbox 780 3085 955 3169; x_wconf 89' lang='lat' dir='ltr'><strong>carissime,</strong></span> <span class='ocrx_word' id='word_1_183' title='bbox 971 3106 1030 3169; x_wconf 89' lang='lat' dir='ltr'><strong>pro</strong></span> <span class='ocrx_word' id='word_1_184' title='bbox 1045 3084 1190 3151; x_wconf 85' lang='lat' dir='ltr'><strong>liberati-</strong></span> 
     </span>
    </p>

    <p class='ocr_par' dir='ltr' id='par_1_19' title="bbox 21 3183 1189 3281">
     <span class='ocr_line' id='line_1_24' title="bbox 21 3183 1189 3281; baseline 0.002 -25"><span class='ocrx_word' id='word_1_185' title='bbox 21 3183 23 3212; x_wconf 71' lang='lat'>³</span> <span class='ocrx_word' id='word_1_186' title='bbox 62 3213 115 3260; x_wconf 86' lang='lat' dir='ltr'><strong>one</strong></span> <span class='ocrx_word' id='word_1_187' title='bbox 127 3193 348 3279; x_wconf 86' lang='lat' dir='ltr'><strong>Imperatoris</strong></span> <span class='ocrx_word' id='word_1_188' title='bbox 363 3199 397 3261; x_wconf 89' lang='lat' dir='ltr'><strong>et</strong></span> <span class='ocrx_word' id='word_1_189' title='bbox 413 3193 553 3261; x_wconf 89' lang='lat' dir='ltr'><strong>aliorum</strong></span> <span class='ocrx_word' id='word_1_190' title='bbox 568 3194 745 3281; x_wconf 86' lang='lat' dir='ltr'><strong>Regulium</strong></span> <span class='ocrx_word' id='word_1_191' title='bbox 760 3193 984 3279; x_wconf 88' lang='lat' dir='ltr'><strong>predictorum</strong></span> <span class='ocrx_word' id='word_1_192' title='bbox 999 3191 1189 3277; x_wconf 79' lang='lat' dir='ltr'><strong>frequenter</strong></span> 
     </span>
    </p>

    <p class='ocr_par' dir='ltr' id='par_1_20' title="bbox 21 3300 1185 3386">
     <span class='ocr_line' id='line_1_25' title="bbox 21 3300 1185 3386; baseline -0.002 -20"><span class='ocrx_word' id='word_1_193' title='bbox 21 3341 23 3382; x_wconf 80' lang='lat'>:</span> <span class='ocrx_word' id='word_1_194' title='bbox 68 3303 148 3386; x_wconf 85' lang='lat' dir='ltr'><strong>opud</strong></span> <span class='ocrx_word' id='word_1_195' title='bbox 171 3302 301 3386; x_wconf 87' lang='lat' dir='ltr'><strong>Regem</strong></span> <span class='ocrx_word' id='word_1_196' title='bbox 325 3300 474 3386; x_wconf 84' lang='lat' dir='ltr'><strong>Vngarie</strong></span> <span class='ocrx_word' id='word_1_197' title='bbox 500 3307 716 3370; x_wconf 88' lang='lat' dir='ltr'><strong>memoratum</strong></span> <span class='ocrx_word' id='word_1_198' title='bbox 739 3303 965 3382; x_wconf 84' lang='lat' dir='ltr'><strong>institerimus,</strong></span> <span class='ocrx_word' id='word_1_199' title='bbox 991 3302 1076 3366; x_wconf 89' lang='lat' dir='ltr'><strong>sicut</strong></span> <span class='ocrx_word' id='word_1_200' title='bbox 1098 3301 1185 3367; x_wconf 89' lang='lat' dir='ltr'><strong>nosti</strong></span> 
     </span>
    </p>

    <p class='ocr_par' dir='ltr' id='par_1_21' title="bbox 21 3409 1188 3498">
     <span class='ocr_line' id='line_1_26' title="bbox 21 3409 1188 3498; baseline -0.002 -22"><span class='ocrx_word' id='word_1_201' title='bbox 21 3491 23 3498; x_wconf 21' lang='grc' dir='ltr'>Ι</span> <span class='ocrx_word' id='word_1_202' title='bbox 61 3433 112 3478; x_wconf 89' lang='lat' dir='ltr'><strong>nec</strong></span> <span class='ocrx_word' id='word_1_203' title='bbox 128 3412 238 3479; x_wconf 88' lang='lat' dir='ltr'><strong>adhuc</strong></span> <span class='ocrx_word' id='word_1_204' title='bbox 253 3409 411 3496; x_wconf 86' lang='lat' dir='ltr'><strong>proficere</strong></span> <span class='ocrx_word' id='word_1_205' title='bbox 426 3410 626 3494; x_wconf 88' lang='lat' dir='ltr'><strong>potuerimus</strong></span> <span class='ocrx_word' id='word_1_206' title='bbox 644 3410 731 3495; x_wconf 81' lang='lat' dir='ltr'><strong>apud</strong></span> <span class='ocrx_word' id='word_1_207' title='bbox 748 3409 857 3492; x_wconf 88' lang='lat' dir='ltr'><strong>illum;</strong></span> <span class='ocrx_word' id='word_1_208' title='bbox 873 3430 912 3476; x_wconf 88' lang='lat' dir='ltr'><strong>ao</strong></span> <span class='ocrx_word' id='word_1_209' title='bbox 944 3431 1003 3476; x_wconf 90' lang='lat' dir='ltr'><strong>nos</strong></span> <span class='ocrx_word' id='word_1_210' title='bbox 1019 3414 1188 3493; x_wconf 85' lang='lat' dir='ltr'><strong>sperantes</strong></span> 
     </span>
    </p>

    <p class='ocr_par' dir='ltr' id='par_1_22' title="bbox 21 3511 1188 3612">
     <span class='ocr_line' id='line_1_27' title="bbox 60 3515 1188 3604; baseline -0.001 -21.033"><span class='ocrx_word' id='word_1_211' title='bbox 60 3521 290 3603; x_wconf 79' lang='lat' dir='ltr'><strong>verisimiliter,</strong></span> <span class='ocrx_word' id='word_1_212' title='bbox 315 3518 405 3604; x_wconf 87' lang='lat' dir='ltr'><strong>quod</strong></span> <span class='ocrx_word' id='word_1_213' title='bbox 437 3519 553 3586; x_wconf 90' lang='lat' dir='ltr'><strong>saltem</strong></span> <span class='ocrx_word' id='word_1_214' title='bbox 584 3540 669 3585; x_wconf 86' lang='lat' dir='ltr'><strong>nunc</strong></span> <span class='ocrx_word' id='word_1_215' title='bbox 698 3519 786 3585; x_wconf 93' lang='lat' dir='ltr'><strong>idem</strong></span> <span class='ocrx_word' id='word_1_216' title='bbox 816 3519 889 3584; x_wconf 88' lang='lat' dir='ltr'><strong>Rex</strong></span> <span class='ocrx_word' id='word_1_217' title='bbox 920 3515 1069 3602; x_wconf 88' lang='lat' dir='ltr'><strong>Vngarie</strong></span> <span class='ocrx_word' id='word_1_218' title='bbox 1084 3515 1188 3599; x_wconf 88' lang='lat' dir='ltr'><strong>Regis</strong></span> 
     </span>
    </p>

    <p class='ocr_par' dir='ltr' id='par_1_23' title="bbox 21 3623 1187 3712">
     <span class='ocr_line' id='line_1_28' title="bbox 21 3623 1187 3712; baseline -0.003 -19"><span class='ocrx_word' id='word_1_219' title='bbox 21 3623 22 3640; x_wconf 60' lang='lat'>³</span> <span class='ocrx_word' id='word_1_220' title='bbox 59 3627 202 3712; x_wconf 77' lang='lat' dir='ltr'><strong>Francis,</strong></span> <span class='ocrx_word' id='word_1_221' title='bbox 230 3650 270 3697; x_wconf 87' lang='lat' dir='ltr'><strong>ac</strong></span> <span class='ocrx_word' id='word_1_222' title='bbox 293 3628 397 3695; x_wconf 89' lang='lat' dir='ltr'><strong>Ducis</strong></span> <span class='ocrx_word' id='word_1_223' title='bbox 415 3634 447 3695; x_wconf 91' lang='lat' dir='ltr'><strong>et</strong></span> <span class='ocrx_word' id='word_1_224' title='bbox 462 3628 583 3696; x_wconf 84' lang='lat' dir='ltr'><strong>Jacobi</strong></span> <span class='ocrx_word' id='word_1_225' title='bbox 598 3627 818 3712; x_wconf 90' lang='lat' dir='ltr'><strong>predictorum</strong></span> <span class='ocrx_word' id='word_1_226' title='bbox 841 3625 1004 3694; x_wconf 88' lang='lat' dir='ltr'><strong>emollitus</strong></span> <span class='ocrx_word' id='word_1_227' title='bbox 1027 3625 1187 3710; x_wconf 85' lang='lat' dir='ltr'><strong>precibus,</strong></span> 
     </span>
    </p>

    <p class='ocr_par' dir='ltr' id='par_1_24' title="bbox 21 3729 1188 3930">
     <span class='ocr_line' id='line_1_29' title="bbox 21 3729 1186 3818; baseline -0.005 -16"><span class='ocrx_word' id='word_1_228' title='bbox 21 3729 22 3734; x_wconf 62' lang='grc'>’</span> <span class='ocrx_word' id='word_1_229' title='bbox 60 3741 172 3805; x_wconf 88' lang='lat' dir='ltr'><strong>nostris</strong></span> <span class='ocrx_word' id='word_1_230' title='bbox 197 3737 328 3804; x_wconf 81' lang='lat' dir='ltr'><strong>facilius</strong></span> <span class='ocrx_word' id='word_1_231' title='bbox 353 3734 526 3802; x_wconf 90' lang='lat' dir='ltr'><strong>desideriis</strong></span> <span class='ocrx_word' id='word_1_232' title='bbox 551 3734 807 3818; x_wconf 77' lang='lat' dir='ltr'><strong>condescendat,</strong></span> <span class='ocrx_word' id='word_1_233' title='bbox 832 3734 892 3801; x_wconf 90' lang='lat' dir='ltr'><strong>sub</strong></span> <span class='ocrx_word' id='word_1_234' title='bbox 918 3755 975 3818; x_wconf 86' lang='lat' dir='ltr'><strong>spe</strong></span> <span class='ocrx_word' id='word_1_235' title='bbox 1000 3731 1186 3799; x_wconf 83' lang='lat' dir='ltr'><strong>huiusmodi</strong></span> 
     </span>
     <span class='ocr_line' id='line_1_30' title="bbox 59 3841 1188 3930; baseline -0.002 -22"><span class='ocrx_word' id='word_1_236' title='bbox 59 3847 138 3929; x_wconf 90' lang='lat' dir='ltr'><strong>apud</strong></span> <span class='ocrx_word' id='word_1_237' title='bbox 168 3845 310 3912; x_wconf 88' lang='lat' dir='ltr'><strong>eundem</strong></span> <span class='ocrx_word' id='word_1_238' title='bbox 336 3845 463 3929; x_wconf 88' lang='lat' dir='ltr'><strong>Regem</strong></span> <span class='ocrx_word' id='word_1_239' title='bbox 495 3843 642 3928; x_wconf 87' lang='lat' dir='ltr'><strong>Vngarie</strong></span> <span class='ocrx_word' id='word_1_240' title='bbox 673 3866 733 3930; x_wconf 91' lang='lat' dir='ltr'><strong>pro</strong></span> <span class='ocrx_word' id='word_1_241' title='bbox 764 3844 982 3926; x_wconf 87' lang='lat' dir='ltr'><strong>Imperatoris</strong></span> <span class='ocrx_word' id='word_1_242' title='bbox 999 3849 1031 3907; x_wconf 89' lang='lat' dir='ltr'><strong>ct</strong></span> <span class='ocrx_word' id='word_1_243' title='bbox 1047 3841 1188 3908; x_wconf 88' lang='lat' dir='ltr'><strong>aliorum</strong></span> 
     </span>
    </p>

    <p class='ocr_par' dir='ltr' id='par_1_25' title="bbox 21 3948 1188 4255">
     <span class='ocr_line' id='line_1_31' title="bbox 21 3948 1188 4037; baseline -0.006 -19"><span class='ocrx_word' id='word_1_244' title='bbox 21 4007 22 4012; x_wconf 62' lang='grc'>,</span> <span class='ocrx_word' id='word_1_245' title='bbox 57 3951 227 4036; x_wconf 86' lang='lat' dir='ltr'><strong>Regalium</strong></span> <span class='ocrx_word' id='word_1_246' title='bbox 253 3952 476 4037; x_wconf 88' lang='lat' dir='ltr'><strong>predictorum</strong></span> <span class='ocrx_word' id='word_1_247' title='bbox 500 3951 696 4019; x_wconf 84' lang='lat' dir='ltr'><strong>liberacione</strong></span> <span class='ocrx_word' id='word_1_248' title='bbox 719 3973 778 4035; x_wconf 91' lang='lat' dir='ltr'><strong>per</strong></span> <span class='ocrx_word' id='word_1_249' title='bbox 803 3958 932 4019; x_wconf 87' lang='lat' dir='ltr'><strong>nostras</strong></span> <span class='ocrx_word' id='word_1_250' title='bbox 947 3951 1079 4016; x_wconf 84' lang='lat' dir='ltr'><strong>litteras</strong></span> <span class='ocrx_word' id='word_1_251' title='bbox 1095 3948 1188 4013; x_wconf 90' lang='lat' dir='ltr'><strong>insis-</strong></span> 
     </span>
     <span class='ocr_line' id='line_1_32' title="bbox 57 4057 1188 4140; baseline -0.005 -12"><span class='ocrx_word' id='word_1_252' title='bbox 57 4083 180 4129; x_wconf 86' lang='lat' dir='ltr'><strong>samus:</strong></span> <span class='ocrx_word' id='word_1_253' title='bbox 215 4061 437 4128; x_wconf 72' lang='lat' dir='ltr'><strong>serenitatem</strong></span> <span class='ocrx_word' id='word_1_254' title='bbox 469 4059 575 4126; x_wconf 79' lang='lat' dir='ltr'><strong>Tuam</strong></span> <span class='ocrx_word' id='word_1_255' title='bbox 606 4067 731 4128; x_wconf 84' lang='lat' dir='ltr'><strong>attente</strong></span> <span class='ocrx_word' id='word_1_256' title='bbox 762 4082 801 4128; x_wconf 85' lang='lat' dir='ltr'><strong>ac</strong></span> <span class='ocrx_word' id='word_1_257' title='bbox 831 4057 1008 4126; x_wconf 86' lang='lat' dir='ltr'><strong>affectuose</strong></span> <span class='ocrx_word' id='word_1_258' title='bbox 1024 4077 1188 4140; x_wconf 87' lang='lat' dir='ltr'><strong>rogemus.</strong></span> 
     </span>
     <span class='ocr_line' id='line_1_33' title="bbox 58 4165 1188 4255; baseline -0.006 -18"><span class='ocrx_word' id='word_1_259' title='bbox 58 4176 218 4254; x_wconf 84' lang='lat' dir='ltr'><strong>quatenus</strong></span> <span class='ocrx_word' id='word_1_260' title='bbox 242 4169 332 4255; x_wconf 87' lang='lat' dir='ltr'><strong>apud</strong></span> <span class='ocrx_word' id='word_1_261' title='bbox 356 4169 481 4253; x_wconf 88' lang='lat' dir='ltr'><strong>Regem</strong></span> <span class='ocrx_word' id='word_1_262' title='bbox 507 4167 655 4252; x_wconf 86' lang='lat' dir='ltr'><strong>Vngarie</strong></span> <span class='ocrx_word' id='word_1_263' title='bbox 671 4174 887 4235; x_wconf 87' lang='lat' dir='ltr'><strong>memoratum</strong></span> <span class='ocrx_word' id='word_1_264' title='bbox 912 4188 973 4252; x_wconf 89' lang='lat' dir='ltr'><strong>pro</strong></span> <span class='ocrx_word' id='word_1_265' title='bbox 987 4165 1188 4232; x_wconf 85' lang='lat' dir='ltr'><strong>liberacione</strong></span> 
     </span>
    </p>

    <p class='ocr_par' dir='ltr' id='par_1_26' title="bbox 21 4273 1217 4472">
     <span class='ocr_line' id='line_1_34' title="bbox 21 4273 1183 4364; baseline -0.003 -21"><span class='ocrx_word' id='word_1_266' title='bbox 21 4323 23 4332; x_wconf 68' lang='lat'><strong>,</strong></span> <span class='ocrx_word' id='word_1_267' title='bbox 56 4277 268 4364; x_wconf 87' lang='lat' dir='ltr'><strong>Imperatoris</strong></span> <span class='ocrx_word' id='word_1_268' title='bbox 284 4284 318 4345; x_wconf 88' lang='lat' dir='ltr'><strong>et</strong></span> <span class='ocrx_word' id='word_1_269' title='bbox 332 4278 506 4363; x_wconf 85' lang='lat' dir='ltr'><strong>Regalinm</strong></span> <span class='ocrx_word' id='word_1_270' title='bbox 522 4276 743 4363; x_wconf 88' lang='lat' dir='ltr'><strong>predictorum</strong></span> <span class='ocrx_word' id='word_1_271' title='bbox 759 4277 839 4344; x_wconf 88' lang='lat' dir='ltr'><strong>dare</strong></span> <span class='ocrx_word' id='word_1_272' title='bbox 849 4277 930 4343; x_wconf 77' lang='lat' dir='ltr'><strong>uelit</strong></span> <span class='ocrx_word' id='word_1_273' title='bbox 940 4275 1014 4342; x_wconf 78' lang='lat' dir='ltr'><strong>Tua</strong></span> <span class='ocrx_word' id='word_1_274' title='bbox 1029 4273 1183 4342; x_wconf 85' lang='lat' dir='ltr'><strong>Sublimi-</strong></span> 
     </span>
     <span class='ocr_line' id='line_1_35' title="bbox 56 4383 1217 4472; baseline -0.006 -16"><span class='ocrx_word' id='word_1_275' title='bbox 56 4393 103 4456; x_wconf 84' lang='lat' dir='ltr'><strong>tas</strong></span> <span class='ocrx_word' id='word_1_276' title='bbox 118 4388 240 4455; x_wconf 81' lang='lat' dir='ltr'><strong>Divine</strong></span> <span class='ocrx_word' id='word_1_277' title='bbox 256 4388 390 4472; x_wconf 88' lang='lat' dir='ltr'><strong>pietatis</strong></span> <span class='ocrx_word' id='word_1_278' title='bbox 405 4388 525 4455; x_wconf 91' lang='lat' dir='ltr'><strong>intuitu</strong></span> <span class='ocrx_word' id='word_1_279' title='bbox 541 4393 575 4454; x_wconf 87' lang='lat' dir='ltr'><strong>ct</strong></span> <span class='ocrx_word' id='word_1_280' title='bbox 590 4394 702 4453; x_wconf 88' lang='lat' dir='ltr'><strong>nostre</strong></span> <span class='ocrx_word' id='word_1_281' title='bbox 717 4386 963 4452; x_wconf 79' lang='lat' dir='ltr'><strong>interventionis</strong></span> <span class='ocrx_word' id='word_1_282' title='bbox 979 4383 1099 4451; x_wconf 91' lang='lat' dir='ltr'><strong>obtutu</strong></span> <span class='ocrx_word' id='word_1_283' title='bbox 1108 4405 1181 4470; x_wconf 91' lang='lat' dir='ltr'><strong>ope·</strong></span> <span class='ocrx_word' id='word_1_284' title='bbox 1214 4397 1217 4404; x_wconf 85' lang='grc'><strong>’</strong></span> 
     </span>
    </p>

    <p class='ocr_par' dir='ltr' id='par_1_27' title="bbox 21 4492 1178 4581">
     <span class='ocr_line' id='line_1_36' title="bbox 21 4492 1178 4581; baseline -0.01 -13"><span class='ocrx_word' id='word_1_285' title='bbox 21 4565 22 4568; x_wconf 74' lang='grc'>,</span> <span class='ocrx_word' id='word_1_286' title='bbox 47 4519 125 4562; x_wconf 74' lang='lat' dir='ltr'><strong>rem</strong></span> <span class='ocrx_word' id='word_1_287' title='bbox 137 4496 322 4579; x_wconf 65' lang='lat' dir='ltr'><strong>efficacem</strong></span> <span class='ocrx_word' id='word_1_288' title='bbox 339 4499 388 4563; x_wconf 86' lang='lat' dir='ltr'><strong>itu</strong></span> <span class='ocrx_word' id='word_1_289' title='bbox 404 4496 492 4581; x_wconf 91' lang='lat' dir='ltr'><strong>quod</strong></span> <span class='ocrx_word' id='word_1_290' title='bbox 509 4517 568 4579; x_wconf 88' lang='lat' dir='ltr'><strong>per</strong></span> <span class='ocrx_word' id='word_1_291' title='bbox 584 4495 724 4562; x_wconf 87' lang='lat' dir='ltr'><strong>efficacis</strong></span> <span class='ocrx_word' id='word_1_292' title='bbox 740 4501 795 4562; x_wconf 90' lang='lat' dir='ltr'><strong>tue</strong></span> <span class='ocrx_word' id='word_1_293' title='bbox 806 4492 1009 4579; x_wconf 85' lang='lat' dir='ltr'><strong>operationis</strong></span> <span class='ocrx_word' id='word_1_294' title='bbox 1020 4493 1178 4560; x_wconf 85' lang='lat' dir='ltr'><strong>auxilium</strong></span> 
     </span>
    </p>
   </div>
   <div class='ocr_carea' id='block_1_7' title="bbox 21 4607 1079 4678">
    <p class='ocr_par' dir='ltr' id='par_1_28' title="bbox 21 4607 1079 4678">
     <span class='ocr_line' id='line_1_37' title="bbox 21 4607 1079 4678; baseline -0.003 -6"><span class='ocrx_word' id='word_1_295' title='bbox 21 4637 23 4678; x_wconf 41' lang='grc' dir='ltr'><strong>ᾗ</strong></span> <span class='ocrx_word' id='word_1_296' title='bbox 98 4637 200 4675; x_wconf 74' lang='lat' dir='ltr'><strong>uonurn</strong></span> <span class='ocrx_word' id='word_1_297' title='bbox 216 4635 300 4673; x_wconf 81' lang='lat' dir='ltr'><strong>nnuc.</strong></span> <span class='ocrx_word' id='word_1_298' title='bbox 316 4636 382 4672; x_wconf 77' lang='lat' dir='ltr'><strong>arsr.</strong></span> <span class='ocrx_word' id='word_1_299' title='bbox 399 4643 443 4656; x_wconf 91' lang='grc'><strong>--</strong></span> <span class='ocrx_word' id='word_1_300' title='bbox 459 4635 526 4670; x_wconf 72' lang='lat' dir='ltr'><strong>nora</strong></span> <span class='ocrx_word' id='word_1_301' title='bbox 542 4633 603 4672; x_wconf 78' lang='lat' dir='ltr'><strong>eur.</strong></span> <span class='ocrx_word' id='word_1_302' title='bbox 618 4633 647 4670; x_wconf 80' lang='grc' dir='ltr'><strong>ιι.</strong></span> <span class='ocrx_word' id='word_1_303' title='bbox 1038 4607 1079 4671; x_wconf 77' lang='lat'><strong>22</strong></span> 
     </span>
    </p>
   </div>
   <div class='ocr_carea' id='block_1_8' title="bbox 0 0 1558 5237">
    <p class='ocr_par' dir='ltr' id='par_1_29' title="bbox 0 0 1558 5237">
     <span class='ocr_line' id='line_1_38' title="bbox 0 0 1558 5237; baseline 0 0"><span class='ocrx_word' id='word_1_304' title='bbox 0 0 1558 5237; x_wconf 95' lang='lat' dir='ltr'><strong> </strong></span> 
     </span>
    </p>
   </div>
  </div>
 </body>
</html>
