3108 5246
554 389 648 456 1349.
1098 397 1161 458 335

53 568 214 649 gemetica,
230 589 356 652 queque
382 568 446 634 sita
462 567 582 635 ibidem
599 575 735 654 propter
751 571 819 636 eius
844 569 1008 654 puplicam
1024 576 1057 636 ct
1072 578 1163 638 noto·

52 677 122 740 riam
150 676 363 759 prodictionis
394 683 506 743 notam
537 677 694 744 adversus
719 699 778 743 nos
809 687 1021 762 nostrumque
1036 679 1161 762 Regale

51 781 235 864 Dominium,
252 791 286 850 ut
302 784 492 868 predicitur,
515 784 728 864 commissam,
745 785 789 849 ad
804 807 920 850 manus
936 792 1045 852 nostre
1063 785 1162 852 Curie

51 891 276 958 rationabiliter
301 891 469 972 devoluta3
495 913 594 976 super
625 893 716 958 cuius
748 893 917 958 commisse
948 893 1162 977 prodictionis
1228 975 1231 986 ν

50 1006 125 1078 uota,
140 1022 176 1065 ex
191 1023 277 1066 nuuc
293 1000 332 1066 de
348 1005 439 1065 certa
454 1006 567 1065 nostra
583 999 720 1065 scientia
736 1000 1163 1081 decernimus,declaramus

23 1159 30 1176 .
49 1115 76 1172 et
88 1107 226 1174 volumus
242 1108 286 1173 ad
302 1108 405 1191 ipsius
422 1107 590 1192 Thomasij
609 1107 829 1174 defensionem
845 1129 901 1173 sen
918 1107 1162 1192 quomodolibet

48 1215 129 1280 aliter
150 1215 274 1282 nullam
300 1216 397 1282 aliam
423 1214 646 1300 inquisitionis
671 1238 727 1282 seu
753 1216 957 1300 probationis
973 1215 1162 1300 indaginem

3 1321 5 1326 ’
47 1323 241 1406 inposterum
272 1322 353 1405 fieri,
379 1323 437 1388 sed
460 1345 588 1389 omnem
612 1323 718 1390 eidem
734 1322 911 1390 Thomasio
937 1345 1035 1408 super
1050 1325 1112 1391 hoc
1128 1329 1162 1390 et

47 1427 127 1512 alterj
145 1453 204 1514 pro
221 1438 318 1515 purte
334 1452 394 1498 sua
418 1430 614 1497 defensionis
638 1438 673 1496 et
698 1431 905 1514 allegationis
921 1453 1054 1498 causam
1070 1433 1161 1516 peni·

3 1577 9 1608 2
47 1543 91 1602 tus
119 1537 334 1624 denegamus;
368 1561 441 1605 cum
472 1539 667 1621 hominibus,
698 1539 856 1619 vassallis,
881 1539 1161 1624 vassallorumque

47 1644 220 1726 redditibus,
254 1647 415 1728 domibus,
446 1647 672 1730 pensionibus,
702 1647 800 1711 terris
832 1645 929 1712 cultis
961 1652 994 1711 et
1019 1645 1162 1730 incultis,

48 1752 147 1835 planis,
163 1755 336 1835 montibus,
362 1755 501 1839 pascuis,
525 1753 729 1834 molendinis,
745 1756 850 1838 aquis,
868 1775 1092 1838 aquarumpue
1108 1754 1162 1818 de·

3 1891 4 1894 ¹
46 1861 183 1945 cursibus,
198 1865 401 1944 tenimentis,
417 1865 603 1948 territorijs,
619 1863 759 1947 alijsque
772 1862 910 1946 juribuS,
924 1863 1161 1947 jurisdictioni-

4 2053 5 2056 *
47 1968 103 2048 buS,
117 1979 147 2036 et
161 1973 375 2057 pertinentijs
392 1973 459 2038 suis
476 1972 636 2054 omnibus,
652 1992 714 2055 que
731 1971 883 2037 videlicet
899 1970 940 2036 de
957 1970 1108 2036 demanio
1127 1969 1160 2034 in
1241 1961 1245 1968 ’

3 2119 5 2138 .
47 2075 221 2164 demanium,
248 2086 283 2145 et
308 2101 371 2162 que
388 2080 429 2145 de
454 2080 585 2146 servitio
611 2081 644 2144 in
660 2079 827 2144 servitium
853 2079 978 2160 damae,
996 2077 1161 2159 donamus,

3 2195 4 2202 ’
45 2186 184 2252 tradimus
204 2193 238 2253 et
256 2210 297 2253 ex
313 2208 413 2254 causa
428 2187 614 2254 donationis
629 2187 755 2271 proprij
773 2192 880 2252 motus
905 2186 1061 2252 instinctu
1088 2206 1161 2250 con-

3 2285 8 2350 ἶ·
47 2293 187 2377 oedimus;
203 2295 368 2380 siquidem
384 2296 424 2361 de
440 2316 524 2361 novo
548 2293 645 2362 feudo
662 2293 769 2373 fuerit,
785 2316 844 2378 pro
861 2315 899 2358 eo
916 2293 1026 2359 valore
1041 2285 1161 2388 annuo,

3 2389 5 2474 ᾗ
46 2403 137 2480 quiin
153 2407 313 2487 regestris
329 2404 453 2469 nostris
468 2403 650 2486 Regalibus
667 2407 854 2483 annotetur,
870 2408 903 2465 et
919 2403 946 2465 si
962 2401 1002 2465 de
1015 2403 1161 2484 antiquo,

3 2495 5 2562 i
46 2530 95 2590 pro
109 2531 143 2576 eo
153 2513 266 2578 valore
277 2534 392 2596 annuo,
404 2533 500 2596 quem
511 2511 687 2579 secundum
696 2511 937 2595 inquisitionem
953 2497 1161 2575 demandato

3 2631 5 2652 *
46 2624 140 2684 nostre
165 2621 268 2687 Curie
294 2623 410 2688 exinde
436 2621 619 2686 faciendam
643 2618 777 2686 fuerunt
802 2619 910 2685 valere
927 2624 1104 2702 comperta,
1120 2617 1160 2684 de

47 2733 123 2792 certa
137 2736 251 2795 nostra
268 2730 414 2812 scientia,
438 2729 639 2795 liberalitate
664 2748 755 2793 mera
771 2731 805 2793 et
821 2727 930 2808 gratia
946 2725 1091 2810 speciali,
1108 2725 1161 2790 de·

4 2877 7 2912 ¹.
46 2834 163 2902 linenda
178 2838 316 2921 quidem
331 2860 391 2922 per
406 2840 514 2922 ipsum
530 2836 714 2921 Herrieum,
730 2836 899 2918 dictosque
930 2833 1067 2900 heredes
1085 2854 1159 2898 suos

5 2943 7 3026 J
46 2939 214 3028 inmediate,
239 2951 274 3010 et
299 2947 332 3010 in
357 2946 462 3030 capite
490 2967 510 3012 a
535 2949 650 3012 nostra
675 2943 776 3010 Ouria
792 2941 852 3008 sub
878 2939 1008 3008 seruitio
1024 2939 1160 3024 perinde

5 3055 6 3128 j
47 3053 239 3138 contingenti,
257 3053 300 3121 ad
316 3055 476 3119 rationem
493 3054 533 3120 de
550 3055 666 3120 annuis
682 3055 784 3138 vncijs
801 3050 914 3134 viginti
939 3070 999 3133 pro
1015 3069 1160 3130 unoquo-

47 3176 97 3237 que
120 3163 244 3245 iutegro
271 3163 404 3229 servitio
430 3161 577 3242 militari,
607 3161 784 3227 secundum
814 3180 877 3242 que
906 3162 958 3223 est
983 3156 1023 3221 de
1050 3177 1108 3221 vsu
1125 3161 1159 3220 et

6 3293 7 3350 ᾗ
46 3270 264 3335 consuetudine
289 3271 397 3353 Regni
423 3271 547 3350 uostri;
573 3267 616 3333 ad
640 3268 728 3353 quod
752 3267 920 3333 servitium
944 3262 1158 3348 prestandum

6 3393 8 3446 ἱ
46 3380 186 3454 premisso
211 3379 310 3444 modo
345 3379 505 3445 Herricus
529 3378 616 3444 idem
643 3397 704 3459 pro
729 3396 763 3442 sc
787 3374 919 3457 suisque
935 3369 1109 3436 heredibus
1126 3392 1159 3435 se

46 3483 124 3548 nobis
148 3487 335 3570 nostrisque
360 3485 537 3552 heredibus
562 3483 740 3549 voluntarie
775 3481 882 3548 iacere
899 3479 1020 3545 obtulit
1036 3486 1069 3544 et
1083 3499 1158 3562 pro·

7 3635 9 3644 .
46 3589 120 3657 nisit
143 3599 202 3659 etc.
227 3594 270 3658 In
286 3593 378 3659 euius
394 3593 443 3659 rei
467 3591 689 3659 testimonium
714 3593 880 3674 presentes
896 3586 1026 3652 lieteras
1043 3585 1159 3651 exinde

47 3694 146 3766 fieriet
159 3701 374 3786 pendentibus
400 3699 519 3784 sigillis
543 3700 663 3765 nostris
679 3698 830 3763 iussimus
854 3695 1052 3776 communirj.
1068 3692 1160 3760 Data

8 3879 10 3882 ¹
47 3801 170 3894 Neapolj
187 3833 272 3876 anuo
297 3809 431 3876 Domini
447 3806 617 3873 millesimo
633 3803 916 3872 OCOXLVIHL
943 3802 995 3867 die
1011 3801 1159 3866 duodeci·

47 3933 90 3978 uo
116 3915 239 4003 Martij,
269 3917 409 3984 secunde
450 3915 644 3994 indictionis,
690 3911 880 3997 Regnorum
920 3907 1024 3974 nostri
1057 3908 1158 3992 Regis

49 4041 119 4088 auno
133 4027 234 4108 primo
252 4026 355 4092 nostri
372 4045 451 4091 nero
461 4023 588 4106 Regiae
604 4042 690 4087 anno
707 4025 808 4088 sexto.

140 4169 173 4230 (A
189 4171 327 4237 »Registri
339 4169 484 4235 Angisinit
499 4169 533 4218 A.
548 4171 609 4220 356.
623 4184 659 4218 sz.
674 4182 698 4217 a.
712 4165 772 4230 Reg
784 4163 920 4215 qudovici
934 4167 962 4212 et
975 4161 1122 4213 Johannae
1134 4161 1156 4210 1.

49 4257 123 4310 trimo
134 4261 287 4313 lrbteteben.
304 4266 345 4312 15.
359 4262 412 4311 stb.
426 4260 489 4320 lev.)
