3110 5248
603 383 698 450 1348.
789 423 794 438 =
1151 385 1214 450 275

101 583 145 627 me
173 559 322 629 Ntarium
346 563 602 646 infrascriptum,
638 570 669 628 et
696 564 764 628 eius
778 563 873 630 bulla
887 563 1045 647 pendenti
1061 563 1213 646 plumbea

99 673 286 736 communiri.

1 767 2 774 ἵ
193 777 244 862 (P.
260 777 320 864 H.)
337 779 410 864 Ego
427 777 615 863 Stephanus
632 778 672 843 de
689 778 887 860 Franchino,
903 778 1060 844 Publicus
1076 778 1213 864 Imperi-

1 873 2 951 i
96 886 135 951 ali
149 888 339 954 auctoritate
364 886 525 952 Notarius
551 893 584 950 et
599 885 750 951 Ducatus
767 885 982 954 Venetiarum
997 883 1125 968 Scriba,
1140 909 1212 970 pre-

1 1000 2 1004 ’
96 993 179 1057 dictis
203 993 347 1076 interfui,
372 1013 475 1076 eaque
501 993 542 1057 de
572 993 729 1058 mandato
746 1041 753 1058 .
770 1043 777 1059 .
793 1043 800 1058 .
817 993 957 1058 illustris
973 992 1096 1060 domini
1111 992 1213 1060 Ducis

1 1089 2 1177 J
93 1105 181 1183 atque
195 1107 335 1184 rogatus
351 1101 477 1184 scripsi,
508 1105 540 1164 et
567 1102 601 1164 in
628 1099 712 1165 hanc
742 1098 907 1183 publicam
938 1098 1077 1166 tonnam
1100 1101 1214 1184 redegi

1 1201 2 1210 ’
92 1210 237 1291 signoque
253 1231 328 1276 meo
344 1210 441 1276 solito
457 1215 490 1274 et
506 1217 581 1274 noto
599 1214 729 1274 nominc
753 1206 917 1274 roboravi.

233 1353 377 1417 (Eredetie
392 1355 568 1418 borhtrtyau
582 1369 598 1405 a
623 1355 764 1405 velenczci
777 1369 853 1420 nagy
865 1353 1059 1420 leveltarban.)

612 1771 686 1833 253.

88 1930 115 1991 l.
130 1930 226 2012 lajoa
242 1953 389 2016 mappae·
412 1928 540 2014 barely,
565 1931 648 1994 mint
672 1931 870 2016 jerusalemi
887 1933 920 1996 c's
944 1931 1072 1996 siciliae·
1087 1934 1211 2022 leirdly‚

144 2037 329 2123 meyerliaiti
346 2060 368 2100 α
385 2036 521 2122 adpolyc'
537 2037 661 2102 uiuant
669 2037 820 2124 fdiskola
830 2039 1030 2124 jdvedelme't.
1048 2043 1143 2104 1348.

184 2193 254 2259 Pro
272 2195 520 2261 conservatione
536 2193 647 2262 Studii
663 2196 843 2280 Theologie
858 2195 1026 2280 Neapolis.

1 2369 2 2391 ,
181 2301 372 2367 Lodovicus
406 2300 471 2366 Dei
496 2303 605 2384 gratia
630 2302 788 2386 Vngarie,
804 2303 993 2370 Jerusalem
1024 2310 1058 2367 et
1090 2301 1210 2386 Sicilie,

1 2436 3 2490 5
85 2406 229 2475 Dueatus
257 2405 394 2492 Apulia,
421 2415 453 2473 et
478 2408 688 2493 Principatus
714 2409 836 2493 Capua,
860 2410 1036 2491 Dalmatio,
1068 2409 1210 2492 Croatie,

82 2513 188 2597 Rama,
200 2514 326 2596 Servis,
338 2513 488 2602 Gallicis,
498 2515 705 2598 Lodomerie,
716 2497 882 2597 Cumanis,
898 2517 1118 2602 Bulgarieque
1128 2518 1211 2603 Rex,

1 2631 2 2710 j
82 2619 235 2706 Princeps
251 2620 482 2687 salernitanus
499 2628 532 2687 et
548 2623 695 2690 Honoris
712 2624 821 2692 Menti
836 2621 953 2689 Sancti
962 2622 1086 2707 Angeli
1096 2623 1209 2690 Domi-

1 2758 3 2808 ,
82 2749 145 2809 nus,
159 2730 323 2795 vuinersis
339 2731 498 2813 presentis
514 2730 635 2797 indulti
644 2732 760 2797 seriem
776 2731 973 2813 inspecturis
989 2737 1058 2797 tam
1076 2751 1206 2815 presen-

1 2835 95 2921 {t
81 2834 164 2900 tibus
195 2859 299 2919 quam
325 2835 452 2902 futuris.
478 2833 623 2922 Operam
649 2837 859 2903 datumst
810 2843 859 2903 est
884 2836 1052 2921 Princeps,
1077 2859 1117 2902 ne
1142 2860 1204 2922 que

1 2947 3 3026 l
84 2949 194 3008 eontra
205 2943 259 3009 sas
270 2950 365 3027 gesta
375 2951 462 3026 sunt
470 2943 613 3010 fructum
622 2945 769 3012 obruere
780 2965 845 3011 non
864 2943 1079 3030 debeant,ct(ct
1096 2943 1208 3028 rusa)

1 3087 2 3148 ,
81 3070 139 3132 que
154 3052 242 3117 bene
252 3057 409 3134 reeteque
419 3059 587 3140 gerantur,
596 3052 697 3117 firmit
683 3052 763 3117 tatis
773 3050 888 3118 effectu
899 3058 932 3116 ct
947 3052 1071 3134 vigoris
1085 3051 1205 3118 robore

80 3158 267 3226 fulciantur.
293 3157 380 3226 Sane
406 3179 465 3243 pro
490 3166 584 3242 parte
610 3158 838 3242 religiosorum
863 3161 1006 3225 virorum
1031 3159 1208 3226 Prioriset

1 3281 2 3348 ῑ
81 3266 269 3334 Conventus
294 3269 358 3336 loci
373 3266 486 3334 Sancti
510 3268 677 3334 Dominici
691 3266 947 3349 Predicatorum,
963 3264 1149 3333 Guardiaui
1174 3274 1208 3331 et

79 3373 269 3442 Conventus
285 3375 348 3440 loci
364 3372 480 3441 Sancti
495 3376 669 3442 Laurentii
684 3374 853 3439 Minorum
868 3373 965 3438 Beati
976 3373 1153 3452 Francisci,
1169 3394 1207 3438 ac

77 3481 202 3549 Prioris
236 3489 270 3547 et
301 3479 490 3548 Conventus
517 3482 581 3548 loci
607 3480 721 3547 Sancti
747 3479 928 3563 Augustini
960 3479 1204 3546 Heremitarum

74 3588 237 3657 Ordinum
263 3590 302 3654 de
328 3589 474 3656 Ciuitate
499 3590 658 3673 Neapolis
683 3588 874 3654 deuotorum
891 3592 1074 3652 nostrorum
1092 3589 1205 3655 oblata

1 3729 2 3792 p
77 3695 222 3764 Culmiui
238 3697 364 3763 Nostro
379 3698 495 3781 petitio
512 3697 709 3776 continebat,
725 3696 814 3779 quod
839 3694 917 3760 olim
939 3695 1026 3761 clare
1052 3698 1205 3760 memorie

77 3801 235 3890 Princeps
251 3805 384 3870 inclitus
394 3802 543 3870 dominus
554 3801 693 3869 Carolus
704 3799 872 3868 Secundus
882 3801 1066 3869 Jerusalem
1078 3809 1112 3868 et
1124 3801 1206 3868 Sici·

30 3917 38 3924 ’
76 3911 116 3974 lie
132 3911 207 3977 Rex
232 3911 384 3991 illustris,
409 3911 605 3984 reserandus
631 3929 774 3992 proauus
800 3916 833 3974 et
849 3908 998 3974 dominus
1014 3918 1134 3988 noster,
1150 3933 1206 3991 pro

77 4019 323 4086 conservatione
346 4015 521 4083 Generalis
547 4015 654 4083 Studii
680 4017 860 4101 Theolugie
877 4017 995 4081 Divine
1012 4019 1156 4097 scientie,
1172 4026 1206 4083 et

76 4126 333 4192 substentatione
364 4125 564 4190 studentium
590 4145 666 4192 suas
683 4123 803 4192 eisdem
820 4124 979 4189 concessit
996 4123 1129 4188 lictores
1146 4146 1205 4191 suo

77 4254 194 4317 magno
211 4232 318 4317 Regio
344 4235 379 4297 iu
402 4253 478 4298 cera
502 4231 602 4298 rubea
628 4230 784 4315 pendenti
802 4230 909 4316 sigillo
928 4233 1078 4315 munitas,
1094 4253 1157 4316 que
1173 4233 1206 4298 in

1 4359 3 4374 ³
77 4347 189 4407 nostra
205 4341 308 4407 Curia
324 4346 509 4423 presentata
525 4341 651 4405 tenoris
667 4346 761 4404 erant
773 4359 831 4422 per·
843 4339 951 4404 omnia
961 4339 1169 4423 subsequent'
1159 4361 1205 4406 1s:

77 4446 225 4514 Karalus
241 4441 412 4514 Se'eundus
427 4447 492 4513 Dei
508 4454 584 4531 grat
585 4449 616 4512 ia
570 4445 705 4513 tRex
722 4444 965 4511 Jerusalem
1000 4444 1120 4526 Sicilie,
1136 4447 1206 4513 Du-

1 4630 2 4639 ,
78 4563 167 4624 carus
183 4553 309 4641 Apulia
325 4555 580 4638 etPrincipatus
591 4551 713 4636 Capua,
724 4554 897 4618 Provincia
908 4553 1205 4639 etborqualquerii

1036 4668 1076 4730 18
