3134 5252
556 355 650 420 1346.
1105 359 1167 420 197

1 571 3 610 t
62 541 87 598 et
102 555 153 616 per
167 535 247 598 viam
275 531 457 612 Alemanie,
484 534 527 598 ad
543 531 775 598 notificandum
793 533 838 596 eis
856 535 1073 598 danmatione
1092 532 1170 598 Am·

1 620 2 650 ¹
59 641 228 708 tenatorum
244 647 432 706 nostrorum
448 638 639 706 iamdudum
663 636 761 720 facta„
777 646 812 704 et
827 641 1058 723 requirendum
1086 640 1171 704 litte·

1 750 7 839 i
59 770 104 813 ras
126 750 315 828 securitatis,
332 757 368 813 ut
387 754 458 814 tute
483 749 609 832 possint
624 747 671 811 ire
686 747 729 812 ad
747 749 943 832 presentiam
965 748 1044 814 dicti
1061 749 1170 832 Regis,

60 853 97 918 Ilt
108 855 252 921 mittatur
269 879 334 921 una
350 877 467 922 manus
493 855 631 921 istarum
657 855 840 921 litterarum
866 857 933 922 illis
949 857 990 921 de
1005 854 1121 922 Bebeh
1137 856 1170 918 in

1 993 2 1010 r
61 961 172 1044 Segnia,
186 961 360 1027 scribendo
377 963 433 1044 eis,
449 963 536 1044 quod
552 963 580 1026 si
596 960 705 1026 littere
715 962 902 1026 securitatis
918 962 1091 1040 venissent,
1107 982 1170 1026 non

1 1105 2 1112 κ
63 1067 176 1132 mittant
188 1070 271 1134 istas
288 1075 417 1134 nostras
434 1067 562 1133 litteras
587 1069 692 1150 magis
708 1075 791 1148 ante,
807 1075 857 1133 set
873 1089 929 1133 eas
945 1068 1123 1146 remittant,
1139 1073 1172 1132 et

1 1250 17 1285 Γ
61 1175 177 1240 mittant
190 1175 286 1240 nobis
306 1175 413 1240 dictas
438 1175 566 1240 litteras
592 1176 778 1242 securitatis
805 1176 1001 1259 quamcitius
1027 1181 1171 1258 possunt,

5 1346 8 1355 ,
63 1281 144 1348 sicas
158 1303 219 1347 non
236 1283 409 1348 misissent
426 1279 462 1347 Si
478 1289 588 1348 autem
603 1281 714 1346 littere
730 1283 915 1347 securitatis
926 1303 989 1346 non
1000 1283 1175 1362 venissent,

61 1390 176 1455 mittant
201 1391 292 1474 ipsas
323 1390 452 1455 litteras
484 1411 542 1474 per
573 1389 674 1456 fidum
698 1389 848 1456 nuncium
875 1389 1075 1473 quamcicius
1101 1411 1171 1455 esse

8 1540 14 1550 ·
62 1501 160 1580 potest.

204 1641 241 1703 <A
257 1641 387 1694 »Secreta
399 1640 515 1694 Consilii
526 1642 778 1706 Reginorum-bol
798 1643 855 1692 luit.
870 1641 902 1692 A.
918 1641 972 1692 vol.
990 1641 1022 1701 1.)

579 2035 651 2094 191.

64 2193 85 2254 Ι.
99 2193 250 2261 Jotaona
274 2194 404 2262 similat
428 2193 655 2280 kirdlyae'aak
686 2193 889 2282 dirdetotape
922 2195 1034 2262 Eadre
1065 2197 1179 2284 kirtly

423 2301 592 2388 ppilkosai
608 2301 697 2367 clleo.
715 2299 811 2368 1346.

365 2461 521 2526 Edictum
536 2465 653 2527 contra
667 2462 860 2545 proditores.

158 2587 183 2653 J
185 2589 314 2654 ohanna
330 2587 395 2654 Dei
413 2588 524 2671 gratia
542 2587 674 2672 Regina
699 2587 909 2654 Hierusalem
927 2595 960 2655 et
977 2589 1097 2670 Sicilie,
1113 2589 1182 2656 Du-

64 2697 144 2759 catus
160 2692 282 2778 Apulia
298 2699 360 2759 etc,
376 2694 536 2760 vniuersis
560 2695 721 2779 presentis
739 2693 837 2760 edicti
853 2698 969 2762 seriem
985 2698 1181 2781 inspecturis

64 2807 125 2866 tam
147 2801 353 2886 presentibus
378 2823 475 2886 quam
500 2801 629 2868 futuris
648 2803 768 2868 Diuine
785 2803 866 2886 legis
882 2809 1024 2870 testatur
1041 2806 1181 2888 elogium

67 2907 152 2974 »Non
167 2911 254 2976 sinas
269 2909 453 2975 maleficum
469 2911 582 2974 uiuere
599 2931 697 2993 snper
713 2917 856 2975 terram«
873 2935 879 2992 ;
903 2918 936 2976 et
952 2912 1031 2978 iuris
1042 2933 1181 2979 censura

63 3015 129 3082 illos
144 3017 344 3084 facinorosos
360 3017 492 3098 grauius
510 3022 761 3100 persequuntur,
782 3019 837 3101 qui
854 3039 918 3082 non
934 3029 1121 3086 vererentur
1138 3019 1183 3084 ol·

65 3121 193 3206 tendere,
210 3145 292 3207 quos
317 3125 354 3188 in
377 3127 468 3188 terra
482 3144 541 3206 pre
557 3123 676 3188 ceteris
692 3129 765 3207 post
782 3124 903 3188 cultum
923 3123 1111 3192 Maiestatis
1128 3125 1186 3192 Di·

65 3231 132 3297 uine
153 3231 298 3315 profecto
322 3229 466 3294 reuereri
502 3229 666 3310 deberent,
699 3239 799 3314 atque
831 3232 968 3315 diligere
999 3236 1186 3300 reuerentia

8 3367 12 3375 ·
65 3336 174 3422 debita,
199 3347 232 3404 et
256 3337 331 3403 fidei
359 3338 484 3403 sincero
509 3337 649 3418 uinculo,
675 3339 934 3423 asstringantur.
962 3340 1003 3404 In
1030 3363 1093 3424 quo
1110 3341 1186 3406 dnm

66 3447 160 3530 magis
182 3444 369 3524 exceditur,
394 3445 518 3509 uiolata
543 3445 687 3511 charitas
732 3449 765 3510 et
790 3447 871 3513 fides
903 3448 1016 3513 debita
1048 3449 1187 3532 amplius

66 3553 190 3636 leditur‚
231 3554 376 3620 seuerius
406 3552 578 3618 iudicatur.
619 3551 677 3618 Ad
711 3574 848 3635 quorum
880 3556 1080 3638 proteruiam
1114 3575 1186 3620 con-

1 3662 2 3669 '
68 3661 248 3727 calcandam
265 3659 455 3744 frequenter
470 3659 617 3726 Ministri
643 3661 780 3726 Justitie
796 3669 947 3727 exercent
963 3683 1073 3728 eorum
1090 3661 1188 3727 officii

68 3767 209 3852 debitum,
226 3777 258 3836 et
275 3769 569 3853 quomodocunque
579 3769 621 3835 ad
631 3767 811 3852 perfectam
822 3768 1045 3835 tortitudinem
1063 3791 1188 3836 eorum·

1 3897 2 3912 ¹
68 3876 137 3942 dem
149 3877 283 3962 Regalis
308 3877 482 3960 potestatis
507 3876 686 3961 presidium
704 3877 892 3961 impartitur
909 3879 1010 3942 etiam
1026 3899 1089 3942 non
1106 3878 1188 3960 peti-

1 3978 2 4003 l
68 3989 148 4064 tum;
161 3985 333 4068 presertim
348 3982 402 4049 ubi
419 3983 452 4048 in
469 4005 527 4048 suo
544 3986 651 4068 capite
667 3985 739 4068 ipsa
754 3993 900 4068 potestas
911 3985 1040 4066 leditur‚
1061 3991 1093 4048 et
1109 3983 1190 4049 Res·

1 4108 2 4154 3
69 4090 191 4172 puplica
206 4091 425 4157 conculcatur.
452 4087 537 4155 Sane
563 4091 613 4155 uir
638 4090 758 4156 nobilis
775 4091 981 4156 Bertrandus
999 4091 1039 4156 de
1055 4089 1191 4170 Baucio,

1 4276 3 4291 μ
68 4195 183 4264 Montis
208 4195 350 4264 Oaueosi
376 4203 409 4262 et
434 4194 561 4262 Andria
588 4195 713 4277 Comae,
729 4199 834 4263 Berre
850 4197 1019 4279 Dominus,
1035 4203 1068 4261 et
1084 4196 1191 4280 Magi-

68 4309 130 4368 ster
150 4304 356 4372 Justitiarius
384 4301 493 4388 Regni
519 4303 640 4384 Sicilie,
667 4304 802 4370 dilectus
828 4304 946 4386 affinis,
968 4303 1191 4388 Conciliarius,

70 4407 231 4477 mmilaris
246 4416 280 4477 et
297 4409 403 4476 fidelis
420 4419 541 4494 noster,
557 4433 598 4480 ex
614 4413 691 4493 asic,
703 4433 799 4496 quem
809 4411 851 4477 ad
861 4411 1015 4476 honorem
1034 4419 1191 4492 nostrum,
1252 4445 1256 4452 ·

74 4513 253 4604 Reipuplice
270 4519 473 4586 commodum
490 4527 523 4587 et
537 4521 676 4604 justitie,
693 4523 745 4585 cui
762 4519 1016 4603 p1·eest,lrabere
1033 4519 1190 4602 dignosci·
