3108 5246
592 243 687 306 1348.
1054 291 1060 300 .
1139 245 1200 306 321

90 422 130 486 dit
151 421 331 486 notabiliter
359 419 537 504 absolutos,
562 418 649 503 quod
676 425 838 504 quantum
863 421 896 484 in
915 419 1012 486 'nobis
1030 420 1201 501 sue1·it,in·

91 529 271 595 violabiliter
297 527 547 609 observavimus,
571 549 630 594 nec
654 529 853 594 intendimus
877 528 919 592 ab
937 529 1007 594 eius
1023 527 1131 593 ledere
1147 529 1206 593 ali-

89 635 215 718 qualiter
239 635 368 701 deviare
393 639 462 700 tum
480 637 608 701 ratione
631 633 707 700 fidei
723 641 792 701 tum
808 635 1084 718 contemplacione
1101 633 1204 717 Regia

42 824 45 837 Ι
87 744 270 826 Maiestatis,
296 741 487 809 affectantes
512 743 687 809 hincinde
712 745 804 808 iuxta
819 742 1003 809 laudabilia
1019 747 1203 807 nostrorum

87 849 336 933 predecessorum
362 852 500 935 vestigia
515 852 634 917 nutriri
658 849 788 916 favente
804 848 948 916 Domino
965 848 1086 915 amoris
1103 855 1136 915 et
1151 847 1206 913 be·

85 957 244 1022 nivoleutie
261 959 506 1023 incrementum.

208 1104 241 1165 (A
254 1103 395 1153 velenczei
410 1105 538 1156 »Secreta
552 1104 664 1154 Consilii
677 1104 936 1169 nogentorum-ool.
950 1104 1005 1154 Lit.
1019 1103 1063 1164 B.)

560 1249 622 1256 ——-
671 1249 718 1256 -—-

603 1413 677 1474 274.

128 1574 155 1636 A
163 1573 324 1660 piore-nezi
340 1569 620 1660 kdzldrariscipnak
638 1572 734 1658 Lajoa
750 1576 889 1638 tarentoi
905 1575 1038 1661 berezop.
1058 1577 1152 1638 1348.

177 1771 465 1780 -----
482 1731 679 1814 Magnificus
705 1737 815 1797 autern
842 1733 892 1796 vir
918 1731 1035 1798 Comes
1061 1733 1206 1816 Marsici,

81 1839 214 1925 Magnus
242 1841 351 1924 Regni
377 1839 488 1906 Sicilie
515 1838 766 1906 (lamestabulus
792 1838 972 1923 penultimo
990 1839 1068 1905 dicti
1085 1842 1206 1908 mensis

79 1945 299 2030 (Novembris)
324 1947 485 2032 applicuit
510 1947 553 2012 ad
578 1969 637 2013 nos
654 1947 693 2012 de
710 1947 852 2031 Neapoli
877 1970 949 2012 cum
966 1947 1113 2014 ducentis
1130 1948 1205 2014 bar-

79 2054 158 2120 butis
172 2055 288 2121 electis
305 2061 339 2120 et
352 2056 451 2122 ultra.
476 2057 523 2122 Et
547 2053 634 2120 infra
656 2055 736 2120 duos
761 2056 830 2120 dies
846 2056 972 2121 nobiles
987 2053 1202 2140 Neapolitani

9 2219 10 2240 ,
78 2167 105 2226 et
120 2162 182 2246 alii,
197 2166 232 2229 in
260 2183 398 2230 numero
424 2165 729 2247 qualringentorum
755 2164 900 2246 equitum
915 2163 968 2234 hie
984 2162 1204 2230 infallibiliter

78 2275 294 2351 expectantur.
320 2269 433 2337 Solum
458 2277 600 2337 vestrum
617 2278 650 2337 et
664 2270 804 2336 fratrum
829 2276 1007 2337 vestrorum
1027 2270 1202 2337 adventum

7 2377 9 2460 ᾖ
78 2373 228 2442 festinum
247 2377 388 2444 subsidii
403 2379 510 2443 anxiis
526 2378 700 2444 desideriis
716 2379 955 2460 prestolamu1·;
978 2384 1014 2442 vt
1029 2385 1205 2461 antequam

6 2477 9 2566 ξ
78 2483 180 2551 hostes
196 2489 265 2570 ipsi
281 2486 409 2566 maiori,
434 2487 523 2568 quod
548 2486 656 2553 adhuc
683 2493 855 2569 expectare
880 2485 1204 2570 dicuutu1·‚presidio

5 2613 6 2660 1
79 2595 177 2676 gentis
194 2595 369 2662 fortificari
385 2595 527 2678 valeant,
543 2601 576 2661 et
591 2601 698 2660 terras
715 2596 815 2680 longa
830 2594 1075 2680 tranquillitate
1091 2593 1204 2659 imbel-

5 2709 6 2732 ³
77 2699 119 2766 les
134 2695 194 2768 sibl
211 2704 371 2785 subicere,
397 2708 431 2768 et
456 2725 495 2769 ex
520 2705 644 2788 rapinis
673 2711 707 2768 et
733 2703 844 2787 spoliis
869 2703 1049 2768 lomentum
1075 2708 1108 2767 et
1128 2723 1205 2786 aug-

5 2821 7 2846 *
76 2814 216 2876 mentum
234 2832 369 2878 suarum
384 2812 512 2891 virium,
529 2831 601 2876 cum
619 2809 833 2876 diminutione
845 2816 954 2876 nostre
969 2812 1116 2892 potentie
1131 2831 1205 2893 pro·

5 2949 6 2956 1
76 2938 195 3002 curare,
220 2941 286 2985 non
312 2918 495 2985 obmictatis
521 2918 709 3001 eligibiliter
735 2940 795 3002 pro
821 2918 957 2984 arbitrio
982 2925 1103 3000 nostro,
1120 2919 1204 2983 sicut

5 3017 7 3022 ’
76 3023 160 3093 Deus
176 3025 315 3106 dederit,
339 3027 499 3111 partitum
524 3045 697 3090 assumere.
724 3023 821 3108 Quod
847 3024 924 3089 dum
940 3047 974 3090 se
990 3025 1087 3091 facile
1113 3026 1203 3091 exhi-

78 3129 153 3198 bens
168 3133 256 3199 forte
283 3133 471 3217 negligitur,
495 3131 588 3197 breui
603 3132 810 3216 postmodum
825 3129 981 3214 temporis
999 3132 1103 3214 spatio
1121 3127 1204 3196 diffi-

77 3240 229 3306 cillimum
246 3263 267 3306 a
284 3262 343 3306 sua
359 3239 542 3306 conditione
567 3241 734 3322 reddatur,
752 3245 786 3305 et
802 3241 1005 3305 necessitatis
1030 3239 1097 3321 fiat,
1114 3238 1203 3320 quod

75 3347 239 3416 electionis
265 3349 330 3414 iarn
354 3348 424 3414 luit.
449 3349 536 3414 Heri
552 3348 727 3414 habuimus
744 3369 838 3428 noua,
855 3348 998 3431 qualiter
1016 3347 1202 3430 Stephanus

76 3453 229 3541 Ungarus
245 3457 428 3539 Micbanus,
454 3458 510 3540 qui
527 3479 562 3522 se
578 3457 706 3522 Ducem
733 3455 888 3522 Calabria
905 3455 1103 3534 nominabat,
1120 3452 1203 3520 obsi-

75 3561 202 3630 dionem
228 3563 402 3630 Generalis
427 3563 601 3647 Capitanei
628 3564 733 3628 nostri
766 3561 928 3644 Calabria,
960 3585 1032 3628 cum
1064 3559 1203 3626 aliorum

5 3721 6 3724 ,
77 3667 246 3752 Comitum,
270 3671 442 3737 Baronum
467 3679 501 3737 et
524 3671 669 3737 fidelium
694 3677 881 3735 nostrorum
912 3671 1044 3735 illarum
1059 3668 1203 3752 partium

76 3780 253 3860 potentiam
280 3779 364 3866 (igy)
390 3781 545 3863 nequiens
571 3779 709 3845 ulterius
735 3776 935 3856 substinere,
968 3799 1065 3860 quam
1097 3775 1202 3841 subie-

75 3894 127 3953 rat
150 3909 209 3972 per
234 3908 290 3953 sex
314 3908 440 3954 menses
464 3888 516 3952 vel
541 3887 652 3954 circha
676 3888 710 3951 in
735 3894 825 3952 terra
854 3885 980 3950 Montis
1010 3885 1131 3950 Leonis
1163 3883 1203 3948 de

76 3995 222 4078 partibus
239 3992 394 4062 Calabria
420 3995 627 4081 supradietis,
653 3995 794 4062 latenter
811 3993 946 4060 tandem
963 4013 1111 4076 egressus
1129 4013 1203 4057 cum

76 4103 177 4169 tribus
193 4105 304 4186 sotiis,
329 4111 366 4171 ut
390 4105 504 4187 abiret,
529 4126 602 4170 cum
627 4102 726 4168 saluti
752 4125 808 4169 sue
831 4103 1009 4168 remedium
1032 4100 1122 4165 aliud
1138 4122 1203 4165 non

77 4210 208 4292 videret,
225 4233 285 4296 pei·
301 4219 416 4297 gentes
441 4213 528 4278 dicte
545 4211 725 4278 obsidionis
741 4211 775 4275 in
791 4211 940 4295 passibus
957 4210 1139 4293 deputatas,
1155 4209 1202 4273 in·

77 4322 238 4402 terceptus
264 4322 373 4386 extitit
398 4343 470 4386 cum
496 4321 593 4386 dictis
619 4319 719 4399 sotiis,
735 4318 843 4385 tribus
859 4319 979 4384 ictibus
995 4319 1202 4396 vulneratus3

79 4431 108 4491 et
123 4425 289 4494 detinetur
305 4429 455 4514 captiuus
471 4449 528 4511 per
545 4435 691 4494 nostrum
709 4426 905 4495 Generalem
922 4426 1136 4512 Capitaneum
1152 4447 1202 4492 su·
