3110 5248
382 393 444 453 946
735 403 969 454 nrrnonnczrm
986 392 1155 452 snntsns.

380 574 431 634 set
446 568 657 652 tangendum,
673 567 724 632 vel
740 567 767 632 si
783 572 966 650 tangerent,
983 564 1069 650 quod
1082 563 1229 630 dominus
1239 563 1312 630 Rex
1329 564 1432 630 nollet
1447 563 1490 630 un

379 673 465 753 fere,
489 675 617 758 possint
642 673 722 740 dicti
748 672 988 740 Ambaxatores
1013 672 1160 756 videndo,
1185 673 1270 756 quod
1295 672 1425 757 pessiut
1441 693 1499 737 csse

380 781 556 848 concordes
573 782 613 848 de
628 781 705 848 aliis
720 782 766 848 eis
782 782 973 862 commissis,
998 781 1115 862 dicere,
1132 779 1219 866 quod
1236 780 1432 846 Dominium
1446 777 1499 848 Vc-

380 890 542 956 netiarum
565 909 600 954 se
625 891 658 954 iu
683 888 745 954 hoo
769 886 859 956 iacto
875 907 940 954 uon
955 887 1200 970 iutrommictet,
1216 877 1500 954 dummodo'laciat

379 1017 473 1063 suum
489 997 665 1063 transitum
691 997 760 1061 siue
787 995 905 1061 damno
932 1001 1121 1062 nostrarum
1147 996 1294 1080 gentium
1310 1001 1344 1061 et
1359 995 1498 1061 locorum.

379 1102 477 1188 (Nem
493 1101 682 1187 fogadtatik
699 1102 754 1188 el).

487 1207 547 1276 Ca
556 1216 633 1294 pta
649 1232 656 1272 :
676 1208 859 1276 Procureut
873 1211 979 1276 nostri
988 1205 1229 1278 Ambaxatores
1239 1216 1273 1276 et
1281 1207 1409 1276 faciant
1417 1229 1500 1292 posse

379 1338 471 1383 suum
498 1317 538 1384 de
564 1317 760 1384 includendo
786 1314 934 1383 Comites
959 1316 1166 1384 Maledinum
1191 1323 1224 1384 et
1242 1315 1367 1382 fratres
1382 1315 1416 1380 in
1431 1335 1499 1400 pace

378 1445 437 1508 per
452 1425 583 1491 modum
599 1426 682 1492 alias
697 1425 814 1492 ultimo
829 1424 1027 1508 ordinatum,
1042 1425 1195 1492 videlicet
1209 1446 1282 1490 oum
1298 1425 1402 1490 terris
1417 1431 1449 1490 et
1461 1423 1498 1489 lo

378 1531 424 1597 cis
442 1553 562 1598 eorum
579 1531 705 1600 Verum
730 1533 809 1618 quia
836 1533 984 1600 dominus
1009 1531 1084 1600 Rex
1108 1533 1192 1599 alias
1217 1553 1315 1615 super
1331 1531 1395 1598 hoc
1410 1530 1499 1596 durus

378 1639 559 1724 videbatur,
576 1647 608 1706 et
623 1640 817 1707 conveniens
842 1641 886 1708 sit
910 1640 1010 1706 ctiam
1026 1661 1087 1724 pro
1103 1641 1224 1706 honore
1240 1645 1364 1723 nostro,
1379 1645 1417 1705 ut
1432 1637 1499 1704 dicti

380 1741 526 1812 Comites
543 1746 687 1814 habeant
712 1769 732 1812 a
757 1747 852 1812 uobis
878 1748 1028 1813 notitiam
1045 1747 1085 1812 de
1100 1748 1166 1812 ista
1181 1751 1294 1814 nostra
1310 1744 1499 1826 Ambaxute,

378 1859 410 1917 et
424 1853 599 1920 verisimile
625 1855 676 1936 sit,
701 1856 788 1940 quod
813 1861 990 1942 autequam
1007 1856 1110 1921 nostri
1126 1853 1377 1921 Ambaxatores
1393 1854 1498 1920 sintin

379 1965 500 2043 puncto
517 1960 668 2029 firmandi
694 1965 836 2047 negotia,
859 1964 1039 2048 poterimus
1055 1963 1137 2029 scire
1154 1963 1195 2028 de
1211 1962 1394 2028 intentione
1409 1962 1498 2027 dicto

382 2091 456 2132 rum
474 2067 637 2135 Comitum
654 2093 660 2133 :
677 2070 769 2136 vadit
784 2092 869 2155 pars,
895 2071 983 2156 quod
1010 2071 1123 2137 statim
1139 2071 1303 2158 scribatur
1319 2069 1436 2136 Comiti
1451 2089 1498 2134 no

379 2181 448 2241 stru
474 2175 602 2260 Spoleti
631 2183 663 2243 ct
689 2175 850 2263 Sybenici,
876 2180 964 2264 quod
990 2201 1072 2245 unus
1100 2199 1223 2262 eorum,
1238 2179 1295 2263 qui
1311 2178 1498 2245 commodius

380 2304 450 2350 esse
466 2287 598 2369 poterit,
614 2287 671 2353 det
686 2309 818 2371 operam
834 2289 999 2373 perillum
1011 2289 1151 2370 modum,
1168 2290 1224 2372 qui
1240 2290 1302 2357 sibi
1318 2289 1497 2355 conveniens

377 2391 550 2474 videbitur,
566 2392 606 2458 de
624 2395 760 2460 essendo
778 2416 850 2460 cum
877 2395 1005 2462 Comite
1030 2385 1215 2477 Malediuo,
1230 2396 1427 2478 notificando
1442 2396 1495 2461 sibi

378 2521 437 2581 pro
452 2507 548 2582 parte
564 2509 677 2568 nostra
694 2501 735 2567 de
751 2503 816 2568 ista
832 2501 1034 2587 Ambaxata,
1060 2525 1159 2589 quam
1174 2505 1334 2571 mittimus
1350 2504 1392 2569 ad
1407 2503 1497 2568 domi-

381 2629 458 2672 nnm
474 2607 599 2692 Regem
615 2631 675 2694 pro
692 2609 815 2676 honore
840 2619 953 2678 nostro
969 2619 1003 2678 et
1018 2611 1103 2678 bono
1120 2616 1209 2678 statu
1225 2609 1387 2677 dictorum
1402 2609 1496 2677 Comi-

378 2721 447 2779 tum
464 2722 498 2780 et
513 2723 692 2783 ceterorum
709 2723 896 2785 nostrorum
911 2717 1056 2784 fidelium
1072 2725 1105 2784 et
1121 2717 1331 2799 devotorum,
1355 2725 1389 2784 et
1403 2717 1496 2802 iuqui-

377 2826 432 2886 rat
449 2828 481 2887 et
496 2822 610 2890 trahat
626 2825 732 2891 dictus
748 2831 861 2892 noster
878 2823 1004 2906 Comes,
1030 2831 1188 2910 qnantum
1204 2827 1335 2910 poterit,
1352 2826 1393 2891 de
1407 2827 1495 2890 inteu-

378 2929 467 2995 tione
483 2931 643 2997 dictorum
671 2928 835 2999 Comitum
861 2941 895 2999 et
920 2935 960 3001 de
976 2935 1192 3020 dispositione
1209 2955 1269 3000 sua
1283 2934 1319 2999 iu
1333 2932 1418 3000 facto
1431 2951 1496 3016 pre-

379 3035 476 3120 dicto,
493 3038 656 3106 hortando
680 3041 803 3107 dictum
829 3041 989 3109 Comitem
1004 3039 1211 3109 Maladinum
1227 3047 1262 3108 et
1276 3040 1404 3120 fratres,
1418 3038 1494 3122 quod

378 3144 488 3210 statim
504 3145 638 3211 mittant
654 3145 698 3211 ad
712 3168 771 3212 nos
796 3168 907 3213 eurum
932 3149 1083 3214 nuntium
1099 3147 1299 3214 sufficienter
1315 3152 1349 3213 et
1363 3145 1494 3232 plenarie

378 3250 592 3317 informatum
618 3273 716 3336 super
741 3253 916 3338 predictis;
940 3261 973 3320 et
988 3255 1150 3321 rescribet
1174 3255 1270 3322 uobis
1290 3255 1439 3321 velociter
1452 3251 1492 3316 di-
1553 3293 1554 3296 =

381 3362 451 3424 ctus
475 3365 586 3425 noster
612 3356 729 3426 Comes
755 3361 800 3444 id,
825 3361 912 3445 quod
937 3361 1089 3428 habuerit
1113 3363 1148 3427 in
1164 3361 1333 3446 predictis,
1349 3360 1494 3426 ethabite

376 3464 494 3531 notitia
519 3467 758 3550 premissorum,
783 3469 962 3552 poterimus
988 3469 1077 3536 clare
1103 3469 1275 3536 informari
1304 3470 1344 3536 de
1368 3469 1413 3549 iis,
1436 3483 1490 3550 que
1551 3455 1553 3460 ’

378 3574 578 3640 committere
594 3575 786 3643 habebimus
795 3573 1079 3643 Ambaxataribus
1096 3578 1225 3660 uostris,
1241 3578 1271 3643 si
1286 3576 1361 3643 Rex
1375 3577 1490 3642 omnino
1552 3621 1553 3626 η

377 3677 487 3764 nollet,
502 3681 591 3764 quod
616 3681 695 3748 dicti
713 3683 861 3750 Comites
887 3683 1135 3751 includerentur
1149 3687 1182 3750 in
1199 3705 1281 3769 pace
1301 3707 1360 3770 per
1375 3685 1490 3751 modum

376 3786 567 3869 predictum.

484 3891 593 3978 Capta
609 3920 615 3961 :
632 3897 728 3962 Item.
743 3898 906 3966 scribatur
931 3901 1051 3966 uostris
1078 3899 1261 3968 Comitibus
1292 3909 1327 3991 et
1356 3901 1490 3970 fidelibus

376 3997 552 4081 Sclavenie,
567 4000 716 4070 videlicet
733 4003 872 4089 Spoleti,
897 4006 1061 4093 Tragurii,
1087 4007 1231 4076 Sibenici
1248 4016 1283 4077 et
1298 4009 1401 4090 Nous,
1424 4006 1491 4074 noti·

376 4105 504 4175 licando
521 4111 569 4175 eis
586 4108 627 4176 de
643 4113 709 4178 ista
725 4120 838 4180 nostra
863 4113 1065 4196 Ambaxata,
1082 4137 1181 4201 quam
1196 4118 1361 4184 mictimus
1377 4139 1432 4202 pro
1445 4117 1490 4181 ho·

376 4233 456 4277 nore
481 4226 592 4285 nostro
617 4227 649 4284 et
676 4225 920 4289 conservatione
945 4246 984 4290 ac
1011 4230 1100 4291 statu
1126 4227 1264 4308 pacifico
1281 4234 1315 4292 et
1330 4223 1489 4310 tranquillo

376 4319 536 4388 dictorum
552 4332 737 4394 nostrorum
750 4329 906 4398 fidelium.

484 4427 592 4514 Capta
608 4460 614 4500 :
631 4433 728 4518 Quod
752 4440 857 4505 nostri
882 4437 1129 4508 Ambaxatores
1155 4443 1190 4507 in
1214 4441 1304 4522 bona
1329 4444 1488 4528 gratian·

377 4531 458 4599 daut
474 4536 517 4601 ad
533 4539 697 4606 dominum
715 4544 839 4627 Regem
856 4547 1011 4633 Vngarie,
1021 4549 1175 4616 videlicet
1192 4552 1226 4615 in
1242 4551 1435 4619 Badoeriam
1448 4545 1487 4610 vel
