3110 5248
568 327 663 404 1318.

2 497 4 612 ἶ
68 511 163 596 finire;
186 511 372 598 specialiter
397 513 440 580 ad
470 514 612 582 eundum
643 515 685 581 ad
717 511 966 582 serenissimum
993 515 1182 602 Principem

2 629 3 680 3
67 621 217 686 dominum
229 621 419 707 Lodoycum
429 621 494 687 Dei
509 622 618 706 gratia
628 621 789 688 illustrem
798 621 982 708 Hungarie,
993 621 1181 690 Jerusalem

66 749 95 793 es
108 727 210 796 Sicilie
225 727 361 814 Regem,
377 729 468 795 etad
485 727 740 796 conveniendum
755 752 829 796 oum
843 732 915 815 ipso
937 731 1066 797 domino
1093 731 1185 814 Rege

2 839 3 904 ἶ
67 857 116 900 seu
131 835 323 919 deputandis
346 836 390 902 ad
424 859 471 920 ec,
496 836 597 904 etad
628 837 847 920 tractandum,
881 838 1075 922 iaciendum,
1099 859 1186 906 com·

2 946 3 952 ’
64 943 203 1026 piendum
217 949 251 1009 et
273 942 471 1010 firmandum
492 943 652 1028 legittime
667 965 790 1028 pacem,
805 952 913 1029 pacta,
928 945 1186 1030 compositiones,

64 1049 298 1132 declarationes,
313 1053 553 1132 conventiones,
568 1051 786 1136 concordiam,
802 1058 834 1118 et
850 1054 1105 1121 transactionem
1117 1074 1179 1136 pro

2 3557 4 3630 l

2 1137 3 1162 ¹
63 1155 124 1238 ipso
139 1157 267 1223 domino
283 1155 378 1224 Duce
394 1165 428 1224 et
438 1157 611 1225 Communi
620 1158 883 1228 Venecierumet
893 1181 1006 1226 eorum
1023 1181 1182 1227 successo-

2 1275 3 1304 1
63 1262 141 1330 ribus
154 1271 322 1350 perpetuo,
338 1272 372 1330 et
387 1287 449 1350 pro
465 1267 534 1333 suis
550 1265 772 1350 complicibus,
783 1267 933 1350 subditis,
949 1267 1182 1335 adherentibus

62 1371 240 1452 sequacibus
256 1379 290 1438 11
307 1373 420 1439 amicis
437 1373 477 1439 de
493 1371 643 1440 omnibus
659 1381 692 1440 11
717 1372 854 1457 singulis
880 1373 1002 1455 litibus,
1032 1375 1183 1460 querelis,

61 1479 270 1562 petitionibus,
285 1480 528 1562 controversiis,
544 1481 782 1565 questionibus,
799 1480 973 1576 discordiis
990 1489 1023 1547 11
1033 1481 1183 1548 differen-

61 1587 116 1668 tiis,
131 1587 256 1654 damnis
274 1593 308 1652 et
324 1587 557 1656 offensionibus
573 1589 830 1672 quibuscumque
846 1587 922 1654 hinc
938 1588 1015 1658 inde
1030 1589 1133 1656 illatis
1149 1596 1182 1655 ct

62 1691 154 1780 lactis,
169 1693 317 1760 realibus
334 1701 367 1760 et
376 1694 606 1779 personalibus
616 1702 649 1762 et
665 1696 780 1780 mistis,
789 1696 993 1781 ubicumque,
1004 1697 1181 1781 quomodo

62 1820 196 1885 cumque,
212 1799 496 1886 qualitercumque
512 1823 571 1885 per
587 1823 808 1888 quoscumque
823 1802 917 1868 illata
927 1811 960 1869 et
969 1803 1059 1872 lacta
1069 1806 1183 1874 111111-

62 1909 126 1988 rint,
141 1916 173 1976 et
187 1929 395 1994 quocumque
421 1915 586 1993 tempore;
612 1917 647 1974 11
672 1908 716 1976 ad
730 1908 916 1976 faciendum
941 1911 976 1976 in
991 1918 1025 1977 et
1039 1933 1099 1996 pro
1113 1933 1185 1998 pre-

60 2014 145 2081 dictis
161 2023 194 2082 11
210 2015 361 2099 quolibet
377 2017 601 2101 predictorum
617 2039 744 2084 omnem
760 2017 1018 2101 promissionem,
1043 2022 1185 2084 remissi-

61 2145 152 2205 onem,
166 2123 275 2206 finem,
293 2125 509 2207 quitationem
527 2131 561 2190 et
575 2123 816 2204 liberationem,
841 2143 904 2206 que
930 2125 977 2190 eis
993 2125 1044 2192 vel
1069 2147 1182 2192 corum

59 2231 146 2297 alteri
160 2230 377 2312 uidebuntur,
393 2237 427 2296 et
443 2230 486 2296 ad
512 2231 727 2316 obligandum
753 2231 861 2314 ipsum
876 2230 1042 2298 dominum
1057 2232 1183 2300 Ducem

61 2345 89 2405 et
103 2338 281 2404 Commune
297 2335 518 2406 Veneciarum
532 2343 567 2403 et
583 2359 657 2403 suos
674 2357 875 2404 successores
900 2345 933 2404 et
958 2359 1070 2405 eorum
1094 2340 1180 2407 bona

58 2467 110 2530 pro
127 2445 346 2530 adimplendis
372 2452 406 2511 et
431 2445 598 2512 servandis
627 2445 776 2511 omnibus
802 2454 835 2511 et
859 2445 1003 2530 singulis,
1020 2468 1082 2530 que
1099 2447 1183 2515 dicti

59 2554 163 2620 sindici
178 2551 232 2619 vel
247 2550 333 2618 alter
348 2573 462 2618 eorum
476 2553 688 2636 promiserint
702 2544 886 2619 et'fcoerint
901 2554 935 2619 in
950 2559 983 2619 et
999 2553 1038 2620 de
1054 2554 1182 2639 predic-

2 2660 8 2740 Γ
58 2661 94 2726 tis
109 2668 141 2727 et
156 2659 307 2745 quolibet
322 2659 546 2742 predictorum
569 2681 642 2725 cum
658 2658 806 2725 omnibus
822 2667 855 2726 et
880 2661 1016 2746 siugulis
1032 2662 1181 2728 solemni·

58 2768 178 2849 tatibus,
198 2765 478 2851 stipulationibus,
494 2766 762 2850 obligationibus,
777 2767 1185 2851 renunciatiouibus,iura-

58 2877 176 2957 nentis,
194 2897 356 2959 penarum
371 2874 609 2941 adiectionibus
625 2881 659 2941 et
674 2876 749 2942 aliis
760 2874 915 2942 clausulis
925 2875 1181 2960 quibuscumque

57 2983 214 3048 consuetis
245 2982 297 3048 vel
321 2983 528 3066 opportunis,
554 2990 588 3048 et
603 2982 647 3048 ad
662 2983 883 3066 recipiendum
908 2983 1034 3049 adicto
1051 2982 1183 3049 domiuo

58 3087 141 3173 Rege
159 3112 218 3157 seu
234 3090 424 3156 constitutis
439 3091 491 3156 uel
506 3089 742 3156 constituendis
759 3087 802 3153 ab
828 3108 866 3154 eo
882 3110 943 3172 pro
967 3090 1039 3173 ipso
1054 3089 1184 3156 domino

57 3195 140 3283 Rege
156 3205 191 3263 11
207 3217 374 3264 successor
381 3197 455 3264 ibus
473 3198 542 3262 suis
558 3197 591 3261 in
607 3203 803 3280 perpetuum
813 3201 943 3261 nomine
953 3196 1182 3264 transactionis

57 3306 102 3371 iel
116 3327 323 3392 quocumque
340 3305 405 3372 alio
422 3305 551 3371 nomine
567 3303 662 3370 datus
686 3305 889 3384 traditiones
915 3306 1084 3387 cessiones,
1109 3326 1183 3372 oon·

58 3416 221 3497 cessiones,
238 3413 484 3498 promissiones,
498 3411 588 3494 fines,
605 3412 797 3494 quitatione,
809 3411 1030 3493 liberationes,
1041 3414 1183 3480 remissi·

58 3543 127 3588 ones
142 3529 177 3588 et
193 3522 412 3606 obligationes
438 3540 658 3603 quascumque
684 3540 783 3602 super
808 3519 956 3586 omnibus
984 3525 1017 3586 11
1042 3518 1181 3602 singulis

57 3629 278 3696 antedictiset
294 3628 448 3695 connexis
464 3634 497 3692 et
512 3626 773 3710 dependentibus
789 3626 831 3692 ab
850 3627 971 3694 eisdem
986 3633 1021 3693 et
1036 3627 1184 3711 quolibet

2 3743 3 3814 Γ
58 3739 249 3818 eorumdem,
265 3759 339 3803 cum
354 3735 503 3803 omnibus
529 3743 563 3800 et
586 3735 721 3817 singulis
738 3733 1005 3819 solemnitatibus,
1022 3733 1185 3818 stipulati·

2 3859 3 3920 l
58 3847 174 3928 onibus,
191 3845 458 3931 obligationibus,
474 3844 780 3936 renunciatiouibus,
805 3845 1006 3928 iuramentis,
1021 3856 1182 3928 penarum

59 3955 302 4036 adiectionibus,
317 3953 586 4040 promissionibus
603 3957 635 4018 et
651 3953 725 4018 allis
737 3965 738 3970 ’
750 3953 906 4020 clausulis
924 3951 1182 4036 quibuscumque

2 4095 4 4112 1
58 4067 215 4131 consuetis
230 4065 282 4129 vel
297 4063 506 4148 opportunis,
523 4068 556 4126 11
573 4059 616 4126 ad
631 4057 960 4144 compromittentium
976 4064 1010 4128 et
1035 4078 1182 4142 compro·

2 4200 3 4222 1
57 4173 185 4239 missum
199 4169 384 4238 laciendum
401 4169 500 4236 semel
516 4175 550 4235 et
560 4167 682 4252 pluries
698 4167 738 4234 de
755 4174 789 4232 et
805 4189 901 4250 super
910 4165 1068 4250 predictis
1079 4167 1180 4231 omni·

2 4232 4 4325 l
58 4277 114 4346 bus
129 4287 162 4346 et
178 4281 327 4364 ipsorum
342 4277 489 4364 quolibet
504 4283 539 4341 11
554 4275 692 4360 singulis
710 4275 906 4357 eorumdem,
923 4279 957 4342 et
973 4273 1184 4357 dependenti·

58 4387 113 4455 bus
128 4395 162 4457 et
177 4389 307 4456 conexis
337 4387 378 4455 ab
395 4386 517 4454 eisdem
532 4391 564 4452 et
581 4403 692 4451 eorum
709 4383 855 4469 quolibet
870 4405 941 4448 cum
965 4384 1037 4468 ipso
1053 4381 1184 4449 domino

59 4495 146 4582 Rege
163 4518 219 4563 seu
236 4495 432 4582 deputandis
448 4494 490 4560 ab
508 4514 545 4560 eo
562 4515 621 4579 pro
638 4515 671 4559 se
688 4499 724 4559 11
739 4491 982 4560 successoribus
994 4491 1060 4559 suis
1071 4491 1185 4574 inper-

2 4627 4 4688 1
99 4635 161 4672 isos.
177 4634 344 4673 uusu.n1sr.
360 4641 404 4656 -·-
419 4633 489 4670 scri
505 4632 610 4669 nxr.11.
1036 4603 1076 4668 18

2 4703 3 4732 l
