3254 5260
605 273 696 336 1343.
1173 275 1214 336 23

117 465 152 530 rel
165 487 216 550 pro
230 488 266 531 ea
282 473 384 550 parte,
400 488 467 551 qua
483 468 567 534 soret
582 470 831 535 contrafactum.
849 467 1038 550 maforte,
1055 469 1142 536 sacto
1156 491 1215 553 per

118 577 251 656 ipsassuo
265 594 356 657 posse
390 574 430 640 de
461 575 637 642 obtinendo
662 575 813 660 predicta
838 575 886 640 vel
903 575 1038 658 aliquod
1055 577 1217 658 predicto-

120 700 186 762 rum,
198 683 251 764 ipsi
266 683 410 747 obtinere
427 703 492 747 non
508 689 648 767 possent,
664 683 809 748 volumus
820 689 974 764 attamen,
990 682 1077 766 quod
1094 682 1217 748 dietam

122 810 213 871 pacem
226 789 346 855 firmare
363 789 503 855 debeant
519 790 693 857 secuudum
709 790 849 870 modum,
866 811 959 873 quem
971 791 1065 856 nobis
1081 792 1217 874 scripse-

124 903 192 976 runt,
204 901 231 961 et
245 895 323 978 quod
339 903 517 980 propterea
542 898 735 962 mandamus
752 900 808 976 eis,
825 903 986 980 quatenus
1001 899 1035 962 in
1051 897 1137 962 bona
1153 896 1218 962 lor·

126 1009 190 1066 tuna
203 1001 306 1068 dictam
322 1025 436 1087 pacem
451 1004 581 1070 firmare
598 1003 740 1069 debeant
756 1025 829 1068 cum
846 1003 912 1068 illis
932 1003 1080 1068 omnibus
1096 1005 1217 1070 cautel-

126 1109 168 1186 lis,
181 1131 229 1191 que
243 1109 352 1174 luerint
377 1118 569 1194 opportune,
593 1109 786 1176 adhibentes
812 1110 931 1175 bonam
958 1131 1078 1194 curam,
1094 1118 1127 1178 et
1143 1133 1214 1176 cum

128 1218 197 1280 omui
221 1216 375 1300 diligentia
406 1225 627 1301 procurantes,
657 1219 760 1301 quod.
777 1218 959 1303 depositum
977 1225 1010 1283 et
1025 1218 1093 1285 alia
1109 1219 1218 1286 omnia

127 1322 198 1404 fiant,
222 1345 275 1407 qne
297 1325 503 1390 continentur
519 1327 552 1389 in
579 1345 675 1409 paee,
691 1325 734 1389 ad
750 1325 811 1390 hoc
827 1333 864 1390 ut
879 1345 1102 1391 remaneamus
1134 1327 1218 1392 bene

128 1429 211 1495 securi
224 1431 257 1494 de
270 1451 345 1512 pace
361 1430 518 1514 predicte.
538 1433 584 1496 m
600 1430 687 1513 quod
703 1432 780 1514 quia
805 1439 915 1495 nostre
939 1431 1129 1496 intentionis
1157 1439 1215 1509 est,

128 1534 196 1616 quod
209 1535 375 1620 depositum
400 1539 609 1620 integraliter
634 1538 703 1618 fiat,
727 1544 764 1602 ut
779 1537 888 1616 debet,
912 1545 944 1602 et
961 1537 1145 1602 emendatio
1162 1559 1217 1602 no·

127 1647 241 1707 stromm
254 1643 391 1710 fidelium
412 1645 452 1710 de
470 1643 662 1726 Scibenico,
688 1650 722 1708 et
753 1645 828 1723 alia,
844 1667 906 1728 que
922 1643 1044 1710 luerint
1058 1644 1218 1725 iacienda,

126 1753 153 1811 et
165 1756 295 1830 poterunt
308 1751 380 1816 fieri
406 1759 482 1815 ante
506 1773 667 1816 recessum
678 1773 788 1817 suum:
805 1750 960 1834 volumus,
976 1757 1009 1816 et
1024 1753 1070 1816 sic
1086 1750 1217 1816 mauda-

125 1876 182 1920 mus
196 1857 241 1936 eis,
255 1858 337 1940 quod
353 1859 428 1924 iude
443 1880 507 1923 uon
525 1857 665 1923 debeant
689 1857 856 1924 discedere
872 1859 941 1922 sine
956 1865 1068 1925 nostro
1085 1859 1218 1942 speciali

124 1965 258 2030 mandato.
273 1968 316 2032 Et
329 1968 503 2042 mittantur
519 1966 615 2032 dictis
631 1967 750 2032 nostris
766 1968 988 2051 provisoribus
998 1967 1109 2033 littere
1125 1987 1219 2051 aper·

122 2075 155 2152 te,
168 2069 266 2137 dantes
280 2074 325 2138 eis
343 2073 485 2157 bayliam
502 2080 536 2137 et
559 2073 696 2139 liberam
712 2080 906 2158 potestatem
921 2073 1073 2140 firmandi
1098 2074 1219 2140 dictam

120 2197 220 2258 pacem,
234 2185 265 2242 et
278 2201 335 2262 pro
352 2179 579 2245 observatione
610 2181 713 2263 ipsius
744 2180 921 2264 recipiendi
948 2181 1128 2264 quamlibet
1143 2203 1218 2266 pro·

119 2283 278 2350 missionem
301 2293 336 2352 et
362 2288 567 2352 securitatem
592 2295 820 2371 opportunam,
845 2294 878 2352 et
894 2289 1106 2371 promittendi
1121 2289 1219 2355 alteri

119 2392 193 2471 parti
207 2393 443 2460 observantiam
459 2394 546 2460 dicte
562 2395 663 2479 pacis,
678 2401 712 2460 et
738 2395 804 2460 alia
819 2395 965 2478 quelibet
991 2394 1141 2478 faciendi,
1156 2417 1219 2479 que

119 2502 343 2582 quoquomodo
375 2501 499 2568 luerint
529 2510 721 2586 opportuna.
745 2504 792 2569 Et
822 2503 899 2586 quia
929 2503 1051 2568 bonum
1076 2509 1125 2568 est
1140 2502 1220 2566 dare

117 2605 203 2671 eidem
218 2606 333 2674 comiti
349 2607 500 2693 Nelipcio
518 2631 643 2676 omnem
660 2611 778 2677 bonam
804 2629 946 2692 causam,
965 2610 1051 2692 quod
1067 2610 1134 2692 ipse
1150 2629 1221 2692 pcr-

117 2721 199 2795 petno
213 2715 252 2779 sit
266 2717 433 2782 benivolus
449 2724 483 2782 et
492 2725 619 2782 amator
628 2717 722 2782 buius
732 2715 896 2796 Domiuii;
912 2717 1111 2783 rescribatur
1127 2715 1222 2780 dictis

116 2822 321 2902 provisoribus,
338 2809 425 2906 quod
442 2825 504 2907 ipsi
520 2825 714 2908 promittant
730 2823 844 2906 eidem,
860 2823 956 2906 quod,
967 2824 1078 2888 statim
1093 2823 1222 2888 firmata

115 2947 183 3010 pace
198 2949 266 2992 cnm
281 2931 363 3013 ipso,
380 2930 486 2995 dictus
503 2927 619 2996 Comes
635 2929 806 3014 Nelipcius
822 2937 856 2994 et
872 2951 949 2994 suus
965 2929 1051 2994 filius
1066 2930 1222 3012 recipien-

113 3037 199 3100 turin
214 3039 297 3103 cives
312 3035 530 3114 Veneciarum
563 3039 737 3104 secundum
754 3060 846 3103 suam
862 3038 1115 3121 promissionem,
1125 3058 1223 3120 quam

112 3143 179 3207 dicti
192 3145 370 3226 provisores
387 3145 534 3210 iecerunt
550 3145 662 3210 eidem.
693 3145 739 3210 m
757 3145 834 3228 quia
850 3146 1007 3209 terminus
1024 3143 1222 3209 soldatorum

113 3250 254 3335 peditum,
269 3253 326 3336 qui
344 3259 419 3318 sunt
449 3253 504 3334 ibi,
535 3252 677 3334 complet
693 3250 734 3316 ad
751 3251 837 3317 diem
854 3249 954 3341 XVI.
979 3251 1073 3316 huius
1099 3251 1232 3333 mensis,

110 3359 258 3424 scribatur
282 3359 380 3425 dictis
410 3358 641 3442 provisoribus,
671 3358 759 3441 quod
790 3357 894 3423 dictos
911 3358 1057 3424 soldatos
1082 3363 1224 3439 teneant,

111 3465 248 3532 solvendo
264 3467 311 3532 eis
327 3488 387 3550 per
411 3465 496 3530 diem
522 3473 556 3530 et
588 3465 702 3529 horam
719 3465 759 3530 de
776 3470 933 3548 tempore,
950 3487 1015 3549 quo
1031 3468 1120 3550 ipsos
1137 3472 1225 3530 tene·

111 3570 196 3652 bunt,
210 3579 243 3638 et
257 3581 411 3658 percepto
428 3595 448 3637 a
463 3571 694 3656 provisoribus,
710 3571 797 3655 quod
814 3593 878 3655 pax
895 3573 996 3637 fuerit
1017 3573 1227 3655 integraliter

112 3680 297 3763 confirmata,
313 3679 540 3764 providebitur
556 3678 760 3762 postmodum
777 3677 817 3742 de
833 3677 931 3743 dictis
942 3678 1078 3744 soldatis
1095 3686 1130 3744 et
1145 3679 1229 3744 aliis

112 3793 197 3868 prout
219 3787 381 3853 videbitur
406 3787 584 3852 convenire.
604 3785 742 3869 Insuper
762 3784 960 3850 concedatur
977 3787 1042 3851 illis
1059 3787 1098 3852 de
1116 3785 1226 3853 Sciba-

50 3960 55 3969 ,
113 3891 173 3956 nico
192 3893 365 3959 secundum
382 3894 529 3959 litteram
545 3893 757 3976 provisurum,
774 3915 846 3958 cum
863 3890 903 3957 de
919 3893 1040 3959 hocilli
1056 3893 1096 3958 de
1114 3893 1227 3959 Sciba-

115 3999 176 4064 nico
198 4001 368 4068 videantur
395 4023 465 4068 esse
491 4002 645 4078 contenti,
656 3999 743 4084 quod
769 4001 802 4064 in
821 4022 907 4084 casu,
922 4024 986 4085 quo
1004 4001 1147 4066 Comites
1161 3999 1228 4064 Ba-

116 4104 190 4169 nicbi
213 4129 275 4172 non
300 4116 436 4191 possent
454 4109 576 4174 babere
592 4108 690 4172 aliam
709 4108 884 4190 plenariam
903 4129 963 4190 pro
980 4107 1089 4172 dando
1106 4107 1228 4172 Comiti

119 4207 262 4296 Nelipcic,
287 4213 372 4296 quod
399 4215 462 4297 ipsi
481 4216 604 4298 possint
624 4214 732 4280 lacere
749 4216 925 4298 plenariam
942 4237 1001 4298 pro
1018 4215 1096 4298 ipsis
1113 4213 1154 4279 de
1168 4213 1228 4280 lib·

120 4317 156 4380 ris
169 4317 201 4382 X
215 4319 307 4400 mille,
325 4321 501 4386 secundum
521 4323 611 4404 quod
628 4324 812 4387 continetur
831 4324 863 4386 ln
879 4344 968 4405 pace.

208 4448 241 4506 (A
251 4449 357 4498 »Muti«
374 4449 465 4498 eximii
479 4448 617 4500 velenezei
628 4449 858 4513 allemkbnyvbttl
871 4449 948 4500 XXI.
959 4449 1028 4510 luit)

583 4591 744 4600 ..---.-
