3220 5262
392 375 455 434 608
757 385 991 432 nmrcnscmar
1010 375 1177 432 nunaunt.

392 565 463 610 curn
489 542 613 612 Vestro
637 545 791 640 Dominio
814 545 910 628 juxta
934 564 1027 609 suum
1053 549 1256 627 assumptum
1273 543 1306 608 in
1322 545 1409 626 pacis
1424 551 1503 607 tran·

392 650 556 735 quillitate
581 673 708 735 semper
732 649 873 716 intendit
897 671 1116 733 perseverare.
1148 648 1273 716 Datum
1288 651 1323 714 in
1338 647 1504 732 Vissegrad

391 757 529 824 sabbato
544 759 692 841 proximo
708 765 782 842 post
798 757 917 822 festum
934 755 1049 824 Sancti
1064 754 1235 826 Valentini
1250 757 1402 822 martiris.

438 865 471 930 N
473 864 594 932 icolans
612 863 888 948 Archiepiscopus
906 863 1142 949 strigoniensis

438 971 595 1036 Nicolaus
612 971 785 1038 Palatinus
800 969 910 1052 Regni
924 969 1034 1053 Hung.
1051 977 1111 1036 eto.

497 1118 534 1179 (Δ
549 1118 649 1184 »Copia
661 1117 694 1168 de
707 1117 949 1167 Commemoriali‹
964 1117 1056 1167 czimd
1068 1115 1207 1167 velenczei
1220 1116 1440 1180 dllsmlrdnyvbdl
1449 1117 1506 1166 VII.

392 1207 450 1271 not,
465 1209 486 1258 1.
500 1223 523 1257 r.
538 1211 598 1257 sos.
612 1209 642 1272 1.)

921 1530 996 1592 444.

393 1693 419 1753 I.
437 1692 539 1776 Lajcs
563 1711 706 1775 mappas·
726 1688 908 1775 kirdlpnak
925 1713 946 1754 a
972 1689 1100 1774 ciprani
1119 1690 1220 1770 erres,
1237 1693 1270 1755 es
1286 1715 1306 1754 a
1324 1689 1452 1776 ciprani
1465 1690 1507 1752 lsi-

750 1798 822 1883 rdly
837 1797 1050 1884 cancelldrja.
1069 1802 1164 1864 1364.

501 1957 624 2022 Forma
648 1955 836 2020 litterarum
861 1957 1095 2023 mittendarum
1111 1956 1254 2024 Domino
1270 1957 1356 2040 Regi
1372 1957 1509 2040 Ungarie
1563 1972 1568 1981 ·

393 2085 454 2149 pro
470 2069 564 2147 parte
590 2063 713 2129 domini
738 2062 990 2148 Archiepiscopi
1016 2062 1182 2132 Cretensis
1200 2072 1234 2130 et
1249 2064 1369 2131 domini
1385 2063 1510 2131 Cancel-

393 2171 468 2236 larii
484 2171 589 2251 Regis
604 2170 706 2255 Cipri.

500 2275 712 2346 Serenissime
729 2277 896 2362 Princeps.
914 2277 1002 2362 Quia
1017 2299 1096 2344 vera
1112 2285 1145 2343 et
1161 2279 1293 2362 publica
1309 2279 1398 2344 fama
1414 2285 1509 2358 sonat,

395 2384 480 2467 qnod
496 2384 705 2452 Excellencia
731 2384 855 2453 Vestra
879 2385 923 2450 ad
939 2387 1173 2452 exaltationem
1189 2385 1264 2451 fidei
1280 2384 1467 2452 Christiane
1481 2389 1509 2448 et

395 2493 621 2558 exterminium
638 2491 818 2558 infidelium
843 2491 1042 2577 singularem
1059 2493 1162 2558 zelum
1179 2501 1212 2559 et
1228 2493 1377 2559 affectum
1394 2513 1510 2576 semper

393 2600 512 2665 habuit
540 2608 640 2683 atque
666 2598 774 2678 habet,
801 2605 836 2664 et
860 2621 962 2684 quare
987 2598 1080 2664 nobis
1107 2607 1156 2665 est
1171 2605 1250 2665 uota
1264 2621 1339 2684 spes
1355 2607 1388 2665 et
1403 2598 1510 2665 fiducia

392 2707 554 2792 precipua,
571 2729 668 2790 quarn
684 2706 770 2789 gerit
787 2705 1018 2773 Serenissimus
1038 2706 1196 2773 Dominus
1212 2713 1323 2772 noster
1338 2709 1413 2773 Rex
1429 2705 1509 2790 inri

392 2818 426 2880 in
442 2815 619 2900 Majestate
635 2814 758 2884 Vestra
776 2815 862 2880 circa
878 2815 1041 2898 inceptum
1051 2836 1109 2899 per
1129 2837 1202 2880 cnm
1218 2814 1389 2898 negocium
1407 2813 1509 2880 Sancti

393 2923 544 3009 Passagij
563 2924 842 3008 prosequendum,
865 2925 938 2990 ideo
963 2946 1013 3006 ea,
1028 2945 1091 3007 que
1106 2924 1195 2989 circa
1210 2925 1317 3007 ipsum
1332 2923 1453 2990 lactum
1466 2943 1510 2986 us·

367 3039 371 3054 '
393 3053 455 3116 que
471 3053 556 3097 nuno
572 3038 794 3098 successerunt
810 3039 843 3097 et
860 3032 1036 3098 succedunt
1046 3031 1248 3112 feliciter,ad
1264 3032 1509 3098 conscissionem

392 3140 510 3208 Vestra
537 3138 937 3207 Oelsitndinis'vobiscum
963 3139 1034 3224 ejus
1059 3139 1129 3205 vice
1148 3141 1387 3205 communicare
1412 3140 1510 3204 decre

392 3247 512 3328 vimus;
535 3248 738 3326 denotantes,
765 3247 855 3330 quod
879 3268 951 3312 cum
977 3267 1036 3329 per
1061 3253 1137 3311 suas
1163 3245 1292 3312 litteras
1320 3252 1353 3312 et
1374 3245 1510 3312 Nuncios

392 3357 462 3438 ipse
477 3354 625 3420 dominus
642 3353 721 3436 Rex,
733 3354 827 3420 nobis
837 3353 1052 3420 existentibus
1067 3374 1127 3438 pro
1142 3375 1222 3438 pace
1238 3353 1437 3421 Lombardie
1448 3353 1510 3436 jam

393 3463 462 3547 ejus
477 3464 707 3530 intercessione
724 3463 863 3529 feliciter
880 3469 1113 3547 consummata,
1124 3464 1367 3546 significaverit,
1384 3485 1418 3528 se
1433 3461 1507 3526 futu·

391 3595 464 3640 rum
480 3571 631 3657 Venecijs
646 3595 705 3655 per
720 3577 825 3638 totum
842 3593 985 3638 mensem
996 3572 1133 3655 Aprilis,
1148 3572 1347 3638 transiturus
1369 3593 1441 3637 cum
1464 3588 1510 3634 no

392 3681 449 3747 bili
467 3681 617 3746 comitiva
633 3680 769 3746 duorum
780 3681 917 3745 millium
927 3679 1066 3745 militum
1077 3681 1256 3745 electorum
1266 3701 1328 3762 pro
1338 3675 1511 3744 nichcandc

392 3789 554 3873 passagio,
569 3788 654 3853 niter
670 3809 752 3872 quos
768 3795 846 3854 sunt
855 3785 973 3854 Comes
990 3787 1165 3870 Sabandie,
1181 3793 1216 3853 et
1231 3787 1325 3854 multi
1342 3787 1399 3871 alij
1417 3783 1511 3851 Nobi·

392 3899 439 3964 les
455 3903 488 3961 et
503 3895 696 3979 Magnetem
721 3917 844 3979 nosque
869 3897 913 3961 ad
936 3896 1137 3980 presenciam
1153 3894 1299 3961 Illustris
1316 3894 1438 3961 domini
1452 3893 1512 3958 Du·

392 4007 438 4072 cis
464 4013 496 4070 et
522 4002 709 4070 Communis
735 4005 952 4072 Veneciarum
968 4006 1176 4086 venissemus,
1201 4025 1261 4088 pro
1286 4007 1382 4086 parte
1398 3999 1513 4067 domini

392 4114 494 4198 Pape,
509 4113 631 4179 domini
648 4113 768 4197 Legati
784 4113 897 4196 Regis,
913 4119 947 4178 et
964 4112 1102 4179 Comitis
1117 4112 1340 4196 predictorum
1355 4110 1513 4176 instantis·
1589 4131 1590 4140 ¹

393 4224 471 4289 sime
487 4224 709 4306 deprecantes,
735 4222 822 4304 quod
848 4221 910 4286 sibi
937 4222 1081 4304 placeret
1106 4221 1286 4305 providere,
1303 4219 1391 4301 quod
1408 4221 1513 4299 gentes
1588 4233 1590 4300 {

392 4332 452 4396 iste
468 4331 608 4413 mavigia
625 4351 684 4414 pro
701 4351 812 4396 eorum
828 4329 973 4394 transitu
989 4328 1109 4394 habere
1125 4335 1259 4412 possent
1276 4329 1396 4391 nostris
1413 4343 1512 4405 sump
1588 4311 1590 4316 ¹

392 4438 479 4503 tibus
503 4445 535 4502 et
560 4437 727 4521 expensis3
745 4438 864 4521 prefati
891 4437 1038 4503 dominus
1064 4437 1141 4502 Dux
1157 4443 1191 4500 et
1217 4434 1406 4513 Commune,
1435 4432 1514 4495 velut
1589 4461 1590 4488 v

393 4544 512 4612 Sancte
529 4545 649 4612 Matris
670 4545 816 4611 Ecclesia
843 4545 1042 4611 devotissimi
1058 4544 1128 4629 filij,
1145 4543 1250 4626 etqui
1267 4563 1328 4625 pro
1345 4539 1513 4606 honoribus
