3134 5252
392 345 453 406 198
730 353 965 400 nrecosrsozmr
981 341 1149 398 amaran.

387 525 441 584 tur
457 520 491 582 in
506 515 628 582 Nostre
644 515 835 598 Majestatis
852 513 1017 597 presentia
1033 512 1229 578 constitutus
1241 511 1388 594 proximo
1400 509 1499 576 diebus

388 625 563 711 preteritis,
589 622 754 706 quandam
779 621 1050 706 protestationem
1076 639 1187 685 coram
1208 617 1316 698 nobis,
1336 623 1369 682 et
1383 616 1502 700 requisi·

389 732 508 800 sionem
525 731 602 798 lecit
618 733 652 795 in
668 729 799 814 scriptis
817 728 998 812 subscripto
1015 747 1075 812 per
1091 727 1200 792 omnia
1215 725 1321 791 seriei.

499 838 591 905 Sicut
616 838 709 904 decet
733 836 869 902 verbum
895 835 992 900 Beati
1011 834 1198 918 Fulgentij:
1219 834 1362 900 »Rerum
1378 834 1504 898 omniun

389 949 637 1014 fundamentum
661 945 742 1010 fides
768 951 849 1022 est«,
865 965 941 1007 nam
957 943 1044 1006 inter
1059 949 1110 1008 tot
1125 939 1238 1006 mundi
1253 940 1415 1025 procellas
1432 939 1504 1004 unde

389 1077 423 1122 se
438 1056 582 1120 humana
596 1053 760 1137 fragilitas
777 1051 968 1133 contineret,
985 1051 1013 1115 si
1030 1051 1150 1115 nostris
1168 1049 1294 1114 actibus
1310 1047 1399 1130 tides,
1415 1054 1445 1114 et
1459 1045 1502 1110 lir-

387 1163 484 1228 mitae
500 1184 564 1229 non
580 1159 735 1228 adesset?
751 1159 824 1224 Hee
834 1160 918 1224 inter
928 1160 1032 1224 socios
1042 1156 1205 1223 amicitias
1216 1157 1404 1240 seruat,hee
1414 1156 1502 1222 domi·
1565 1231 1566 1234 Ἴ

388 1275 439 1338 nis
455 1293 539 1355 pura
554 1271 743 1352 integritate
759 1267 948 1348 famulatur,
961 1272 994 1331 et
1003 1267 1158 1346 breuiter,
1168 1265 1431 1331 iucommutabilis
1440 1264 1503 1329 fidei
1566 1332 1567 1335 ,

390 1386 440 1446 ast
464 1401 566 1463 omne,
583 1380 670 1462 quod
695 1384 784 1443 recte
809 1378 943 1443 uiuitur.
968 1378 1014 1442 Et
1038 1383 1224 1461 propterea,
1250 1375 1460 1442 serenissima
1475 1381 1503 1440 at

390 1488 619 1555 Illustrissima
635 1489 779 1554 Domina
795 1509 878 1568 mea,
894 1507 1028 1553 acoesus
1044 1487 1146 1570 ipsius
1164 1485 1240 1550 fidei
1254 1485 1369 1569 zelum,
1386 1508 1445 1569 quo
1459 1507 1505 1549 uo-

389 1596 440 1662 bis
457 1603 580 1674 teneor,
596 1600 630 1659 et
643 1592 873 1660 illustrissimo
891 1593 1021 1658 domino
1039 1593 1159 1658 Carolo
1176 1594 1393 1676 primogenito
1408 1597 1505 1658 uestro

390 1704 475 1770 Duci
493 1702 656 1784 Calabria,
682 1724 722 1767 ac
746 1699 867 1766 Domui
893 1706 1000 1765 uestra
1025 1700 1138 1784 Regia,
1163 1701 1238 1784 Ego
1259 1699 1457 1766 Bertrandus
1472 1699 1504 1762 de

390 1811 524 1892 Baucis,
539 1809 664 1875 Montis
681 1807 821 1874 Oeneosi
837 1813 870 1873 et
886 1805 1014 1873 Andria
1040 1806 1167 1890 Comae,
1182 1809 1288 1874 Berre
1303 1808 1465 1884 Dominus,
1478 1813 1506 1871 ct

391 1917 498 2002 Regni
515 1917 627 1983 Sicilie
652 1916 813 1997 Magister
838 1914 1058 1999 Justitiarius,
1074 1921 1107 1981 et
1123 1916 1210 1980 circa
1226 1916 1406 1998 puniendos
1421 1914 1504 1979 male·
1565 1983 1566 1986 ,

391 2027 468 2091 ficos
485 2025 654 2106 occisores,
671 2045 764 2107 opem
781 2023 905 2103 dantes,
920 2022 1074 2104 conscios,
1090 2022 1280 2105 culpabiles,
1296 2031 1328 2087 et
1344 2024 1504 2100 ministros,

391 2135 448 2218 qui
462 2128 913 2228 proditionaliter'recolende
929 2130 1082 2195 memorie
1098 2131 1265 2196 dominum
1275 2128 1441 2197 Andream
1449 2130 1504 2196 aa

390 2264 463 2326 gem
479 2229 656 2320 Illustrem,
680 2239 848 2320 coniugem
874 2243 1024 2317 vestrum,
1040 2236 1083 2301 ad
1099 2237 1367 2305 immanissimam
1383 2245 1504 2304 mortem

391 2339 604 2429 deduxerunt,
620 2369 641 2412 a
657 2345 741 2412 Sede
766 2344 962 2428 Apostolioa
986 2344 1096 2412 Jndex
1112 2347 1299 2430 specialiter
1316 2346 1504 2414 1100111111-

392 2458 499 2524 sarius
516 2456 709 2539 deputatus,
732 2449 852 2520 Vestro
877 2451 1080 2518 Excellentie
1105 2455 1153 2520 sic
1178 2455 1366 2522 immaniter
1391 2456 1504 2534 offense,

394 2565 441 2629 sic
457 2563 633 2628 crudeliter
658 2560 780 2642 relicte,
806 2566 839 2624 et
864 2559 1044 2625 vindictam
1069 2561 1216 2628 debitam
1232 2584 1354 2630 summe
1370 2555 1503 2638 scitienti,

390 2677 489 2757 prout
504 2693 563 2754 per
579 2671 728 2736 diuersas
743 2667 902 2732 iussiones
928 2677 1054 2734 vestras
1081 2671 1185 2738 sacas
1204 2672 1246 2739 ad
1262 2673 1504 2757 persecutionem

391 2780 611 2846 maleficorum
628 2777 774 2860 ipsorum
789 2775 937 2858 apertius
963 2780 1113 2862 connoui,
1129 2782 1338 2863 presentibus
1353 2780 1457 2847 intimo
1471 2801 1503 2844 er

393 2889 495 2973 ipsius
511 2885 658 2972 preclare
675 2884 845 2949 fidelitatis
870 2881 981 2950 debito
1003 2887 1198 2971 costringor,
1213 2889 1301 2972 quod
1316 2893 1412 2974 prout
1427 2887 1504 2971 Apo-

392 2996 499 3062 stolioi
514 2995 622 3079 apices
640 2991 870 3058 commissionis
886 2991 972 3058 facte
987 2993 1068 3059 mihi
1084 3016 1181 3078 super
1196 2995 1269 3079 ipsa
1284 3019 1344 3080 per
1352 3019 1401 3062 me
1411 2996 1504 3062 fienda
1550 3029 1556 3040 ·

391 3104 602 3188 inquisitione
618 3101 799 3184 presentati
815 3098 905 3165 suere
922 3107 1109 3167 reuerentes
1135 3105 1392 3171 commissionem
1406 3105 1502 3188 ipsam

390 3217 523 3294 recepta
538 3209 681 3295 processi
696 3208 839 3274 fideliter
856 3209 899 3273 ad
914 3207 1158 3293 inquisitionem
1174 3213 1312 3278 eandem
1330 3214 1370 3280 de
1386 3211 1504 3280 consilio

334 3311 341 3321 ’
392 3317 616 3384 adhibitorum
640 3317 719 3384 mihi
743 3316 919 3400 proborum
944 3318 1096 3400 virorum,
1120 3320 1247 3405 Legum
1271 3322 1456 3404 Doctorum,
1477 3324 1504 3383 et

392 3427 527 3492 duorum
544 3425 663 3492 ciuium
687 3423 979 3507 Neapolitanorum
996 3424 1039 3490 ad
1054 3426 1089 3491 id
1106 3429 1295 3510 specialiter
1323 3431 1412 3496 iuxta
1426 3425 1504 3512 Ape

392 3534 524 3600 stolicas
539 3534 697 3601 iussiones
713 3555 771 3618 per
787 3555 837 3598 me
854 3533 964 3598 debite
975 3542 1224 3619 assumptorum,
1241 3545 1274 3602 et
1289 3538 1380 3605 facta
1395 3559 1448 3622 per
1462 3556 1503 3602 me

392 3642 604 3726 inquisitione
630 3641 786 3725 diligenti,
812 3649 844 3705 et
869 3640 1006 3707 solemni
1021 3663 1175 3726 processu
1202 3667 1260 3729 per
1287 3647 1504 3713 consessionem

394 3746 493 3814 Gaesi
510 3750 549 3815 de
565 3749 761 3830 Dinissiaco,
777 3747 853 3812 olim
870 3746 1009 3815 Comitis
1021 3751 1160 3834 Terlitii,
1170 3753 1310 3820 Roberti
1321 3757 1360 3822 de
1371 3752 1506 3828 Cabanis,

391 3855 470 3920 olim
497 3853 633 3922 Comitis
660 3856 760 3922 Ebuli
787 3861 819 3921 et
843 3857 959 3940 Magni
975 3857 1082 3942 Regni
1099 3858 1211 3926 Sicilie
1228 3859 1417 3948 Senescalli,
1432 3861 1505 3942 Ray·

393 3964 504 4030 mnndi
530 3964 569 4030 de
596 3962 758 4030 Cathania
783 3965 896 4030 militis
912 3963 1059 4050 Hospitii
1083 3965 1270 4052 senescalli,
1287 3979 1320 4036 et
1336 3969 1461 4036 Nicolai
1473 3966 1505 4031 de

394 4069 580 4138 Milaozano
603 4071 776 4152 Hostiarii,
802 4071 842 4137 de
866 4072 1014 4155 predicto
1040 4076 1160 4143 scelere
1185 4075 1444 4162 dampnatorum,
1472 4094 1504 4140 ac

393 4175 525 4244 Sanctia
543 4178 586 4245 de
603 4177 758 4259 Oabanis,
775 4179 852 4244 olim
868 4178 1042 4248 Comitisse
1061 4182 1239 4267 Murconis,
1255 4193 1287 4250 et
1304 4209 1344 4252 ex
1360 4182 1506 4251 nonnrdlis

392 4282 467 4348 aliis
484 4284 742 4368 probationibus,
753 4287 1058 4372 presumptionibus,
1068 4289 1196 4377 indiciJs
1206 4291 1379 4359 manifeste
1397 4288 1506 4374 liquide

392 4396 531 4473 constat,
556 4392 641 4456 inter
668 4393 749 4459 alios
775 4393 913 4476 predicti
939 4396 1069 4462 sceleris
1093 4405 1279 4482 patratores
1305 4400 1404 4466 fuisse
1420 4398 1506 4464 Caro

392 4497 460 4561 lum
476 4495 592 4580 Astus,
607 4497 814 4568 Bertandum
839 4505 910 4588 ejus
935 4502 1046 4584 filium,
1063 4502 1251 4576 Conradum
1267 4509 1307 4576 de
1323 4509 1505 4578 Cathenora
