3110 5248
585 385 679 446 1347.
1124 385 1184 444 251

71 561 209 628 videatur
235 563 274 628 de
301 563 383 628 locis
407 561 576 645 predictis,
600 581 665 626 non
691 559 934 625 transeuntibus
951 559 1047 624 dictis
1063 557 1187 624 Ambe·

69 669 226 735 xatoribns
241 669 333 736 ultra
348 670 413 738 duo
428 669 502 736 loca
516 667 674 753 predicte,
690 673 724 734 et
738 665 891 734 euntibus
907 687 966 752 per
981 687 1100 751 aquam
1116 664 1188 733 abs·

70 797 125 859 que
141 774 286 843 ducendo
303 798 422 861 equos3
446 783 480 842 et
494 775 553 841 liat
568 775 689 842 tercius
705 773 914 842 Ambexator
928 772 1000 840 loeo
1016 793 1068 840 ser
1083 775 1188 842 Justi-

1 883 2 886 ’
67 879 147 947 niani
162 883 362 966 Justiniano,
387 886 445 968 qui
471 882 651 967 acceptavit
676 879 945 966 Capitaneariam
964 879 1114 963 Vnionis,
1131 884 1188 964 qui

68 990 177 1055 tercius
191 990 316 1058 habere
333 991 452 1058 debeat
466 989 571 1057 libras
581 995 710 1057 eentum
726 1011 786 1074 pro
802 1009 866 1056 uno
882 1009 1003 1071 mense,
1019 995 1053 1053 et
1070 988 1187 1055 deinde

67 1097 203 1163 inantea
228 1097 334 1164 libras
358 1103 489 1165 centum
505 1100 539 1164 in
554 1117 685 1178 mense;
710 1104 744 1165 et
759 1118 818 1181 per
842 1095 1098 1164 dominationem
1114 1119 1187 1182 ope·

66 1211 156 1285 retur,
179 1205 269 1289 quod
294 1205 352 1272 alii
379 1205 454 1287 duo,
479 1205 536 1290 qui
561 1211 638 1272 sunt
656 1203 745 1288 facti,
761 1204 802 1271 de
817 1204 882 1272 isto
899 1203 1019 1272 salario
1035 1205 1187 1272 similiter

68 1316 298 1379 contententur.

1 1499 2 1507 ἵ
162 1417 273 1504 Capta
289 1445 295 1486 :
311 1419 359 1486 Et
382 1420 495 1486 statim
520 1419 681 1488 scribatur
705 1417 836 1504 prefato
856 1418 993 1484 domino
1022 1419 1186 1503 Episcopo

1 1525 2 1604 Ῑ
65 1522 291 1610 Vesprimensi,
317 1526 514 1595 notificando
530 1527 592 1594 sibi
609 1533 704 1611 parte
730 1531 854 1610 nostra,
869 1527 1010 1611 qualiter
1028 1526 1186 1592 intellexi·

64 1651 127 1697 mus
142 1653 200 1716 per
217 1633 414 1700 relationem
430 1640 616 1700 nostrorum
633 1633 893 1702 Ambaxatorum
909 1633 1009 1700 verba
1019 1654 1079 1698 sus
1089 1652 1186 1716 super

1 1755 2 1826 ζ
64 1737 140 1804 lucto
155 1747 270 1806 nostre
287 1741 459 1807 ambaxate
480 1740 803 1826 solemnismiotende
818 1740 863 1806 ad
878 1738 1044 1806 dominum
1060 1736 1186 1825 Regem

64 1867 115 1928 pro
130 1844 253 1912 honore
270 1852 305 1910 et
320 1845 405 1911 bono
430 1845 602 1928 utriusque
628 1847 732 1930 pertis
749 1851 806 1912 :et
828 1847 1044 1930 regratiamur
1067 1845 1128 1912 sibi
1145 1845 1185 1912 de

1 1979 2 2012 ;
65 1953 142 2019 bona
157 1951 335 2036 voluntate
352 1973 451 2037 quam
467 1954 509 2020 ad
524 1953 588 2019 hoo
603 1953 725 2020 habere
735 1952 873 2019 videtur.
889 1951 1185 2032 Etidaonolentes,

1 2069 2 2138 ᾗ
65 2062 144 2143 quod
168 2082 230 2146 pro
256 2068 351 2148 parte
376 2069 491 2128 nostra
516 2069 641 2128 tantum
668 2061 788 2128 bonum
814 2060 955 2143 deficiat,
971 2061 1185 2146 disposuimus

1 2245 2 2250 ἵ
63 2171 186 2236 mictere
213 2177 343 2238 nostros
370 2170 528 2236 solemnes
552 2167 796 2236 Ambaxatores
811 2168 854 2236 ad
869 2167 1010 2253 Regiam
1028 2168 1186 2235 Maiesta-

1 2262 2 2300 ³
62 2281 129 2358 tem,
144 2283 201 2364 qui
217 2279 374 2346 velociter
389 2300 424 2345 ee
439 2285 561 2363 parent
574 2299 635 2362 pro
652 2277 759 2345 eundo
775 2279 819 2345 ad
829 2278 944 2358 locum,
960 2277 1001 2343 de
1018 2295 1083 2362 qno
1098 2277 1184 2344 idem

1 2439 2 2464 p
62 2383 200 2452 dominus
217 2387 405 2472 Episcopus
429 2386 625 2453 mentionem
650 2385 739 2468 facit,
761 2385 915 2454 videlicet
930 2384 1119 2452 Ariminum
1133 2385 1184 2452 vel

61 2493 240 2560 Forlirium.
272 2492 385 2577 Quare
402 2494 574 2578 specialem
589 2493 742 2560 fiduciam
763 2499 911 2576 gerentes
927 2491 968 2558 de
983 2493 1184 2577 paternitate

63 2619 115 2666 sua
129 2600 189 2668 hoc
204 2602 271 2669 sibi
288 2602 458 2668 notificare
474 2601 643 2685 voluimus,
659 2609 696 2668 ut
712 2602 753 2668 de
769 2601 830 2667 hoc
846 2599 999 2668 notitiam
1013 2600 1093 2666 dare
1108 2622 1184 2685 pos·

1 2714 2 2789 j
62 2707 100 2771 sit·
113 2709 242 2776 domino
259 2709 357 2792 Regi,
366 2713 400 2774 et
411 2709 510 2774 etiam
527 2709 621 2775 nobis
635 2708 833 2794 respondere
849 2729 947 2794 super
956 2706 1114 2792 predictis
1124 2729 1185 2793 per

62 2824 236 2896 presentem
253 2817 408 2883 nuncium
423 2822 581 2897 nostrum,
598 2817 811 2901 quamcitius
827 2837 897 2883 esse
913 2820 1030 2901 potest

248 2960 285 3022 (A
298 2959 437 3011 velenezel
451 2959 579 3012 »Secreta
592 2961 706 3013 consilii
719 2959 990 3030 Regnorum-bol.)

494 3427 496 3430 .
584 3373 657 3434 233.

2 3483 3 3572 ἶ
61 3527 87 3591 1.
103 3529 199 3618 ιαμ
214 3529 1180 3619 mapparasrepmrecousinistampoqua.1347.

160 3689 310 3758 Olemens
334 3690 519 3777 Episcopus
546 3710 660 3756 seruus
686 3711 855 3756 seruorum
880 3689 943 3756 Dei
959 3689 1131 3757 karissimo
1146 3689 1181 3756 in

3 3885 5 3894 ‚
62 3793 182 3864 Christo
197 3797 266 3866 filio
281 3798 409 3866 Karolo
425 3798 511 3882 Regi
521 3799 743 3866 Romanorum
753 3797 875 3864 illustri
884 3796 1024 3863 salutem
1041 3803 1073 3863 et
1089 3794 1180 3882 Apo·

3 3989 7 3998 Ι
61 3905 200 3972 stolieam
224 3907 493 3974 benedictionem.
519 3907 658 3974 Dilectis
682 3904 759 3973 filiis
783 3905 989 3992 Marquardo
1020 3903 1179 3971 Bamber-

61 4015 143 4094 gensi
158 4022 191 4082 et
205 4014 344 4082 Nicolao
360 4016 401 4082 de
416 4015 653 4101 Lucemburgo,
670 4013 804 4083 Saccen.
825 4013 1003 4097 Pragensis
1019 4012 1180 4093 Diocesis,

62 4117 232 4206 Capeliano
248 4129 360 4190 nostro
377 4122 557 4209 Prepesitis
583 4124 645 4190 stb.
669 4123 883 4191 Oelsitudinis
900 4121 970 4189 'l'ue
985 4121 1120 4188 Nuntiis
1136 4121 1179 4187 ad

61 4248 113 4296 nos
136 4237 177 4297 et'
193 4230 421 4318 Apostolicam
446 4229 565 4298 Sedem
594 4232 774 4312 destinetis,
798 4229 1060 4315 presentatisque
1084 4227 1178 4296 nobis

61 4356 111 4418 per
125 4359 179 4405 eos
193 4339 314 4408 litteris
328 4339 394 4404 tuis
409 4340 470 4406 stb.
487 4338 642 4408 Ceterum
658 4345 696 4405 ut
711 4343 745 4403 te
761 4359 825 4404 non
841 4338 968 4403 lateant
983 4357 1031 4419 ea,
1049 4356 1112 4420 que
1128 4357 1178 4403 su·

4 4433 5 4446 ¹
58 4445 111 4524 'per
125 4448 263 4531 negotiis
278 4445 410 4514 Nicolai
435 4446 609 4514 Laurentii
634 4447 715 4514 ciuis
740 4445 893 4529 Romani,
918 4443 976 4530 qui
1002 4465 1037 4512 se
1061 4443 1178 4512 Tribu-

63 4571 129 4618 num
144 4555 297 4640 intitulat,
322 4561 397 4624 aeta
420 4562 498 4622 sunt
521 4562 554 4620 et
579 4563 742 4644 aguntum
766 4555 848 4620 scire
863 4559 896 4618 te
911 4552 1065 4636 volumus,
1088 4552 1177 4638 quod
