3254 5260
596 377 691 448 1343.
1177 377 1217 448 29

40 545 42 624 i
130 553 218 626 Clissie
239 569 267 626 et
290 560 459 628 Scardona
472 561 625 644 Comites,
636 562 691 644 qui
718 560 805 625 dicto
827 561 957 626 domino
977 559 1061 626 Duci
1077 569 1109 626 et
1125 560 1220 626 Corn-

40 685 42 760 ᾖ
130 671 196 734 muci
218 671 420 738 Veneciarmru
445 672 478 736 in
503 691 624 754 guerra
649 673 713 736 ista
733 692 767 734 so
783 671 991 748 adheserunt,
1007 677 1040 734 et
1056 670 1220 752 Egregius

40 777 42 786 ’
130 783 155 840 et
174 785 267 858 potens
281 781 327 846 vir
343 778 493 846 dominus
510 775 690 860 Gregorius
708 775 826 841 Comes
843 776 1014 855 Corbarie,
1031 782 1064 841 et
1081 774 1222 860 quilibet

40 921 42 926 -
128 883 239 966 ipsorum
261 909 327 952 cum
352 887 501 952 omnibns
526 884 687 967 gentibus,
703 886 831 964 castris,
848 886 945 949 terris
961 893 993 950 et
1009 886 1090 948 locis
1106 884 1172 948 suis
1188 887 1221 948 et

40 979 41 1040 Ϊ
96 983 99 990 ’
129 990 267 1056 rmuslibet
275 993 426 1075 ipsorum,
436 992 502 1056 sint
519 997 553 1056 et
576 1011 646 1058 esse
663 990 804 1056 debeant
823 992 856 1054 in
869 990 957 1056 dicta
973 1011 1061 1074 pace,
1078 991 1172 1054 ateis
1189 995 1222 1052 et

129 1115 213 1160 sorum
233 1097 355 1164 cuilibet
381 1103 414 1162 et
449 1096 600 1177 gentibus
635 1097 711 1176 suis,
733 1097 861 1169 castris.
892 1098 989 1162 terris
1006 1103 1040 1161 et
1059 1096 1139 1162 locis
1157 1115 1222 1161 scr-

129 1205 183 1266 uri
195 1201 294 1268 debeat
303 1225 362 1287 per
371 1203 538 1287 predictos
549 1201 709 1269 Comitem
722 1201 755 1266 N
757 1203 919 1285 elipcinm,
936 1209 969 1268 et
986 1203 1055 1268 eius
1072 1207 1222 1286 nepotem

40 1291 41 1322 ³
127 1303 254 1374 Comitem
275 1308 533 1390 Constantinum,
558 1317 591 1375 et
616 1315 727 1392 gentes
743 1317 775 1375 et
792 1331 868 1374 suos
884 1329 1046 1392 sequaces,
1062 1315 1095 1374 et
1111 1331 1222 1376 eorum

130 1415 279 1496 quemlibet,
300 1437 367 1498 pax
384 1416 575 1500 supradicta
594 1418 628 1480 in
644 1417 792 1482 omnibus
809 1423 842 1480 et
857 1437 915 1498 per
932 1417 1041 1481 omnia
1057 1423 1091 1482 ct
1107 1417 1166 1482 sub
1183 1416 1223 1480 il·

40 1533 42 1604 g
130 1520 161 1584 lis
173 1524 256 1604 penis,
268 1523 542 1606 promissionibus,
553 1523 818 1608 obligationibus,
837 1531 870 1588 et
889 1522 1024 1588 cautelis
1039 1523 1224 1607 supraposi-

40 1611 41 1650 ³
127 1627 167 1709 tis,
178 1635 204 1693 et
216 1651 334 1714 quepro
344 1631 445 1697 terris
455 1630 650 1697 ettidelibus
665 1632 746 1697 dicti
762 1631 885 1696 domini
903 1629 1006 1695 Ducis
1023 1637 1057 1695 et
1072 1627 1224 1695 Commu-

40 1763 41 1774 2
129 1732 166 1798 nis
179 1733 372 1803 Veneriorum
387 1736 523 1802 inferius
539 1743 747 1821 ponerentur.
763 1735 932 1803 Dantibus
949 1739 1029 1822 ipsis
1045 1737 1226 1803 nichilomi-

131 1859 176 1903 nus
203 1848 231 1906 ct
244 1865 345 1910 corum
372 1842 522 1925 quolibet
546 1845 646 1909 talem
662 1844 767 1924 fidem,
784 1845 959 1911 iussionem
977 1867 1034 1910 seu
1050 1845 1167 1928 pignus
1184 1843 1224 1910 de

130 1965 179 2010 non
191 1948 362 2016 offendendo
379 1952 504 2018 dictum
518 1951 682 2016 dominum
695 1950 882 2035 Nelipcium
899 1951 1068 2032 Comitem,
1080 1959 1112 2017 et
1128 1973 1227 2035 nepo·

40 2045 42 2134 j
131 2059 188 2136 tem,
201 2061 230 2120 et
251 2065 372 2139 gentem
396 2064 429 2123 et
444 2079 597 2140 sequaces
623 2079 745 2140 eorum,
771 2059 868 2142 quale
894 2061 945 2125 vel
964 2059 1070 2142 qualis
1095 2059 1228 2124 dabitur

40 2199 42 2262 ξ
131 2180 177 2241 per
197 2162 300 2230 dictum
320 2164 481 2231 Comitem
500 2163 686 2249 Nelipcium
702 2166 937 2248 supradictum,
954 2173 986 2231 et
1002 2167 1029 2231 si
1044 2167 1123 2231 dare
1139 2188 1228 2232 recu·

40 2263 41 2348 J
133 2275 232 2350 sarent,
246 2271 304 2336 siut
319 2277 413 2337 extra
432 2293 554 2355 pacem.

40 2355 42 2394 ⁵
218 2375 290 2444 Item
316 2399 389 2446 cum
405 2379 548 2464 dampna
564 2381 645 2446 data
671 2379 944 2446 Scibinicensibus
961 2403 1019 2464 per
1034 2381 1157 2446 dictum
1173 2380 1229 2446 do·

40 2479 42 2566 t
131 2477 228 2546 minum
250 2481 403 2550 Comitem
428 2484 624 2569 Nelipcium,
639 2494 673 2552 et
688 2493 840 2569 nepotem
859 2507 952 2552 suurn
969 2486 1129 2551 Comitem
1146 2485 1229 2552 Con·

40 2645 42 2660 ,
132 2589 285 2674 sterlinum,
308 2599 341 2658 ct
356 2599 471 2676 gentes
488 2613 573 2674 suas,
589 2599 704 2660 taxata
718 2593 840 2658 fuerint
855 2613 912 2677 per
928 2595 1107 2678 Egregium
1123 2600 1157 2660 et
1172 2615 1227 2658 no·

134 2691 212 2762 bilem
231 2700 326 2766 virum
342 2700 508 2768 dominum
530 2701 680 2768 Marcum
706 2699 865 2768 Cornario
882 2701 1108 2769 honorabilem
1124 2699 1231 2767 Comi-

41 2865 42 2886 ,
132 2805 183 2865 tem
203 2802 342 2874 Scibinici
367 2808 401 2872 in
426 2809 518 2875 libris
544 2809 729 2892 quindecim
760 2808 902 2874 millibus
927 2830 1112 2892 parvorum,
1138 2813 1230 2874 cuius

41 2899 43 2940 ³
136 2910 245 2986 pecunie
257 2915 418 2997 quantitas
434 2937 492 2999 per
509 2915 646 2982 formam
663 2917 753 2998 pacis
771 2937 874 3000 nuper
889 2921 1032 2982 tractate
1048 2923 1079 2981 et
1102 2915 1230 2980 firmate

41 3059 42 3062 ,
140 3032 196 3079 cnm
206 3018 271 3084 aliis
283 3023 509 3088 Prorisoribus
523 3023 648 3088 solvere
664 3025 869 3107 promiserat,
885 3031 917 3088 et
933 3029 1104 3088 contentus
1120 3023 1233 3086 extite-

42 3167 44 3232 ;
136 3127 185 3202 nr,
205 3129 279 3208 quod
302 3131 342 3197 de
366 3131 464 3197 dictis
490 3131 617 3196 damnis
633 3133 756 3196 taxatis
771 3131 804 3196 in
820 3131 976 3215 predictis
991 3129 1083 3195 libris
1099 3129 1233 3213 quinde-

42 3269 43 3296 ;
135 3229 184 3294 cim
192 3236 317 3306 millibus
332 3247 483 3307 teneatur
499 3242 606 3308 dictus
623 3242 774 3308 dominus
790 3242 906 3308 Comes
922 3238 1092 3322 Nelipcius
1109 3238 1233 3303 solvere

42 3353 44 3402 ῑ
138 3335 221 3403 solum
241 3342 332 3414 libras
353 3347 511 3414 tredecim
535 3349 638 3416 millia
663 3351 696 3414 in
721 3348 875 3428 denariis,
900 3370 1013 3413 verum
1030 3348 1057 3410 si
1074 3345 1230 3410 animalia

137 3440 199 3507 dare
221 3450 315 3530 vellet,
338 3455 420 3520 dare
443 3462 595 3520 teneatur
619 3447 774 3522 animalia
794 3461 845 3520 tot
860 3476 981 3538 inagna
997 3459 1030 3518 et
1046 3473 1156 3535 parva,
1172 3473 1234 3535 quc

138 3550 243 3619 valeant
263 3561 476 3641 quantitatem
505 3561 690 3645 predictam
721 3562 877 3628 tredecim
901 3561 1039 3626 millium
1064 3558 1233 3638 librarum,

140 3673 188 3735 quc
208 3680 273 3726 vcro
295 3666 452 3731 animalia
468 3670 618 3733 extimari
635 3668 776 3734 debeant
792 3691 850 3751 per
865 3675 933 3732 tres
950 3667 1160 3732 extimatores
1176 3685 1236 3747 per

139 3758 208 3841 ipsos
231 3767 370 3840 dominos
384 3773 578 3840 Provisores
594 3775 784 3859 alligandos
815 3775 1000 3858 incipiendo
1018 3773 1097 3838 darc
1114 3772 1153 3836 de
1170 3772 1236 3835 dic·
1343 3795 1345 3802 ¹

139 3865 172 3930 tis
191 3874 366 3944 animalibus
390 3900 495 3962 usque
519 3881 642 3948 addics
667 3883 826 3947 decimum
853 3882 973 3948 mensis
990 3878 1187 3961 Septembris
1204 3883 1238 3942 et

138 3978 285 4060 complesse
296 4009 412 4070 usque
438 3989 480 4054 sd
506 3979 671 4073 integram
687 3997 719 4055 et
728 3989 912 4073 perlectam
929 3989 1125 4054 solucionem
1140 3985 1238 4051 libra·

138 4098 194 4144 rum
214 4090 422 4168 predictarum
437 4094 595 4161 tredecim
611 4096 749 4162 millium
766 4095 809 4162 ad
824 4096 998 4160 terminum
1015 4091 1239 4176 supradictum

140 4192 261 4271 supplere
276 4199 392 4266 debeat
407 4207 440 4266 et
457 4203 627 4286 complere,
642 4211 675 4268 et
691 4205 822 4287 insuper
837 4203 979 4284 dampna
996 4201 1074 4266 data
1089 4205 1165 4284 post
1183 4221 1239 4284 pa·

138 4305 373 4380 supradictam
389 4307 553 4373 firmatam
569 4310 632 4376 sibi
647 4312 864 4375 remittantur.
874 4309 942 4372 Pro
954 4329 1092 4390 quarum
1103 4304 1239 4372 duarum

141 4400 250 4472 millium
265 4411 419 4479 librarum
436 4421 468 4480 et
486 4416 624 4480 aliorum
639 4417 853 4498 dampnorum
871 4413 1023 4480 datorum
1039 4419 1114 4496 post
1129 4433 1241 4496 pacem

140 4509 289 4592 predictam
314 4523 505 4588 remissione
529 4528 682 4589 tenemur
707 4523 812 4588 dictus
831 4521 981 4588 dominus
995 4519 1163 4606 Nelipcius
1180 4517 1242 4584 Co·
