3110 5248
362 349 425 418 308
720 363 955 418 conculcarer
975 344 1142 416 comburit.

355 533 403 596 eis
419 529 626 596 tractandam
653 530 962 614 reconciliationem,
978 551 1093 615 pacem
1108 534 1143 595 et
1157 527 1367 597 concordiam
1387 545 1470 609 super
1551 539 1553 580 ῑ

356 638 506 706 omnibus
532 645 565 704 et
588 637 725 724 singulis
741 639 878 726 guerris,
894 637 1016 720 litibus,
1031 639 1214 722 discordiis,
1231 644 1265 704 et
1282 635 1471 718 differentiis,

355 765 417 831 que
442 745 601 814 hactenus
625 749 712 814 inter
736 748 920 833 predictum
945 747 1113 814 dominum
1137 745 1265 832 Regem
1291 752 1324 812 et
1339 743 1472 812 subditos

355 875 440 938 suos,
454 861 487 921 et
502 875 561 922 nos
576 877 616 922 ac
632 856 779 922 subditos
804 862 839 921 et
853 854 1058 923 habitatores
1083 861 1212 922 nostros
1238 852 1471 938 quomodolibet
1551 927 1553 950 Ι

355 983 448 1032 verse
463 961 589 1046 forent;
615 963 732 1032 dantes
757 964 879 1050 eisdem
895 965 1016 1032 nostris
1041 963 1220 1032 Nobilibus
1234 972 1268 1030 et
1283 961 1415 1031 cuilibet
1429 981 1473 1027 eo·
1551 953 1553 1012 Ψ

355 1093 429 1137 rum
456 1073 586 1158 plenam
620 1073 787 1140 licentiam
811 1080 844 1139 et
867 1072 1006 1140 liberam
1040 1079 1237 1158 potestatem
1263 1069 1474 1140 concordandi
1551 1091 1553 1170 J

355 1188 515 1267 perpetuo
540 1180 592 1248 rel
617 1181 660 1249 ad
683 1188 811 1267 tempus
837 1179 1040 1248 differentias
1056 1183 1273 1268 supradictas,
1289 1189 1324 1248 et
1339 1181 1423 1267 ipsas
1437 1178 1474 1245 ad

354 1307 473 1372 reram,
489 1311 606 1376 puram
622 1297 655 1357 et
670 1293 860 1358 continuam
871 1313 928 1358 seu
943 1292 1159 1376 temporalem
1169 1311 1285 1376 pacem
1301 1287 1475 1358 reducendi,

355 1398 390 1463 in
420 1399 563 1466 animam
595 1405 744 1466 nostram
770 1398 915 1483 jurandi,
941 1398 1185 1484 promissiones,
1209 1399 1425 1465 instrumenta
1446 1402 1476 1461 st

356 1507 536 1592 scripturas
560 1507 726 1592 quaslibet
751 1512 931 1592 oportunae
947 1515 1124 1593 propterea
1149 1507 1302 1588 faciendi,
1327 1513 1360 1572 et
1382 1505 1475 1592 pacis·

356 1615 459 1698 cendi,
474 1635 514 1681 ac
528 1620 694 1700 treuguas,
708 1622 740 1681 et
755 1617 865 1683 omnia
881 1624 915 1682 et
940 1616 1069 1702 singula
1083 1615 1236 1698 faciendi,
1260 1635 1325 1699 que
1350 1612 1477 1700 quilibet

356 1723 423 1790 veri
447 1729 656 1807 tractatores,
680 1733 912 1808 procuratores
938 1731 970 1790 et
996 1725 1120 1809 syndici
1136 1723 1244 1791 facere
1258 1730 1394 1808 possent
1407 1743 1476 1807 quo·

357 1833 535 1901 modolibet
550 1834 601 1900 rel
626 1833 792 1917 deberent,
817 1841 850 1901 et
866 1856 930 1919 que
946 1835 1151 1919 nosmetipsi
1175 1857 1248 1902 cum
1264 1833 1387 1901 nostris
1401 1831 1476 1898 Con·

356 1943 439 2008 siliis
455 1942 563 2008 facere
588 1962 765 2026 possemus.
790 1942 1025 2010 Promittantes
1050 1943 1147 2010 firma
1172 1948 1299 2009 et'rata
1314 1941 1433 2009 habere
1447 1947 1476 2005 et

356 2055 476 2130 tenere,
492 2071 682 2134 quecunque
699 2072 758 2135 per
774 2051 944 2135 predictos
970 2052 1120 2138 syndicus
1136 2058 1275 2134 nostros,
1288 2057 1477 2117 tractatores

357 2180 412 2224 seu
428 2165 664 2243 procuratores,
690 2179 746 2226 seu
773 2159 951 2242 quemlibet
979 2181 1091 2227 eorum
1107 2166 1263 2243 tractata,
1278 2159 1435 2245 promisse
1449 2161 1477 2222 et

356 2267 487 2333 firmata
502 2265 623 2332 fuerint
639 2267 673 2330 in
700 2267 866 2350 predictis.
882 2267 925 2332 ln
951 2289 1090 2353 quorum
1105 2269 1248 2334 omnium
1264 2267 1360 2334 fidem
1375 2273 1408 2334 et
1423 2267 1477 2330 eri-

357 2373 500 2441 dentiam
526 2372 701 2457 pleniorem
727 2381 895 2458 presentes
920 2377 1050 2442 litteras
1075 2376 1145 2442 fieri
1173 2377 1338 2460 jussimus,
1368 2393 1476 2458 easque

355 2481 457 2548 nostri
483 2482 580 2564 sigilli
612 2481 756 2565 plumbei
780 2483 957 2548 munimine
981 2483 1142 2552 roborari.
1167 2483 1294 2551 Datum
1319 2486 1474 2550 innostro

356 2586 478 2656 Ducali
525 2588 649 2674 palatio
677 2587 975 2660 MOOOXLVIII.
1001 2590 1178 2658 indictione
1209 2592 1318 2677 prima
1336 2591 1386 2656 die
1418 2585 1476 2654 ΠΙ.

359 2697 514 2780 Augusti.

464 2841 659 2900 bracarum«
674 2843 706 2894 v.
717 2843 775 2894 uos
790 2848 819 2895 rr
829 2849 849 2894 1.
864 2845 926 2910 rev,
951 2845 1100 2910 »copiane
1114 2846 1473 2898 commemorarentur.

359 2935 384 2983 2.
397 2945 419 2980 r.
435 2935 494 2980 34⁰.
510 2933 574 2992 lev.)
1543 2938 1548 2953 '

358 3105 453 3193 Eyn
477 3108 907 3192 fcgyvcrsnt‘rnstrbl
930 3112 1109 3200 I.Lajos
1133 3133 1315 3201 magyar
1337 3112 1475 3196 kirtly
1540 3066 1548 3227 ξ

553 3220 1304 3308 reszsrelkssznltokmsny.1348.

465 3340 506 3408 In
534 3341 661 3409 Christi
684 3347 814 3412 nomine
841 3346 956 3412 Amen.
987 3346 1087 3414 Anno
1118 3348 1314 3416 Nativitatis
1345 3343 1474 3414 eiusdem

357 3447 659 3518 MOOOXLVIII.
685 3454 803 3519 mensis
829 3454 972 3538 Augusti
996 3455 1049 3521 die
1076 3455 1196 3522 Martis
1231 3453 1282 3540 V,
1313 3454 1474 3522 indictione

357 3559 465 3644 prima
479 3556 629 3625 Venetiis
645 3561 678 3624 in
695 3569 847 3628 contrata
863 3561 976 3630 Sancti
987 3563 1093 3630 Marci
1110 3565 1143 3630 in
1161 3563 1310 3631 domibus
1321 3563 1474 3630 Ecclesiae

359 3665 474 3731 Sancti
490 3665 597 3732 Marci
614 3667 771 3736 habitatis
788 3689 847 3754 per
862 3671 1089 3756 infrascriptos
1099 3669 1474 3756 Ambauatorespresen·

357 3773 448 3840 tibus
458 3773 602 3858 providis
612 3775 690 3842 viris
701 3775 885 3864 Rapbayno
901 3779 943 3846 de
960 3777 1149 3847 Obaresinis
1167 3779 1310 3850 Notario
1326 3776 1475 3847 mnam

358 3886 415 3964 pto
424 3879 528 3948 electo
538 3886 572 3946 et
582 3892 748 3968 assumpto
757 3907 817 3970 pro
827 3894 922 3972 parte
932 3888 1248 3974 infrascriptiIncliti
1257 3885 1475 3956 dominiDucis

359 3995 393 4054 ct
410 3988 599 4056 Communis
615 3989 838 4078 Venetiarum,
853 4001 886 4060 et
901 4003 1017 4082 rogato
1033 3996 1074 4063 de
1088 3995 1309 4082 infrascriptis
1337 4017 1400 4062 una
1421 4015 1474 4061 me·

360 4095 597 4163 cumJohanne
614 4096 805 4166 Christiano
824 4103 858 4168 N
859 4104 965 4168 otario
983 4103 1191 4188 infrascripto
1209 4106 1313 4171 electo
1324 4113 1474 4172 etassum·

360 4209 416 4287 pto
433 4204 465 4268 in
476 4204 652 4272 Notarium
668 4229 728 4291 pro
745 4216 841 4293 parte
858 4207 1064 4277 Serenissimi
1081 4210 1284 4296 infrascripti
1293 4209 1474 4280 dominiRe

361 4311 419 4393 gis,
435 4308 594 4378 conficere
609 4313 753 4381 eiusdem
763 4317 886 4382 tenoris
903 4317 1068 4402 publicum
1083 4319 1346 4403 instrumentum,
1355 4341 1412 4386 nec
1420 4337 1474 4384 non

360 4413 453 4482 Luca
469 4416 509 4481 de
526 4417 646 4504 Medio,
661 4421 728 4487 filio
744 4425 908 4506 quondam
924 4445 977 4492 ser
1001 4425 1131 4493 Nicolai
1148 4425 1188 4492 de
1205 4425 1317 4494 Medio
1333 4425 1365 4494 S.
1381 4424 1473 4493 Mane

360 4522 528 4606 Formosa,
554 4523 682 4592 Zanino
708 4527 825 4596 Amiso
852 4531 1015 4616 quondam
1042 4531 1197 4618 Matthei,
1215 4533 1331 4602 Marco
1346 4535 1384 4600 de
1399 4533 1473 4600 Bota
