3108 5246
1 317 62 355 ⁹
132 317 172 382 ¹*
292 405 298 410 .
373 341 437 410 340
654 359 662 367 ·
728 353 962 408 crrnouncztnr
978 343 1146 406 11111111.

373 522 461 590 tibus
487 491 590 588 'I'erre
615 519 766 602 Laboris,
792 527 827 586 et
851 521 1020 605 signanter
1044 525 1124 586 tunc
1147 520 1183 585 in
1208 515 1358 586 Ciuitate
1383 516 1494 601 Capue,

373 637 508 716 propter
523 631 635 698 hostes
651 631 685 696 in
702 627 847 696 Ciuitate
872 629 1002 696 Tbeani
1026 635 1206 713 manentes,
1222 650 1341 714 guerre
1356 627 1495 694 fremitus

373 746 504 824 urgeret
518 739 561 806 ad
577 738 762 806 extollenda
785 736 930 804 fidelium
946 738 1076 820 merita,
1093 735 1149 820 qui
1165 738 1200 802 in
1215 758 1338 822 magna
1357 743 1496 802 constan·

260 925 263 928 ¹
373 848 422 913 tia
438 847 634 929 extiterunt3
657 843 759 912 nobili
775 845 844 912 viro
860 844 1008 912 Roberto
1020 843 1061 911 de
1072 843 1191 928 Capua
1202 841 1327 911 Comiti
1337 839 1497 924 Aluuille,

374 956 494 1022 dilecto
511 955 706 1023 Consiliario
722 960 757 1020 et
773 953 861 1022 fideli
878 959 1000 1034 111111,
1020 954 1077 1037 qui
1092 953 1179 1020 inter
1195 953 1278 1020 alios
1295 953 1339 1020 ad
1352 953 1497 1020 honorem

377 1071 410 1131 et
426 1063 618 1130 fidelitatem
633 1067 780 1129 nostram
805 1068 961 1129 constans
976 1059 1010 1126 in
1025 1059 1091 1128 fide
1105 1063 1294 1146 permansit,
1309 1061 1350 1127 de
1365 1059 1456 1128 Mero
1470 1067 1499 1126 11

375 1173 483 1242 Mixto
500 1172 646 1259 Imperio
661 1195 701 1240 ac
717 1173 817 1258 gladij
835 1176 1000 1256 potestate
1018 1176 1051 1236 et
1066 1171 1293 1238 iurisdictione
1309 1173 1344 1237 in
1360 1171 1498 1237 crimina·

374 1283 460 1350 libus
475 1304 535 1367 pro
552 1305 586 1349 se
602 1289 635 1349 et
650 1283 717 1348 suis
733 1281 908 1348 heredibus
925 1280 1092 1365 quandam
1105 1281 1255 1347 cedulam
1272 1285 1419 1348 nostram
1433 1299 1498 1347 con·

380 1391 537 1458 cessimus
551 1390 750 1457 continentie
765 1388 1000 1474 subsequentis.
1552 1443 1553 1448 ,

483 1495 554 1565 Nos
578 1497 643 1565 Dei
669 1498 777 1584 gratia
792 1498 977 1566 Jerusalem
994 1503 1027 1563 et
1043 1495 1155 1564 Sicilie
1170 1496 1304 1582 Regina
1319 1498 1355 1563 in
1369 1503 1498 1565 rectaet

377 1605 489 1674 debita
505 1606 771 1674 consideratione
797 1604 961 1689 ducentes,
986 1606 1073 1690 quod
1095 1605 1208 1672 hostes
1223 1606 1280 1690 qui
1296 1605 1447 1690 Regnum
1458 1606 1498 1670 iu·

376 1720 545 1796 uexerant,
569 1720 603 1780 et
627 1715 693 1780 iam
718 1735 822 1798 usque
847 1714 1018 1781 [theanum
1043 1721 1296 1798 cesapauerant,
1321 1715 1406 1781 adeo
1421 1711 1498 1798 quod
1546 1762 1551 1771 .

377 1844 436 1908 pre
455 1822 580 1890 foribus
605 1823 775 1906 instarent,
791 1825 944 1889 sistentes
960 1831 1075 1890 contra
1091 1843 1160 1906 nos,
1177 1824 1219 1888 ad
1235 1822 1421 1889 ulteriorem
1436 1842 1498 1906 pro

377 1951 526 2016 gressum
543 1931 703 2016 compulsi
721 1939 796 1998 sunt
811 1933 930 1998 sistere
945 1938 1082 2016 propter
1101 1932 1286 2016 oppositam
1303 1932 1351 1996 eis
1368 1937 1498 1996 nostram

378 2039 559 2124 potentiam
586 2039 618 2103 in
647 2037 792 2106 Ciuitate
818 2039 931 2124 Capue
957 2040 991 2106 in
1027 2039 1186 2106 comitiae
1215 2039 1365 2106 Illustris
1390 2036 1499 2104 domini

377 2146 543 2214 Ludouici
558 2148 599 2214 de
616 2147 760 2213 Tarento
776 2148 949 2213 reuerendi
964 2146 1088 2214 domini
1103 2145 1165 2212 riri
1180 2147 1295 2228 nostri,
1305 2145 1499 2212 aduertentes

378 2255 453 2322 illos
469 2276 509 2320 ex
611 2255 645 2269 ”
724 2261 758 2321 11
773 2254 989 2339 Magnetibus
1000 2254 1097 2322 buius
1107 2253 1225 2338 Regni,
1242 2255 1300 2338 qui
1317 2275 1391 2320 cum
1400 2253 1497 2321 eodem
1553 2276 1554 2279 ¹

380 2363 513 2429 domino
528 2363 699 2430 Ludouico
724 2363 758 2429 in
783 2365 829 2430 sic
855 2364 984 2449 urgenti
1009 2385 1096 2446 casu,
1112 2362 1152 2430 de
1171 2382 1235 2446 quo
1261 2362 1363 2429 totius
1380 2361 1497 2428 subuer-

371 2472 471 2542 .si0ne
487 2471 572 2559 (tgy)
587 2473 636 2537 rei
661 2473 791 2557 puplice
814 2471 1059 2540 rationabiliter
1093 2472 1279 2552 timebatur,
1305 2493 1379 2538 cum
1404 2469 1497 2537 studio
1551 2516 1553 2519 .

385 2585 535 2665 prompte
562 2581 741 2663 fidelitatis,
766 2583 898 2667 quando
922 2582 978 2667 alij
1004 2582 1184 2666 Magnetes
1199 2585 1232 2646 et
1247 2579 1397 2648 Comites
1412 2579 1497 2645 etism

381 2690 497 2756 moniti
512 2694 546 2757 et
562 2689 694 2757 solliciti
718 2692 920 2776 negligentes
944 2691 1103 2777 comperti
1117 2699 1194 2756 sunt
1209 2691 1336 2774 pariter
1352 2696 1385 2756 et
1398 2687 1497 2756 abesa

382 2803 442 2881 tes,
466 2795 679 2862 laudabiliter
711 2797 904 2879 militarunt,
939 2819 1012 2865 cum
1045 2797 1163 2882 amplis
1187 2802 1221 2862 et
1245 2795 1496 2881 importabilibus

382 2905 621 2989 quodammodo
629 2905 910 2990 sumptibus‚sicut
918 2910 1009 2972 tante
1018 2904 1182 2989 exigentia
1193 2904 1398 2971 necesdtatis
1406 2903 1496 2988 requi·

381 3012 485 3094 rebat,
499 3013 646 3099 pericula
662 3014 815 3099 quelibet,
840 3015 906 3081 sita
931 3014 1026 3098 quasi
1051 3019 1128 3079 ante
1147 3013 1258 3080 oculos
1274 3033 1340 3081 non
1354 3017 1495 3080 verentes

382 3120 429 3189 Et
445 3123 622 3190 secuudum
646 3123 707 3190 hec
731 3124 898 3208 signanter
923 3128 1063 3206 11111111,
1088 3122 1176 3207 quod
1200 3121 1248 3207 hij
1267 3123 1324 3207 qui
1339 3117 1455 3207 pondus
1470 3125 1497 3184 et

384 3237 474 3298 estus
498 3237 647 3318 portasse
672 3239 868 3316 noscuntur,
893 3233 1028 3318 speciali
1052 3238 1166 3298 nostra
1190 3231 1393 3316 gratitudine
1416 3228 1497 3313 digni

384 3343 469 3421 sunt,
484 3360 550 3406 non
571 3339 674 3407 solum
699 3339 744 3406 ad
767 3349 945 3426 presentes,
971 3347 1020 3407 set
1045 3339 1088 3406 ad
1111 3345 1259 3425 posteros
1285 3337 1497 3423 exemplariter
1542 3376 1548 3386 -

389 3448 590 3530 transitura;
613 3448 794 3532 Magnifice
819 3450 888 3517 viro
912 3447 1063 3516 Roberto
1089 3449 1130 3514 de
1147 3447 1264 3532 Capua
1280 3447 1402 3515 Comiti
1415 3445 1497 3512 Alta·

384 3552 462 3621 uille
478 3561 538 3622 ste.
554 3558 610 3621 nni
636 3579 676 3622 ex
700 3557 914 3642 Magnetibus
931 3557 1096 3643 predictis,
1112 3558 1170 3641 qui
1185 3556 1298 3623 taliter
1316 3555 1423 3641 Capua
1437 3574 1496 3638 per-

383 3662 540 3729 sonaliter
555 3664 783 3748 interluerunt,
807 3667 840 3732 in
866 3664 1089 3733 testimonium
1104 3664 1274 3734 fidelitatis
1290 3687 1348 3732 sue
1364 3670 1397 3732 et
1410 3683 1496 3730 exem

383 3771 472 3856 plum
488 3779 601 3839 nostre
627 3775 839 3858 gratitudinis
863 3795 923 3859 pro
950 3795 984 3840 se
1000 3782 1033 3841 et
1050 3775 1116 3840 suis
1141 3773 1317 3842 heredibus
1333 3783 1391 3842 etc
1405 3770 1496 3838 stein

382 3887 577 3964 perpetuum
602 3881 636 3946 in
660 3882 808 3950 omnibus
833 3882 933 3950 terris
958 3889 991 3949 et
1015 3881 1105 3964 locis,
1130 3901 1213 3966 quas
1229 3888 1262 3948 et
1279 3903 1342 3966 que
1367 3878 1496 3948 habetis

385 3987 511 4074 Regno,
527 3994 595 4055 tam
611 3992 681 4074 ipse
697 4012 796 4076 quam
820 3991 900 4058 dieti
916 3991 1054 4057 heredes
1072 3991 1121 4056 sui
1137 3991 1228 4058 iuxto
1244 3993 1343 4058 titulo
1359 3992 1392 4058 in
1407 3995 1494 4076 poste

388 4117 460 4162 rum
469 4096 624 4180 babituri,
633 4097 764 4166 Merum
774 4107 807 4165 et
817 4099 958 4167 Mirtum
967 4098 1144 4183 Imperium
1155 4105 1188 4165 et
1197 4098 1299 4183 gladij
1312 4105 1495 4184 potestatem,

387 4209 419 4268 et
436 4205 469 4268 in
488 4201 721 4273 Criminalibus
746 4207 1002 4274 iurisdietionem
1028 4206 1206 4292 gerendam
1231 4227 1291 4291 per
1310 4229 1384 4272 eum
1399 4215 1430 4273 et
1442 4223 1496 4273 suc

384 4312 506 4378 cessino
521 4335 580 4397 per
606 4314 711 4382 dictos
738 4316 806 4382 eius
830 4314 977 4400 heredes,
1001 4337 1060 4401 per
1084 4315 1252 4382 ministros
1277 4336 1390 4382 eorum
1404 4312 1496 4380 fideles

386 4420 543 4486 discretos
560 4428 594 4486 et
608 4422 764 4505 prouidos
780 4423 930 4490 duximus
949 4426 989 4492 de
1006 4432 1095 4492 certa
1110 4431 1224 4492 nostra
1244 4424 1383 4490 scientia
1397 4431 1428 4490 et
1441 4441 1496 4506 spe·

384 4527 461 4594 ciali
476 4528 585 4612 grstia
599 4529 766 4614 premissis
791 4533 897 4598 causis
926 4533 1006 4598 satis
1032 4531 1284 4600 rationabilibus
1312 4529 1495 4616 exigentibus
