<?xml version="1.0" encoding="UTF-8"?>
<!DOCTYPE html PUBLIC "-//W3C//DTD XHTML 1.0 Transitional//EN"
    "http://www.w3.org/TR/xhtml1/DTD/xhtml1-transitional.dtd">
<html xmlns="http://www.w3.org/1999/xhtml" xml:lang="en" lang="en">
 <head>
  <title>
</title>
<meta http-equiv="Content-Type" content="text/html;charset=utf-8" />
  <meta name='ocr-system' content='tesseract 3.04.00' />
  <meta name='ocr-capabilities' content='ocr_page ocr_carea ocr_par ocr_line ocrx_word'/>
</head>
<body>
  <div class='ocr_page' id='page_1' title='image "./magyardiplomacz01wenzgoog_0205.png"; bbox 0 0 3134 5252; ppageno 0'>
   <div class='ocr_carea' id='block_1_1' title="bbox 469 365 1183 429">
    <p class='ocr_par' dir='ltr' id='par_1_1' title="bbox 469 365 1183 429">
     <span class='ocr_line' id='line_1_1' title="bbox 469 365 1183 429; baseline -0.003 -2"><span class='ocrx_word' id='word_1_1' title='bbox 469 395 474 404; x_wconf 90' lang='lat'><strong>·</strong></span> <span class='ocrx_word' id='word_1_2' title='bbox 555 368 648 429; x_wconf 82' lang='lat'>1346.</span> <span class='ocrx_word' id='word_1_3' title='bbox 1121 365 1183 426; x_wconf 78' lang='lat'>169</span> 
     </span>
    </p>
   </div>
   <div class='ocr_carea' id='block_1_2' title="bbox 1 509 1185 824">
    <p class='ocr_par' dir='ltr' id='par_1_2' title="bbox 1 509 1185 824">
     <span class='ocr_line' id='line_1_2' title="bbox 1 509 1185 636; baseline -0.003 -28"><span class='ocrx_word' id='word_1_4' title='bbox 1 509 2 578; x_wconf 39' lang='lat'>3</span> <span class='ocrx_word' id='word_1_5' title='bbox 68 543 229 626; x_wconf 88' lang='lat' dir='ltr'>periculum</span> <span class='ocrx_word' id='word_1_6' title='bbox 254 547 356 626; x_wconf 88' lang='lat' dir='ltr'>atque</span> <span class='ocrx_word' id='word_1_7' title='bbox 382 543 554 624; x_wconf 65' lang='lat' dir='ltr'>damnum</span> <span class='ocrx_word' id='word_1_8' title='bbox 571 549 691 609; x_wconf 88' lang='lat' dir='ltr'>etcum</span> <span class='ocrx_word' id='word_1_9' title='bbox 708 541 772 608; x_wconf 89' lang='lat' dir='ltr'>hiis</span> <span class='ocrx_word' id='word_1_10' title='bbox 788 549 822 610; x_wconf 90' lang='lat' dir='ltr'>et</span> <span class='ocrx_word' id='word_1_11' title='bbox 838 543 911 610; x_wconf 84' lang='lat' dir='ltr'>aliis</span> <span class='ocrx_word' id='word_1_12' title='bbox 927 543 1049 628; x_wconf 87' lang='lat' dir='ltr'>pulcris</span> <span class='ocrx_word' id='word_1_13' title='bbox 1067 541 1185 636; x_wconf 59' lang='lat' dir='ltr'>verbis,</span> 
     </span>
     <span class='ocr_line' id='line_1_3' title="bbox 1 646 1182 735; baseline 0.001 -21"><span class='ocrx_word' id='word_1_14' title='bbox 1 710 2 732; x_wconf 44' lang='lat'>,</span> <span class='ocrx_word' id='word_1_15' title='bbox 69 671 119 732; x_wconf 86' lang='lat' dir='ltr'>quc</span> <span class='ocrx_word' id='word_1_16' title='bbox 132 671 186 716; x_wconf 85' lang='lat' dir='ltr'>sue</span> <span class='ocrx_word' id='word_1_17' title='bbox 202 648 390 716; x_wconf 86' lang='lat' dir='ltr'>discretioni</span> <span class='ocrx_word' id='word_1_18' title='bbox 406 650 611 732; x_wconf 77' lang='lat' dir='ltr'>ridebuntur,</span> <span class='ocrx_word' id='word_1_19' title='bbox 627 656 780 717; x_wconf 78' lang='lat' dir='ltr'>excusent</span> <span class='ocrx_word' id='word_1_20' title='bbox 790 656 825 717; x_wconf 91' lang='lat' dir='ltr'>et</span> <span class='ocrx_word' id='word_1_21' title='bbox 839 646 993 735; x_wconf 82' lang='lat' dir='ltr'>elongent</span> <span class='ocrx_word' id='word_1_22' title='bbox 1007 671 1041 715; x_wconf 88' lang='lat' dir='ltr'>sc</span> <span class='ocrx_word' id='word_1_23' title='bbox 1058 669 1079 715; x_wconf 90' lang='lat' dir='ltr'>a</span> <span class='ocrx_word' id='word_1_24' title='bbox 1094 649 1182 716; x_wconf 89' lang='lat' dir='ltr'>facto</span> 
     </span>
     <span class='ocr_line' id='line_1_4' title="bbox 67 757 391 824; baseline 0.006 -4"><span class='ocrx_word' id='word_1_25' title='bbox 67 758 208 824; x_wconf 77' lang='lat' dir='ltr'><strong>transitus</strong></span> <span class='ocrx_word' id='word_1_26' title='bbox 222 757 391 824; x_wconf 74' lang='lat' dir='ltr'>antedicti.</span> 
     </span>
    </p>
   </div>
   <div class='ocr_carea' id='block_1_3' title="bbox 219 903 1015 1013">
    <p class='ocr_par' dir='ltr' id='par_1_3' title="bbox 219 885 1015 1013">
     <span class='ocr_line' id='line_1_5' title="bbox 219 903 1015 1013; baseline 0 -44"><span class='ocrx_word' id='word_1_27' title='bbox 219 921 256 982; x_wconf 82' lang='lat' dir='ltr'>(A</span> <span class='ocrx_word' id='word_1_28' title='bbox 271 919 402 971; x_wconf 77' lang='lat' dir='ltr'>»Secreta</span> <span class='ocrx_word' id='word_1_29' title='bbox 415 920 529 972; x_wconf 78' lang='lat' dir='ltr'>Consilii</span> <span class='ocrx_word' id='word_1_30' title='bbox 541 919 790 985; x_wconf 68' lang='lat' dir='ltr'>argutorum-bol</span> <span class='ocrx_word' id='word_1_31' title='bbox 803 921 851 970; x_wconf 83' lang='lat' dir='ltr'>Lit</span> <span class='ocrx_word' id='word_1_32' title='bbox 863 903 896 1013; x_wconf 59' lang='lat' dir='ltr'>it.</span> <span class='ocrx_word' id='word_1_33' title='bbox 910 922 964 972; x_wconf 87' lang='lat' dir='ltr'>vol.</span> <span class='ocrx_word' id='word_1_34' title='bbox 980 919 1015 984; x_wconf 91' lang='lat'>1.)</span> 
     </span>
    </p>
   </div>
   <div class='ocr_carea' id='block_1_4' title="bbox 539 1100 699 1110">
    <p class='ocr_par' dir='ltr' id='par_1_4' title="bbox 539 1100 699 1110">
     <span class='ocr_line' id='line_1_6' title="bbox 539 1100 699 1110; baseline 0.006 -2"><span class='ocrx_word' id='word_1_35' title='bbox 539 1100 699 1110; x_wconf 77' lang='lat'><strong>--—-——</strong></span> 
     </span>
    </p>
   </div>
   <div class='ocr_carea' id='block_1_5' title="bbox 1561 0 1571 1280">
    <p class='ocr_par' dir='ltr' id='par_1_5' title="bbox 1561 0 1571 1280">
     <span class='ocr_line' id='line_1_7' title="bbox 1561 0 1571 1280; baseline 0 0"><span class='ocrx_word' id='word_1_36' title='bbox 1561 0 1571 1280; x_wconf 95' lang='lat' dir='ltr'> </span> 
     </span>
    </p>
   </div>
   <div class='ocr_carea' id='block_1_6' title="bbox 584 1333 658 1396">
    <p class='ocr_par' dir='ltr' id='par_1_6' title="bbox 584 1333 658 1396">
     <span class='ocr_line' id='line_1_8' title="bbox 584 1333 658 1396; baseline 0.027 -2"><span class='ocrx_word' id='word_1_37' title='bbox 584 1333 658 1396; x_wconf 88' lang='grc'><strong>165.</strong></span> 
     </span>
    </p>
   </div>
   <div class='ocr_carea' id='block_1_7' title="bbox 1 1489 1182 1741">
    <p class='ocr_par' dir='ltr' id='par_1_7' title="bbox 1 1467 1182 1741">
     <span class='ocr_line' id='line_1_9' title="bbox 68 1489 1182 1582; baseline -0.004 -18.284"><span class='ocrx_word' id='word_1_38' title='bbox 68 1493 89 1554; x_wconf 78' lang='lat' dir='ltr'>I·</span> <span class='ocrx_word' id='word_1_39' title='bbox 102 1495 250 1560; x_wconf 80' lang='lat' dir='ltr'>Jolrunua</span> <span class='ocrx_word' id='word_1_40' title='bbox 271 1495 407 1559; x_wconf 80' lang='lat' dir='ltr'>sicilici</span> <span class='ocrx_word' id='word_1_41' title='bbox 431 1489 586 1580; x_wconf 76' lang='lat' dir='ltr'>kirdtync&#39;</span> <span class='ocrx_word' id='word_1_42' title='bbox 610 1493 814 1580; x_wconf 78' lang='lat' dir='ltr'>crazdpctoale</span> <span class='ocrx_word' id='word_1_43' title='bbox 840 1493 1091 1560; x_wconf 66' lang='lat' dir='ltr'>redemerat-ol</span> <span class='ocrx_word' id='word_1_44' title='bbox 1106 1519 1182 1582; x_wconf 77' lang='lat' dir='ltr'>pon-</span> 
     </span>
     <span class='ocr_line' id='line_1_10' title="bbox 1 1603 764 1741; baseline -0.025 -56"><span class='ocrx_word' id='word_1_45' title='bbox 1 1675 3 1741; x_wconf 48' lang='lat'>,</span> <span class='ocrx_word' id='word_1_46' title='bbox 485 1603 651 1669; x_wconf 77' lang='lat' dir='ltr'>doakodile.</span> <span class='ocrx_word' id='word_1_47' title='bbox 669 1605 764 1669; x_wconf 80' lang='lat'><em>1346.</em></span> 
     </span>
    </p>
   </div>
   <div class='ocr_carea' id='block_1_8' title="bbox 1 1759 1187 2044">
    <p class='ocr_par' dir='ltr' id='par_1_8' title="bbox 1 1759 1187 2044">
     <span class='ocr_line' id='line_1_11' title="bbox 1 1759 1187 1860; baseline -0.001 -33"><span class='ocrx_word' id='word_1_48' title='bbox 1 1795 7 1860; x_wconf 47' lang='grc' dir='ltr'><strong><em>ἶ</em></strong></span> <span class='ocrx_word' id='word_1_49' title='bbox 162 1759 318 1828; x_wconf 85' lang='lat' dir='ltr'>Johanna</span> <span class='ocrx_word' id='word_1_50' title='bbox 333 1769 392 1827; x_wconf 88' lang='lat' dir='ltr'>etc.</span> <span class='ocrx_word' id='word_1_51' title='bbox 418 1759 527 1844; x_wconf 82' lang='lat' dir='ltr'>Super</span> <span class='ocrx_word' id='word_1_52' title='bbox 552 1763 763 1846; x_wconf 82' lang='lat' dir='ltr'>reparatione</span> <span class='ocrx_word' id='word_1_53' title='bbox 789 1760 983 1828; x_wconf 79' lang='lat' dir='ltr'>Castrorum</span> <span class='ocrx_word' id='word_1_54' title='bbox 998 1761 1187 1827; x_wconf 78' lang='lat' dir='ltr'>Manfredo-</span> 
     </span>
     <span class='ocr_line' id='line_1_12' title="bbox 1 1862 1186 1954; baseline 0.004 -25"><span class='ocrx_word' id='word_1_55' title='bbox 1 1862 23 1954; x_wconf 60' lang='lat' dir='ltr'>t&#39;</span> <span class='ocrx_word' id='word_1_56' title='bbox 68 1864 120 1946; x_wconf 89' lang='lat' dir='ltr'>nie,</span> <span class='ocrx_word' id='word_1_57' title='bbox 135 1867 259 1950; x_wconf 84' lang='lat' dir='ltr'>Baroli‚</span> <span class='ocrx_word' id='word_1_58' title='bbox 275 1868 390 1952; x_wconf 81' lang='lat' dir='ltr'>Treui,</span> <span class='ocrx_word' id='word_1_59' title='bbox 414 1868 494 1934; x_wconf 87' lang='lat' dir='ltr'>Bari</span> <span class='ocrx_word' id='word_1_60' title='bbox 520 1875 620 1954; x_wconf 89' lang='lat' dir='ltr'>atque</span> <span class='ocrx_word' id='word_1_61' title='bbox 652 1870 839 1936; x_wconf 84' lang='lat' dir='ltr'>Brundusii.</span> <span class='ocrx_word' id='word_1_62' title='bbox 856 1867 1116 1938; x_wconf 83' lang='lat' dir='ltr'><strong>MOOOXLVI.</strong></span> <span class='ocrx_word' id='word_1_63' title='bbox 1134 1869 1186 1935; x_wconf 91' lang='lat' dir='ltr'>die</span> 
     </span>
     <span class='ocr_line' id='line_1_13' title="bbox 1 1972 295 2044; baseline 0.017 -7"><span class='ocrx_word' id='word_1_64' title='bbox 1 1975 2 1988; x_wconf 47' lang='lat'>,</span> <span class='ocrx_word' id='word_1_65' title='bbox 67 1972 176 2044; x_wconf 85' lang='lat' dir='ltr'>XXV.</span> <span class='ocrx_word' id='word_1_66' title='bbox 189 1975 295 2042; x_wconf 83' lang='lat' dir='ltr'>Junii.</span> 
     </span>
    </p>
   </div>
   <div class='ocr_carea' id='block_1_9' title="bbox 1 2137 1116 2206">
    <p class='ocr_par' dir='ltr' id='par_1_9' title="bbox 1 2137 1116 2206">
     <span class='ocr_line' id='line_1_14' title="bbox 1 2137 1116 2206; baseline -0.004 -13"><span class='ocrx_word' id='word_1_67' title='bbox 1 2156 2 2174; x_wconf 68' lang='lat'>³</span> <span class='ocrx_word' id='word_1_68' title='bbox 132 2137 166 2200; x_wconf 75' lang='lat' dir='ltr'>(A</span> <span class='ocrx_word' id='word_1_69' title='bbox 179 2139 261 2204; x_wconf 80' lang='lat' dir='ltr'>›Reg.</span> <span class='ocrx_word' id='word_1_70' title='bbox 276 2138 426 2204; x_wconf 77' lang='lat' dir='ltr'>Angioini«</span> <span class='ocrx_word' id='word_1_71' title='bbox 440 2138 472 2190; x_wconf 90' lang='lat' dir='ltr'>B.</span> <span class='ocrx_word' id='word_1_72' title='bbox 486 2140 547 2191; x_wconf 87' lang='grc'><strong>351.</strong></span> <span class='ocrx_word' id='word_1_73' title='bbox 561 2153 598 2191; x_wconf 81' lang='lat' dir='ltr'>ss.</span> <span class='ocrx_word' id='word_1_74' title='bbox 612 2154 636 2192; x_wconf 78' lang='lat' dir='ltr'>a.</span> <span class='ocrx_word' id='word_1_75' title='bbox 648 2139 715 2206; x_wconf 81' lang='lat' dir='ltr'>Bag.</span> <span class='ocrx_word' id='word_1_76' title='bbox 729 2140 875 2192; x_wconf 84' lang='lat' dir='ltr'>Johannae</span> <span class='ocrx_word' id='word_1_77' title='bbox 889 2140 911 2190; x_wconf 92' lang='lat'>1.</span> <span class='ocrx_word' id='word_1_78' title='bbox 925 2139 982 2190; x_wconf 84' lang='lat' dir='ltr'>k&#39;o&#39;t.</span> <span class='ocrx_word' id='word_1_79' title='bbox 997 2143 1039 2190; x_wconf 84' lang='grc'>58.</span> <span class='ocrx_word' id='word_1_80' title='bbox 1052 2141 1116 2201; x_wconf 89' lang='lat' dir='ltr'>lev.)</span> 
     </span>
    </p>
   </div>
   <div class='ocr_carea' id='block_1_10' title="bbox 72 2731 1190 2928">
    <p class='ocr_par' dir='ltr' id='par_1_10' title="bbox 72 2731 1190 2928">
     <span class='ocr_line' id='line_1_15' title="bbox 72 2731 1190 2822; baseline 0.005 -28"><span class='ocrx_word' id='word_1_81' title='bbox 72 2731 125 2795; x_wconf 85' lang='lat' dir='ltr'>Vl.</span> <span class='ocrx_word' id='word_1_82' title='bbox 138 2733 286 2799; x_wconf 74' lang='lat' dir='ltr'>Kalamon</span> <span class='ocrx_word' id='word_1_83' title='bbox 304 2733 468 2821; x_wconf 65' lang='lat' dir='ltr'>papu&#39;oulc</span> <span class='ocrx_word' id='word_1_84' title='bbox 491 2733 657 2798; x_wconf 74' lang='lat' dir='ltr'>utaaitctsu</span> <span class='ocrx_word' id='word_1_85' title='bbox 682 2757 704 2799; x_wconf 85' lang='lat' dir='ltr'>c</span> <span class='ocrx_word' id='word_1_86' title='bbox 733 2733 1034 2822; x_wconf 72' lang='lat' dir='ltr'>Mapyarorsza&#39;qba</span> <span class='ocrx_word' id='word_1_87' title='bbox 1066 2735 1190 2800; x_wconf 71' lang='lat' dir='ltr'>tutata</span> 
     </span>
     <span class='ocr_line' id='line_1_16' title="bbox 304 2841 935 2928; baseline -0.005 -22"><span class='ocrx_word' id='word_1_88' title='bbox 304 2841 444 2928; x_wconf 82' lang='lat' dir='ltr'>apostoli</span> <span class='ocrx_word' id='word_1_89' title='bbox 459 2841 642 2906; x_wconf 74' lang='lat' dir='ltr'>nucciuaok</span> <span class='ocrx_word' id='word_1_90' title='bbox 658 2845 821 2908; x_wconf 68' lang='lat' dir='ltr'>attimaro.</span> <span class='ocrx_word' id='word_1_91' title='bbox 839 2842 935 2908; x_wconf 79' lang='lat'><strong><em>1346.</em></strong></span> 
     </span>
    </p>
   </div>
   <div class='ocr_carea' id='block_1_11' title="bbox 1 2015 4 2532">
    <p class='ocr_par' dir='ltr' id='par_1_11' title="bbox 1 2015 4 2532">
     <span class='ocr_line' id='line_1_17' title="bbox 1 2015 3 2138; baseline 0 0"><span class='ocrx_word' id='word_1_92' title='bbox 1 2015 3 2138; x_wconf 88' lang='lat' dir='ltr'>l</span> 
     </span>
     <span class='ocr_line' id='line_1_18' title="bbox 1 2412 4 2532; baseline 0 0"><span class='ocrx_word' id='word_1_93' title='bbox 1 2412 4 2532; x_wconf 89' lang='lat' dir='ltr'>l</span> 
     </span>
    </p>
   </div>
   <div class='ocr_carea' id='block_1_12' title="bbox 1 3000 1193 4386">
    <p class='ocr_par' dir='ltr' id='par_1_12' title="bbox 1 2982 1193 4386">
     <span class='ocr_line' id='line_1_19' title="bbox 1 3000 1190 3086; baseline -0.001 -17"><span class='ocrx_word' id='word_1_94' title='bbox 1 3015 3 3080; x_wconf 77' lang='lat' dir='ltr'>l</span> <span class='ocrx_word' id='word_1_95' title='bbox 144 3000 320 3078; x_wconf 51' lang='lat' dir='ltr'>,Clemens</span> <span class='ocrx_word' id='word_1_96' title='bbox 351 3003 536 3086; x_wconf 82' lang='lat' dir='ltr'>Episcopus</span> <span class='ocrx_word' id='word_1_97' title='bbox 567 3006 627 3068; x_wconf 89' lang='lat' dir='ltr'>etc.</span> <span class='ocrx_word' id='word_1_98' title='bbox 658 3001 896 3069; x_wconf 84' lang='lat' dir='ltr'>venerabilibus</span> <span class='ocrx_word' id='word_1_99' title='bbox 927 3001 1085 3070; x_wconf 74' lang='lat' dir='ltr'>fininibus</span> <span class='ocrx_word' id='word_1_100' title='bbox 1110 3003 1190 3070; x_wconf 86' lang='lat' dir='ltr'>Ber·</span> 
     </span>
     <span class='ocr_line' id='line_1_20' title="bbox 70 3107 1189 3194; baseline 0.005 -21.652"><span class='ocrx_word' id='word_1_101' title='bbox 70 3111 178 3177; x_wconf 84' lang='lat' dir='ltr'>trandc</span> <span class='ocrx_word' id='word_1_102' title='bbox 194 3108 391 3178; x_wconf 86' lang='lat' dir='ltr'>Patriarche</span> <span class='ocrx_word' id='word_1_103' title='bbox 406 3107 623 3194; x_wconf 80' lang='lat' dir='ltr'>Aquilegensi</span> <span class='ocrx_word' id='word_1_104' title='bbox 647 3117 680 3175; x_wconf 89' lang='lat' dir='ltr'>et</span> <span class='ocrx_word' id='word_1_105' title='bbox 694 3109 872 3176; x_wconf 88' lang='lat' dir='ltr'>Francisco</span> <span class='ocrx_word' id='word_1_106' title='bbox 888 3111 1053 3194; x_wconf 85' lang='lat' dir='ltr'>Episcopo</span> <span class='ocrx_word' id='word_1_107' title='bbox 1070 3109 1189 3192; x_wconf 78' lang='lat' dir='ltr'>Terge-</span> 
     </span>
     <span class='ocr_line' id='line_1_21' title="bbox 70 3214 1191 3286; baseline 0.003 -5.768"><span class='ocrx_word' id='word_1_108' title='bbox 70 3217 150 3283; x_wconf 88' lang='lat' dir='ltr'>stino</span> <span class='ocrx_word' id='word_1_109' title='bbox 173 3218 313 3286; x_wconf 89' lang='lat' dir='ltr'>salutem</span> <span class='ocrx_word' id='word_1_110' title='bbox 339 3225 399 3283; x_wconf 87' lang='lat' dir='ltr'>etc.</span> <span class='ocrx_word' id='word_1_111' title='bbox 427 3215 463 3282; x_wconf 88' lang='lat' dir='ltr'>Si</span> <span class='ocrx_word' id='word_1_112' title='bbox 488 3214 628 3282; x_wconf 82' lang='lat' dir='ltr'>forsitan</span> <span class='ocrx_word' id='word_1_113' title='bbox 653 3217 856 3283; x_wconf 86' lang='lat' dir='ltr'>carissimum</span> <span class='ocrx_word' id='word_1_114' title='bbox 881 3219 916 3282; x_wconf 93' lang='lat' dir='ltr'>in</span> <span class='ocrx_word' id='word_1_115' title='bbox 942 3215 1072 3284; x_wconf 83' lang='lat' dir='ltr'>Christo</span> <span class='ocrx_word' id='word_1_116' title='bbox 1088 3217 1191 3286; x_wconf 88' lang='lat' dir='ltr'>filium</span> 
     </span>
     <span class='ocr_line' id='line_1_22' title="bbox 1 3321 1190 3414; baseline 0.001 -23"><span class='ocrx_word' id='word_1_117' title='bbox 1 3401 2 3414; x_wconf 22' lang='lat'><em>2</em></span> <span class='ocrx_word' id='word_1_118' title='bbox 71 3333 208 3392; x_wconf 87' lang='lat' dir='ltr'>nostrum</span> <span class='ocrx_word' id='word_1_119' title='bbox 222 3326 425 3393; x_wconf 84' lang='lat' dir='ltr'>Ludovicum</span> <span class='ocrx_word' id='word_1_120' title='bbox 440 3325 565 3408; x_wconf 84' lang='lat' dir='ltr'>Regem</span> <span class='ocrx_word' id='word_1_121' title='bbox 581 3321 726 3408; x_wconf 79' lang='lat' dir='ltr'>Vagarie</span> <span class='ocrx_word' id='word_1_122' title='bbox 742 3325 902 3391; x_wconf 87' lang='lat' dir='ltr'>illustrem</span> <span class='ocrx_word' id='word_1_123' title='bbox 918 3325 1066 3392; x_wconf 89' lang='lat' dir='ltr'>videritis</span> <span class='ocrx_word' id='word_1_124' title='bbox 1082 3327 1190 3409; x_wconf 91' lang='lat' dir='ltr'>dispo-</span> 
     </span>
     <span class='ocr_line' id='line_1_23' title="bbox 1 3425 1191 3518; baseline 0.001 -21"><span class='ocrx_word' id='word_1_125' title='bbox 1 3425 2 3478; x_wconf 54' lang='grc' dir='ltr'>ἲ</span> <span class='ocrx_word' id='word_1_126' title='bbox 73 3434 162 3499; x_wconf 87' lang='lat' dir='ltr'>situm</span> <span class='ocrx_word' id='word_1_127' title='bbox 178 3435 220 3502; x_wconf 88' lang='lat' dir='ltr'>ad</span> <span class='ocrx_word' id='word_1_128' title='bbox 236 3434 387 3518; x_wconf 85' lang='lat' dir='ltr'>Regnum</span> <span class='ocrx_word' id='word_1_129' title='bbox 412 3431 533 3514; x_wconf 81' lang='lat' dir='ltr'>Sicilie,</span> <span class='ocrx_word' id='word_1_130' title='bbox 564 3432 605 3498; x_wconf 88' lang='lat' dir='ltr'>de</span> <span class='ocrx_word' id='word_1_131' title='bbox 621 3439 745 3516; x_wconf 90' lang='lat' dir='ltr'>nostro,</span> <span class='ocrx_word' id='word_1_132' title='bbox 762 3438 798 3498; x_wconf 90' lang='lat' dir='ltr'>ut</span> <span class='ocrx_word' id='word_1_133' title='bbox 813 3436 923 3514; x_wconf 87' lang='lat' dir='ltr'>nostis,</span> <span class='ocrx_word' id='word_1_134' title='bbox 948 3435 1126 3500; x_wconf 86' lang='lat' dir='ltr'>consistens</span> <span class='ocrx_word' id='word_1_135' title='bbox 1144 3433 1191 3498; x_wconf 89' lang='lat' dir='ltr'>di-</span> 
     </span>
     <span class='ocr_line' id='line_1_24' title="bbox 1 3541 1192 3628; baseline 0 -22"><span class='ocrx_word' id='word_1_136' title='bbox 1 3560 4 3598; x_wconf 67' lang='lat'><em>?</em></span> <span class='ocrx_word' id='word_1_137' title='bbox 73 3550 154 3610; x_wconf 85' lang='lat' dir='ltr'>recto</span> <span class='ocrx_word' id='word_1_138' title='bbox 171 3544 322 3625; x_wconf 90' lang='lat' dir='ltr'>dominic,</span> <span class='ocrx_word' id='word_1_139' title='bbox 339 3549 372 3609; x_wconf 89' lang='lat' dir='ltr'>et</span> <span class='ocrx_word' id='word_1_140' title='bbox 389 3541 477 3628; x_wconf 89' lang='lat' dir='ltr'>quod</span> <span class='ocrx_word' id='word_1_141' title='bbox 493 3563 514 3609; x_wconf 87' lang='lat' dir='ltr'>a</span> <span class='ocrx_word' id='word_1_142' title='bbox 529 3541 623 3609; x_wconf 88' lang='lat' dir='ltr'>nobie</span> <span class='ocrx_word' id='word_1_143' title='bbox 640 3547 672 3605; x_wconf 91' lang='lat' dir='ltr'>et</span> <span class='ocrx_word' id='word_1_144' title='bbox 687 3541 838 3608; x_wconf 84' lang='lat' dir='ltr'>Ecclesia</span> <span class='ocrx_word' id='word_1_145' title='bbox 853 3541 1004 3607; x_wconf 88' lang='lat' dir='ltr'>Romana</span> <span class='ocrx_word' id='word_1_146' title='bbox 1020 3542 1192 3606; x_wconf 86' lang='lat' dir='ltr'>teneturin</span> 
     </span>
     <span class='ocr_line' id='line_1_25' title="bbox 1 3649 1191 3736; baseline 0 -23"><span class='ocrx_word' id='word_1_147' title='bbox 1 3666 2 3726; x_wconf 73' lang='lat' dir='ltr'>j</span> <span class='ocrx_word' id='word_1_148' title='bbox 73 3649 203 3736; x_wconf 85' lang='lat' dir='ltr'>lendum,</span> <span class='ocrx_word' id='word_1_149' title='bbox 217 3653 299 3719; x_wconf 82' lang='lat' dir='ltr'>velle</span> <span class='ocrx_word' id='word_1_150' title='bbox 314 3651 379 3734; x_wconf 88' lang='lat' dir='ltr'>ire;</span> <span class='ocrx_word' id='word_1_151' title='bbox 403 3672 461 3718; x_wconf 83' lang='lat' dir='ltr'>vce</span> <span class='ocrx_word' id='word_1_152' title='bbox 485 3650 536 3716; x_wconf 84' lang='lat' dir='ltr'>vel</span> <span class='ocrx_word' id='word_1_153' title='bbox 560 3650 644 3716; x_wconf 86' lang='lat' dir='ltr'>alter</span> <span class='ocrx_word' id='word_1_154' title='bbox 659 3653 810 3732; x_wconf 87' lang='lat' dir='ltr'>vestrum,</span> <span class='ocrx_word' id='word_1_155' title='bbox 827 3650 1014 3733; x_wconf 75' lang='lat' dir='ltr'>specialiter</span> <span class='ocrx_word' id='word_1_156' title='bbox 1030 3656 1075 3732; x_wconf 91' lang='lat' dir='ltr'>tu,</span> <span class='ocrx_word' id='word_1_157' title='bbox 1090 3649 1191 3714; x_wconf 85' lang='lat' dir='ltr'>frater</span> 
     </span>
     <span class='ocr_line' id='line_1_26' title="bbox 1 3743 1191 3844; baseline -0.004 -17"><span class='ocrx_word' id='word_1_158' title='bbox 1 3743 2 3827; x_wconf 55' lang='grc' dir='ltr'>ζ</span> <span class='ocrx_word' id='word_1_159' title='bbox 73 3757 261 3828; x_wconf 82' lang='lat' dir='ltr'>Patriarcha</span> <span class='ocrx_word' id='word_1_160' title='bbox 277 3759 434 3844; x_wconf 90' lang='lat' dir='ltr'>predicte,</span> <span class='ocrx_word' id='word_1_161' title='bbox 451 3760 479 3824; x_wconf 90' lang='lat' dir='ltr'>si</span> <span class='ocrx_word' id='word_1_162' title='bbox 496 3756 799 3842; x_wconf 89' lang='lat' dir='ltr'>quomodopoteris,</span> <span class='ocrx_word' id='word_1_163' title='bbox 809 3757 897 3841; x_wconf 85' lang='lat' dir='ltr'>apud</span> <span class='ocrx_word' id='word_1_164' title='bbox 912 3757 1037 3840; x_wconf 86' lang='lat' dir='ltr'>Regem</span> <span class='ocrx_word' id='word_1_165' title='bbox 1055 3756 1191 3822; x_wconf 85' lang='lat' dir='ltr'>eundern</span> 
     </span>
     <span class='ocr_line' id='line_1_27' title="bbox 1 3857 1193 3968; baseline -0.003 -38"><span class='ocrx_word' id='word_1_166' title='bbox 1 3857 10 3968; x_wconf 49' lang='grc' dir='ltr'>ᾗ</span> <span class='ocrx_word' id='word_1_167' title='bbox 74 3864 187 3934; x_wconf 64' lang='lat' dir='ltr'>ansam</span> <span class='ocrx_word' id='word_1_168' title='bbox 202 3891 240 3935; x_wconf 72' lang='lat' dir='ltr'>ac</span> <span class='ocrx_word' id='word_1_169' title='bbox 256 3867 415 3950; x_wconf 77' lang='lat' dir='ltr'>laborare,</span> <span class='ocrx_word' id='word_1_170' title='bbox 431 3866 544 3935; x_wconf 79' lang='lat' dir='ltr'>solerti</span> <span class='ocrx_word' id='word_1_171' title='bbox 559 3872 592 3932; x_wconf 75' lang='lat' dir='ltr'>a</span> <span class='ocrx_word' id='word_1_172' title='bbox 615 3863 705 3932; x_wconf 79' lang='lat' dir='ltr'>suen</span> <span class='ocrx_word' id='word_1_173' title='bbox 722 3863 872 3930; x_wconf 73' lang='lat' dir='ltr'>artiora</span> <span class='ocrx_word' id='word_1_174' title='bbox 888 3864 1067 3948; x_wconf 76' lang='lat' dir='ltr'>diligentia,</span> <span class='ocrx_word' id='word_1_175' title='bbox 1083 3863 1144 3927; x_wconf 77' lang='lat' dir='ltr'>vos</span> <span class='ocrx_word' id='word_1_176' title='bbox 1160 3869 1193 3927; x_wconf 77' lang='lat' dir='ltr'>a</span> 
     </span>
     <span class='ocr_line' id='line_1_28' title="bbox 1 3969 1189 4061; baseline -0.004 -22"><span class='ocrx_word' id='word_1_177' title='bbox 1 3973 3 4056; x_wconf 69' lang='lat' dir='ltr'>l</span> <span class='ocrx_word' id='word_1_178' title='bbox 75 3975 177 4060; x_wconf 88' lang='lat' dir='ltr'>modis,</span> <span class='ocrx_word' id='word_1_179' title='bbox 193 3976 311 4061; x_wconf 88' lang='lat' dir='ltr'>quibus</span> <span class='ocrx_word' id='word_1_180' title='bbox 325 3975 448 4042; x_wconf 83' lang='lat' dir='ltr'>valebit</span> <span class='ocrx_word' id='word_1_181' title='bbox 471 3973 585 4040; x_wconf 90' lang='lat' dir='ltr'>melius</span> <span class='ocrx_word' id='word_1_182' title='bbox 609 3973 691 4054; x_wconf 91' lang='lat' dir='ltr'>fieri,</span> <span class='ocrx_word' id='word_1_183' title='bbox 716 3979 752 4038; x_wconf 91' lang='lat' dir='ltr'>ut</span> <span class='ocrx_word' id='word_1_184' title='bbox 767 3972 827 4037; x_wconf 88' lang='lat' dir='ltr'>illa</span> <span class='ocrx_word' id='word_1_185' title='bbox 852 3993 914 4055; x_wconf 91' lang='lat' dir='ltr'>que</span> <span class='ocrx_word' id='word_1_186' title='bbox 930 3972 1140 4039; x_wconf 88' lang='lat' dir='ltr'>continentur</span> <span class='ocrx_word' id='word_1_187' title='bbox 1156 3969 1189 4034; x_wconf 92' lang='lat' dir='ltr'>in</span> 
     </span>
     <span class='ocr_line' id='line_1_29' title="bbox 1 4077 1192 4172; baseline -0.004 -26"><span class='ocrx_word' id='word_1_188' title='bbox 1 4125 4 4172; x_wconf 72' lang='lat' dir='ltr'>t</span> <span class='ocrx_word' id='word_1_189' title='bbox 76 4081 179 4152; x_wconf 86' lang='lat' dir='ltr'>cedula</span> <span class='ocrx_word' id='word_1_190' title='bbox 193 4083 371 4150; x_wconf 86' lang='lat' dir='ltr'>interclusa</span> <span class='ocrx_word' id='word_1_191' title='bbox 388 4081 601 4166; x_wconf 87' lang='lat' dir='ltr'>presentibus,</span> <span class='ocrx_word' id='word_1_192' title='bbox 615 4081 812 4148; x_wconf 86' lang='lat' dir='ltr'>mandentur</span> <span class='ocrx_word' id='word_1_193' title='bbox 829 4080 964 4146; x_wconf 88' lang='lat' dir='ltr'>realiter</span> <span class='ocrx_word' id='word_1_194' title='bbox 976 4077 1115 4158; x_wconf 84' lang='lat' dir='ltr'>effectui,</span> <span class='ocrx_word' id='word_1_195' title='bbox 1127 4083 1192 4142; x_wconf 88' lang='lat' dir='ltr'>stu-</span> 
     </span>
     <span class='ocr_line' id='line_1_30' title="bbox 1 4180 1192 4275; baseline -0.002 -23"><span class='ocrx_word' id='word_1_196' title='bbox 1 4180 2 4251; x_wconf 88' lang='lat' dir='ltr'>l</span> <span class='ocrx_word' id='word_1_197' title='bbox 78 4187 179 4257; x_wconf 88' lang='lat' dir='ltr'>deatis.</span> <span class='ocrx_word' id='word_1_198' title='bbox 194 4192 319 4258; x_wconf 87' lang='lat' dir='ltr'>Datum</span> <span class='ocrx_word' id='word_1_199' title='bbox 335 4188 423 4275; x_wconf 86' lang='lat' dir='ltr'>apud</span> <span class='ocrx_word' id='word_1_200' title='bbox 440 4189 564 4258; x_wconf 88' lang='lat' dir='ltr'>Villam</span> <span class='ocrx_word' id='word_1_201' title='bbox 575 4188 704 4254; x_wconf 88' lang='lat' dir='ltr'>Nouam</span> <span class='ocrx_word' id='word_1_202' title='bbox 717 4185 950 4252; x_wconf 81' lang='lat' dir='ltr'>Arinionensis</span> <span class='ocrx_word' id='word_1_203' title='bbox 961 4185 1109 4251; x_wconf 89' lang='lat' dir='ltr'>Diocesis</span> <span class='ocrx_word' id='word_1_204' title='bbox 1126 4183 1192 4250; x_wconf 87' lang='grc' dir='ltr'><strong>ΙΙΙ.</strong></span> 
     </span>
     <span class='ocr_line' id='line_1_31' title="bbox 1 4292 917 4386; baseline 0.001 -28"><span class='ocrx_word' id='word_1_205' title='bbox 1 4307 3 4386; x_wconf 53' lang='lat' dir='ltr'>p</span> <span class='ocrx_word' id='word_1_206' title='bbox 77 4292 672 4366; x_wconf 68' lang='lat' dir='ltr'>kalendasJuliiPontificatusnost1·i</span> <span class='ocrx_word' id='word_1_207' title='bbox 691 4318 776 4362; x_wconf 75' lang='lat' dir='ltr'>antro</span> <span class='ocrx_word' id='word_1_208' title='bbox 795 4297 917 4379; x_wconf 85' lang='lat' dir='ltr'>quinto.</span> 
     </span>
    </p>
   </div>
   <div class='ocr_carea' id='block_1_13' title="bbox 342 4457 869 4525">
    <p class='ocr_par' dir='ltr' id='par_1_13' title="bbox 342 4457 869 4525">
     <span class='ocr_line' id='line_1_32' title="bbox 342 4457 869 4525; baseline -0.004 -16"><span class='ocrx_word' id='word_1_209' title='bbox 342 4473 344 4476; x_wconf 90' lang='lat'>·</span> <span class='ocrx_word' id='word_1_210' title='bbox 379 4461 437 4520; x_wconf 84' lang='lat' dir='ltr'>(VI.</span> <span class='ocrx_word' id='word_1_211' title='bbox 450 4461 584 4513; x_wconf 85' lang='lat' dir='ltr'>Kelemen</span> <span class='ocrx_word' id='word_1_212' title='bbox 597 4459 669 4525; x_wconf 75' lang='lat' dir='ltr'>papa</span> <span class='ocrx_word' id='word_1_213' title='bbox 682 4457 869 4524; x_wconf 80' lang='lat' dir='ltr'>regesttibtl.)</span> 
     </span>
    </p>
   </div>
   <div class='ocr_carea' id='block_1_14' title="bbox 0 0 1589 5252">
    <p class='ocr_par' dir='ltr' id='par_1_14' title="bbox 0 0 1589 5252">
     <span class='ocr_line' id='line_1_33' title="bbox 0 0 1589 5252; baseline 0 0"><span class='ocrx_word' id='word_1_214' title='bbox 0 0 1589 5252; x_wconf 95' lang='lat' dir='ltr'> </span> 
     </span>
    </p>
   </div>
  </div>
 </body>
</html>
