3220 5248
348 219 413 282 568
697 233 933 280 nrsnousczmr
949 223 1118 280 suntuna.

347 401 503 481 precepto
520 395 642 460 domini
659 393 761 478 Regis
780 393 843 458 sibi
858 393 956 475 facto,
972 415 1071 476 quam
1086 386 1214 463 iustitia
1230 402 1263 462 et
1278 395 1400 463 honore
1411 419 1483 478 suo,

348 504 411 570 sibi
437 503 568 588 placeat
592 503 762 588 providere
787 502 899 568 taliter
916 524 1014 587 super
1028 504 1125 570 dictis
1142 506 1292 588 querelis,
1309 506 1397 590 quod
1413 506 1481 590 ipsi
1599 515 1601 564 f

347 613 453 678 nostri
477 611 589 677 fideles
615 617 650 677 et
675 631 832 696 sequaces
857 633 990 678 causam
1007 633 1071 676 non
1088 611 1232 679 habeant
1247 615 1386 680 ulterius
1404 637 1482 680 con·
1599 613 1601 686 ἓ

348 719 514 804 querendi,
545 720 628 786 sicut
659 721 699 786 de
714 721 787 804 ipso
803 717 898 803 plene
930 739 1108 804 speramua
1140 720 1186 786 nt
1217 742 1404 806 proponens
1438 722 1485 786 eis
1597 723 1601 752 ⁴

348 827 480 910 negotia
505 825 667 892 dictorum
693 826 971 911 conquerencium,
997 827 1172 894 cuiuslibet
1190 848 1250 912 pro
1268 851 1311 910 se,
1326 828 1484 895 videlicet

349 935 498 1018 querelas
529 933 654 1000 Marini
686 933 726 999 de
758 931 927 1001 Canaruto
958 941 992 1001 et
1023 935 1112 1002 Zove
1146 936 1187 1002 de
1218 936 1341 1018 Pholo,
1358 936 1484 1002 lactum

348 1043 495 1110 Nicoleti
520 1043 560 1107 de
584 1041 744 1123 Auantio,
768 1041 890 1108 factum
915 1065 968 1109 ser
986 1042 1149 1110 Johannis
1168 1040 1313 1129 Georgia
1329 1045 1408 1110 olim
1424 1044 1486 1110 Oo-
1599 1129 1601 1138 Ι

349 1151 437 1220 mitis
463 1150 612 1235 Gurzole,
638 1157 672 1218 et
697 1150 847 1230 aliorum,
873 1153 929 1234 qui
956 1158 1205 1236 conquerentur.
1229 1153 1389 1220 Preterea
1405 1154 1487 1236 quia
1597 1147 1601 1242 ξ

349 1260 581 1345 possessiones,
608 1281 691 1344 quas
708 1261 816 1326 nostri
834 1261 918 1325 cives
934 1265 968 1325 et
984 1259 1097 1326 fideles
1113 1261 1237 1326 habent
1252 1261 1340 1327 intra
1358 1258 1486 1328 Ciuita-

349 1377 399 1434 tes
416 1368 521 1434 Jadre
537 1375 570 1432 et
587 1368 690 1448 None,
707 1367 826 1433 debent
842 1389 902 1452 per
917 1366 1056 1433 formam
1072 1369 1163 1451 pacis
1180 1369 1340 1451 extimari,
1351 1374 1385 1433 et
1400 1369 1486 1436 sobi

350 1480 406 1554 eis,
431 1475 565 1558 rogabis
589 1475 693 1559 ipsum
720 1475 859 1556 Beuum,
884 1475 973 1561 quod
989 1497 1088 1560 super
1104 1477 1166 1542 hoc
1181 1483 1285 1560 ponat
1300 1477 1434 1543 modum
1451 1485 1487 1542 et
1599 1555 1601 1570 Ι

350 1583 496 1648 ordinem
521 1582 578 1666 ita,
598 1583 685 1668 quod
702 1583 875 1650 extimeoio
891 1583 959 1666 fiat,
975 1593 1009 1648 et
1025 1583 1112 1666 quod
1128 1584 1271 1650 habeant
1286 1584 1379 1664 illud,
1393 1587 1483 1669 quod
1596 1571 1601 1652 ἶ

350 1693 470 1759 babere
496 1692 624 1758 debent.
650 1689 815 1777 Quicquid
840 1697 951 1759 autem
973 1691 1137 1772 habueris,
1152 1692 1267 1758 feceris
1283 1697 1316 1757 et
1332 1694 1488 1776 senseriS,
1599 1673 1601 1710 Γ

351 1798 444 1865 nobis
470 1799 594 1865 scribas
620 1820 720 1882 qnam
746 1801 848 1864 cicius
873 1822 943 1866 esse
968 1807 1086 1884 potest,
1111 1807 1146 1866 et
1165 1806 1314 1884 expectes
1330 1807 1485 1868 nostrum
1599 1869 1601 1872 .

352 1908 552 1988 mundatum,
578 1915 614 1974 ut
629 1907 691 1973 tibi
708 1908 823 1974 melius
839 1908 996 1974 videatur.
1012 1908 1173 1975 Dedimus
1190 1909 1254 1975 tibi
1268 1910 1396 1975 litteras
1413 1933 1484 1976 cre·
1600 1907 1601 1984 ζ

352 2017 502 2083 dulitatis
517 2017 613 2083 Bano
629 2022 662 2082 et
676 2018 889 2101 regiminibus
904 2017 930 2086 J
931 2019 1020 2101 adra,
1035 2025 1072 2084 ut
1087 2020 1191 2103 possis
1201 2040 1385 2102 procurare,
1395 2021 1484 2087 sicut
1599 2031 1601 2046 ¹

352 2125 510 2211 expediet,
525 2127 587 2192 tibi
603 2128 783 2194 commissa.

460 2233 586 2300 Datum
601 2235 636 2299 in
651 2242 764 2302 nostro
781 2235 889 2300 ducali
905 2235 1034 2320 palacio
1050 2235 1103 2301 die
1118 2242 1238 2321 quarto
1248 2233 1370 2320 Aprili,
1380 2235 1480 2306 XIV.

356 2344 555 2410 indictionis.

840 2473 999 2482 ———.

883 2691 958 2752 415.

357 2851 1480 2938 0111131111111υεῑεηοκεὶἰὶεἷιάν,1ἱῖ.[1111111191111111111111
1536 2919 1540 2927 ,
1599 2803 1601 2840 ἶ

655 2959 820 3040 kttldetett,
828 2961 985 3044 jeleate'so
1001 2983 1023 3023 a
1039 2959 1181 3045 doqdbez.
1599 2953 1601 2978 ‘

462 3118 674 3186 Serenissime
700 3117 842 3188 Domine
858 3121 909 3184 mi.
926 3118 992 3184 Per
1008 3120 1119 3203 plures
1136 3141 1225 3186 meas
1241 3119 1371 3188 litteras
1386 3123 1480 3188 datas

355 3231 390 3294 in
407 3229 523 3294 itinere
540 3233 574 3291 et
595 3228 712 3292 missas
727 3248 787 3310 per
803 3228 940 3292 nuncius
957 3228 1116 3310 speciales
1133 3227 1249 3308 omnia,
1265 3249 1329 3311 que
1345 3229 1483 3296 feceram
1598 3215 1601 3262 ⁴

355 3345 388 3402 et
411 3335 602 3416 habueram,
627 3334 780 3400 Dominio
805 3332 926 3402 Vestro
953 3336 1115 3415 denotavi,
1148 3342 1181 3401 et
1207 3335 1398 3403 solicitando
1424 3359 1482 3421 pro

353 3465 449 3530 posse
475 3445 538 3508 iter
564 3463 680 3522 meum,
704 3447 774 3507 tum
800 3449 935 3526 propter
959 3443 1132 3525 induciam,
1157 3465 1255 3528 quam
1271 3445 1485 3528 opportebam
1599 3483 1601 3530 3

354 3555 463 3620 facere
488 3575 549 3638 pro
576 3551 710 3618 sciendo
737 3550 776 3616 de
803 3552 892 3617 novis
918 3553 1010 3618 iuxta
1034 3560 1177 3618 vestrum
1192 3553 1394 3637 mandatum,
1409 3554 1485 3638 quis
1599 3553 1601 3636 f

354 3685 458 3748 parva
482 3663 563 3727 hora
588 3659 719 3725 inducie
746 3661 829 3726 satis
854 3660 992 3726 dilectat
1017 3659 1058 3725 dc
1083 3668 1332 3746 temperatum
1356 3669 1486 3747 propter

356 3791 514 3855 equorum
540 3767 744 3834 debilitatem
768 3768 869 3833 cicius
895 3789 993 3852 quem
1019 3767 1133 3835 diebus
1158 3775 1283 3854 septem
1308 3791 1329 3834 a
1356 3771 1409 3836 die
1423 3769 1483 3834 mei
1599 3763 1601 3870 j

355 3899 500 3945 recessus
526 3878 566 3942 de
597 3875 746 3942 Terrisio
779 3881 858 3960 aput
889 3876 1034 3942 Neustat
1068 3877 1243 3962 applicare·
1270 3878 1411 3961 nequivi,
1434 3878 1487 3944 ubi
1599 3875 1601 3888 ,

356 3984 569 4074 congegraoio
584 4004 704 4068 magna
719 3983 870 4068 gencium
887 3989 960 4048 erat
976 4004 1076 4050 causa
1091 3984 1233 4051 faciendi
1248 4006 1350 4050 unum
1366 3987 1485 4051 tornia-

356 4101 500 4162 mentum
526 4102 559 4160 et
585 4092 661 4158 dum
688 4128 963 4140 ——————
985 4093 1107 4158 bantur
1126 4115 1185 4177 per
1201 4115 1323 4172 omnes,
1340 4092 1419 4175 quia
1434 4093 1486 4158 do-

355 4206 461 4270 minus
477 4203 549 4268 Rex
565 4201 738 4287 Hungarie
753 4201 800 4266 ibi
817 4198 959 4266 debebat.
972 4201 1084 4266 venire
1100 4201 1143 4265 ad
1159 4201 1284 4266 dictum
1299 4200 1421 4266 festum
1438 4200 1486 4266 die

355 4314 479 4382 Martis
504 4311 625 4380 XVII.
651 4311 770 4376 mensis
793 4308 954 4376 instantis.
981 4306 1058 4393 Qua
1081 4308 1136 4375 die
1158 4310 1242 4376 bora
1257 4310 1364 4376 tercia
1380 4330 1487 4376 omues
1599 4339 1601 4378 ς

358 4425 514 4506 ceperunt
538 4420 700 4502 recedere,
725 4425 758 4486 et
783 4416 883 4483 nichil
899 4416 1022 4484 factum
1038 4415 1111 4499 fuit,
1127 4417 1274 4500 dicendo,
1292 4419 1382 4500 quod
1399 4417 1485 4484 indu·
1599 4399 1601 4458 Ὗ
