3110 5248
583 391 679 454 rsus.
1126 395 1191 490 aas

8 563 10 568 ’
76 561 215 634 Nostram
229 566 387 644 venturis,
405 573 439 632 et
455 587 565 633 eorum
582 567 811 647 familiaribus,
822 573 855 634 et
870 569 966 635 rebus
978 575 1047 638 tam
1058 570 1091 634 in
1102 571 1190 644 voni·

76 675 145 742 ando
159 677 220 741 hnc
242 674 287 742 ad
311 673 392 755 Nos,
408 697 506 760 quam
521 676 598 742 hinc
614 677 806 757 recedendo,
831 698 890 761 per
913 682 1020 744 totum
1036 677 1188 763 Regnum

74 791 205 850 ausuum
228 792 342 850 tenore
367 785 569 868 presencium
585 784 714 868 plenam
739 783 904 850 licentiam
931 785 1189 856 obsecuritatem

7 941 9 954 .
74 891 270 973 concedimus,
285 891 495 975 presentibus
511 912 615 975 usquc
631 912 690 975 per
706 897 808 958 toturn
820 913 964 958 mensem
980 891 1066 977 Maji
1080 895 1187 977 proxi·

74 1020 116 1064 mc
138 999 277 1064 futurum
302 998 531 1064 tantummodo
556 997 716 1064 valituris.
742 997 834 1065 Data
859 997 1002 1084 Neapoli
1027 1001 1061 1066 iu
1077 1007 1189 1067 nostro

7 1135 8 1140 ¹
73 1107 166 1190 Regio
175 1105 294 1172 Castro
305 1103 404 1171 Nouo
415 1105 468 1171 die
479 1102 561 1171 XV.
570 1107 689 1171 mensis
698 1105 875 1174 'Februarii
887 1108 946 1174 sub
962 1128 1047 1173 anno
1057 1107 1191 1178 Domini

7 1211 8 1218 '
72 1210 474 1297 MCOGXLVHIprimc
489 1213 681 1278 indicciuuis
690 1211 881 1297 Regnorum
890 1220 1075 1280 nostrorum
1092 1197 1187 1282 Hun-

72 1322 150 1404 garie
164 1339 246 1387 auno
262 1326 362 1398 sextu
379 1317 567 1386 Jerusalem
582 1326 616 1385 et
630 1316 742 1388 Sicilie
758 1341 844 1386 anno
860 1321 975 1404 primo.

7 1535 8 1538 Ἴ
167 1467 354 1526 (Avolenczci
377 1466 480 1528 »copia
507 1467 540 1518 da
564 1467 803 1522 commemoriali«
831 1467 920 1524 aarum
946 1467 1174 1534 alrauikuuyvbul

5 1545 11 1626 l
72 1558 111 1610 1v.
123 1560 174 1612 rou
189 1561 211 1608 a.
224 1571 245 1608 r.
262 1559 323 1606 aas.
351 1557 415 1619 rev.)

544 1716 595 1728 ...-

4 2039 8 2210 l
69 2117 248 2184 Acamans·
265 2120 542 2207 kermdoylanclca
557 2121 800 2207 fcpyuarelcuelc
826 2119 969 2184 crocala
988 2117 1188 2205 oochelycci

334 2226 447 2291 latoria
472 2227 618 2290 &saniei
636 2228 779 2292 Moatralc.
806 2227 902 2290 1348

159 2384 554 2455 AunoMCCCXLVII.
580 2387 632 2452 die
652 2385 791 2452 XVIIL
812 2384 995 2451 Februarii.
1013 2381 1176 2469 Capta:

3 2497 5 2546 l
68 2493 151 2578 Quod
165 2495 296 2580 quidam
312 2492 431 2560 Comes
447 2491 628 2576 Gregorius
639 2491 866 2577 Goysclarich,
882 2489 1040 2576 Voyroda
1056 2492 1178 2558 domini

69 2603 141 2668 Bani
164 2601 281 2671 Βοεηε,
307 2601 347 2666 da
373 2623 436 2683 quo
465 2601 557 2667 nobis
583 2600 697 2666 scribit
727 2596 844 2665 (lomes
875 2606 987 2666 noster
1017 2597 1172 2684 Tragurii

67 2712 157 2792 possit
179 2709 353 2776 extrahere
369 2715 419 2774 tot
444 2728 538 2774 arma
555 2707 596 2772 de
621 2706 780 2786 Venetis,
804 2727 867 2791 qua
894 2705 1025 2773 valeant
1042 2705 1178 2776 ducatos

68 2821 187 2896 cenum,
210 2815 367 2883 solvendo
383 2816 507 2882 datium
524 2817 630 2881 nostri
647 2815 845 2882 Communis.

158 2962 192 3024 (A
207 2964 315 3016 »Mirum
331 2963 421 3014 czimtl
434 2963 572 3012 velenczai
587 2962 766 3025 allarnlrbuyv
781 2959 882 3012 XXIV.
898 2959 1059 3022 irascebar.)

578 3381 651 3442 246.

2 3534 100 3614 Aa
115 3540 136 3603 l
147 3541 243 3628 Lujos
259 3541 578 3626 ooupyarkirrilyboz
595 3541 719 3605 kitldiltt
733 3540 882 3603 ucleuccci
899 3538 1089 3604 kbuetelcnelc
1107 3549 1179 3602 uta·

2 3668 3 3684 ¹
492 3650 603 3712 sitrico
640 3649 731 3711 1348.

154 3812 250 3874 Anno
264 3806 544 3875 MCCOXLVII.
561 3807 613 3870 dic
629 3803 771 3873 XVIII.
795 3804 981 3870 Februarii.
1005 3801 1170 3886 Capta:

2 3944 3 4002 ᾗ
63 3916 183 3996 quadiu
207 3919 334 3984 Christi
351 3915 480 3982 nomine
504 3917 585 3980 fiant
600 3922 668 3980 tres
694 3911 938 3981 Ambaxatores
966 3912 1114 3994 solepnas
1134 3910 1177 3974 ad

64 4019 210 4090 dominum
240 4025 367 4109 Regem
399 4023 571 4104 Hungarie
606 4022 665 4087 stb.
690 4019 920 4104 intelligendo,
955 4017 1041 4102 quod
1073 4015 1177 4081 nostri

2 4158 3 4162 ¹
64 4127 290 4198 Ambaxatores
309 4132 434 4197 saciant
463 4131 547 4194 hunc
579 4129 759 4209 introitum,
783 4133 816 4191 et
848 4126 958 4191 dicant
990 4125 1050 4190 hec
1076 4123 1177 4189 verba

2 4323 3 4326 Ἴ
64 4237 195 4327 (nostia),
211 4243 316 4324 primo
337 4261 474 4324 persone
494 4236 625 4321 proprie
643 4236 765 4300 domini
781 4233 895 4317 Regis,
911 4241 945 4298 ct
961 4233 1004 4297 ad
1020 4231 1081 4298 hoc
1097 4231 1175 4296 laei-

64 4352 109 4410 aut
124 4369 212 4430 posse
227 4369 330 4413 suum.
355 4345 420 4413 Sed
446 4347 474 4410 si
501 4344 649 4410 domiuus
665 4342 738 4408 Rex
764 4342 886 4407 diceret
905 4339 955 4405 rol
973 4337 1036 4405 dici
1052 4337 1176 4404 faceret

64 4454 220 4532 quodaliis
236 4461 423 4539 occupatus,
448 4477 501 4518 eos
528 4450 743 4536 personaliter
772 4472 836 4515 uon
861 4457 972 4533 posset
997 4448 1046 4512 rel
1074 4445 1175 4511 nollet

2 4634 3 4638 Ἰ
56 4560 169 4646 audire,
192 4571 222 4628 et
241 4563 339 4629 uellet
364 4565 411 4626 eis
438 4561 518 4626 dare
543 4565 752 4638 tractatores,
779 4567 811 4623 at
837 4579 901 4621 uon
918 4558 961 4621 sit
976 4553 1097 4620 bonum
1112 4574 1171 4638 per
